3392 5084
472 526 531 583 306
777 519 855 569 Liber
871 519 904 567 V.
942 519 988 582 (Δ.
999 534 1027 567 u.
1038 534 1060 567 c.
1070 522 1142 578 364.)

398 709 487 763 4ιιοιι
508 704 686 763 intermissus
707 704 801 761 honos
824 702 908 760 deum
930 702 1137 761 immortalium
1160 709 1253 772 esset;
1281 700 1345 757 ludi
1374 698 1480 774 Capito·
1514 661 1520 746 Ι

429 811 478 869 lini
500 812 609 879 fierent,
632 808 711 883 quod
732 808 864 885 Iuppiter
881 808 1008 885 optimus
1022 806 1167 867 maximus
1182 824 1265 863 suem
1286 805 1387 862 sedem
1409 814 1482 878 atque
1512 807 1520 842 ·“

430 933 526 981 arcam
546 913 648 989 populi
661 912 787 971 Romani
808 914 843 993 in
859 932 891 970 re
911 914 1026 990 trepida
1044 921 1154 971 tutatus
1169 922 1263 1000 esset3
1284 911 1483 986 collegiumque
1511 889 1522 1022 Ι

431 1020 470 1079 ad
491 1037 556 1077 sam
583 1037 645 1077 rem
672 1017 714 1075 M.
737 1016 844 1075 Furius
876 1019 1002 1078 dictator
1027 1017 1216 1079 constitueret
1246 1036 1284 1075 ex
1305 1017 1359 1087 iis,
1390 1016 1484 1092 quiin
1511 1025 1522 1098 Ι

401 1122 578 1199 sospitolio
606 1131 694 1198 etque
717 1140 783 1181 erce
803 1122 976 1181 habitarent.
1023 1122 1186 1198 Expiendoe
1213 1121 1301 1179 etiam
1326 1122 1408 1180 vocis
1426 1140 1484 1178 noc·
1512 1113 1519 1188 Ι

431 1239 536 1299 turum,
566 1246 631 1304 quae
656 1226 759 1285 nuntia
787 1224 879 1285 cladis
909 1236 976 1285 ente
1000 1229 1107 1286 bellum
1129 1227 1276 1286 Gallicum
1305 1227 1409 1285 audito
1427 1245 1484 1301 neg·
1513 1213 1519 1256 Ι

441 1343 564 1409 ectaque
586 1342 670 1403 esset,
696 1332 802 1391 mentio
824 1332 915 1403 illuto,
936 1334 1104 1409 iussumque
1123 1332 1264 1408 templum
1283 1332 1317 1389 iu
1339 1334 1429 1391 Nova
1446 1333 1485 1388 vie
1511 1321 1524 1408 Ι

398 1441 417 1497 6
442 1440 499 1497 Αἰο
519 1438 642 1499 Locutio
663 1440 734 1499 fieri.
776 1441 903 1510 Aurum,
933 1440 1011 1515 quod
1036 1438 1133 1498 Gallis
1153 1447 1282 1514 ereptum
1313 1447 1381 1497 erat
1409 1439 1486 1513 quod·
1511 1419 1523 1504 Ι

440 1564 497 1620 que
518 1564 554 1602 ex
576 1544 640 1603 aliis
661 1545 775 1620 templis
794 1545 870 1602 inter
891 1545 1112 1621 trepidationem
1141 1545 1172 1602 in
1199 1543 1281 1601 Iovis
1311 1544 1417 1601 callam
1440 1542 1487 1599 col·
1522 1563 1523 1594 i

438 1652 538 1721 latum,
560 1669 660 1725 quum,
679 1650 709 1707 in
732 1669 795 1725 quae
816 1650 918 1709 referri
931 1656 1087 1726 oporteret,
1109 1648 1232 1708 confuso
1252 1649 1400 1707 memoria
1418 1656 1488 1710 esset
1522 1670 1525 1704 ι

401 1761 545 1813 lescrum
567 1773 653 1813 omne
673 1754 831 1814 iudicatum
854 1766 884 1814 et
903 1758 957 1815 sub
979 1756 1059 1814 Iovis
1081 1754 1153 1813 selle
1166 1753 1239 1830 poni
1259 1753 1388 1815 iussum.
1432 1751 1485 1808 Iam

432 1868 499 1919 ante
519 1860 549 1917 in
570 1879 605 1917 eo
625 1859 727 1935 religio
754 1860 878 1920 civitatis
898 1869 1084 1937 apparuerat,
1106 1860 1194 1935 quod,
1216 1878 1307 1935 quum
1331 1856 1364 1916 in
1385 1856 1487 1933 publico
1512 1879 1524 1942 Ι

431 1966 544 2023 deesset
573 1984 691 2036 aurum,
721 1985 758 2023 ex
786 1984 844 2039 quo
873 1984 988 2023 summa
1015 1973 1108 2040 pectoe
1137 1964 1281 2022 mercedis
1304 1962 1406 2023 Gallis
1432 1980 1488 2019 con·
1512 1951 1520 2036 Ι

431 2071 521 2142 fieret,
543 2088 561 2127 ιι
584 2068 724 2128 metronis
743 2070 878 2129 collatum
902 2080 1084 2145 acceperant,
1113 2079 1146 2127 ut
1167 2088 1251 2127 sucro
1275 2087 1351 2127 auro
1376 2041 1519 2150 abstine-i

430 2184 518 2233 retur.
577 2175 719 2234 Matronis
751 2174 853 2250 gratim
883 2184 969 2244 actm,
1000 2175 1152 2249 honosque
1174 2174 1309 2242 additus,
1346 2184 1381 2230 ut
1402 2189 1489 2230 esrum
1523 2209 1526 2242 Ι

401 2281 504 2339 8siout
524 2282 652 2339 virorum
675 2290 742 2357 post
763 2290 885 2339 mortem
898 2279 1046 2338 sollemnis
1067 2280 1198 2339 laudatio
1220 2286 1306 2337 assat
1357 2278 1416 2335 His
1436 2294 1490 2351 per·
1522 2316 1526 2322 -

430 2387 512 2457 actis,
537 2406 601 2462 quae
623 2386 659 2445 ad
682 2387 751 2444 deos
773 2386 957 2463 pertinebant
979 2404 1101 2459 quasque
1127 2402 1180 2459 per
1206 2393 1346 2443 senatum
1369 2383 1421 2458 agi
1446 2400 1490 2456 po·
1523 2431 1525 2442 .

430 2500 534 2561 terant,
555 2500 615 2549 tum
637 2491 768 2561 demum,
801 2489 978 2566 agitantibus
999 2489 1121 2547 tribunis
1141 2488 1256 2566 plebem
1280 2487 1411 2545 assiduis
1433 2505 1490 2543 ooo·
1514 2493 1527 2588 Ι

430 2598 570 2666 tionibus,
598 2606 629 2655 ut
650 2595 756 2653 relictis
778 2596 868 2653 ruinis
889 2595 919 2652 in
950 2596 1051 2653 urbem
1081 2603 1215 2671 paratam
1238 2594 1334 2650 Veios
1366 2592 1492 2651 transmi-
1516 2623 1527 2678 Ι

430 2710 562 2777 gnorent,
594 2700 624 2759 in
657 2699 819 2758 contionem
853 2701 988 2759 universo
1010 2710 1113 2758 senatu
1133 2710 1330 2774 prosequente
1363 2699 1493 2758 escendit.
1518 2733 1526 2772 q

431 2813 518 2880 utque
539 2806 581 2862 ita
601 2806 693 2863 verba
717 2804 795 2863 fecit.
1517 2809 1526 2886 ζ

517 2911 621 2979 „Adeo
643 2911 713 2969 mihi
736 2912 848 2969 acerbae
869 2919 944 2980 sunt,
966 2910 1109 2983 Quirites,
1133 2911 1334 2969 contentiones
1364 2930 1432 2970 cum
1452 2910 1496 2967 tri·
1519 2941 1526 2996 q

431 3015 515 3073 bunis
536 3016 637 3091 plebis,
659 3024 691 3071 ut
712 3034 764 3072 nec
780 3015 941 3091 tristissimi
962 3014 1055 3073 exsilii
1076 3015 1210 3073 solatium
1235 3014 1317 3073 aliud
1339 3017 1495 3082 habuerim,
1521 3015 1526 3084 Ι

432 3121 530 3194 quoad
551 3121 658 3179 Ardeae
687 3120 766 3190 vixi,
799 3138 886 3195 quam
918 3120 995 3195 quod
1026 3120 1127 3195 procul
1155 3121 1193 3177 ab
1222 3120 1268 3177 his
1290 3121 1496 3178 certaminibus

432 3244 521 3296 eram,
543 3236 571 3283 et
593 3228 630 3284 ob
653 3226 753 3282 eadem
778 3226 839 3283 haec
860 3244 919 3282 non
940 3225 965 3281 si
986 3224 1089 3282 millies
1110 3225 1204 3282 senati
1227 3224 1363 3281 consulto
1386 3226 1496 3301 populi·

401 3332 489 3403 ique
517 3330 595 3387 iussu
625 3330 811 3400 revocaretis,
839 3330 983 3387 rediturus
1013 3348 1141 3405 uuquam
1169 3329 1283 3389 fuerim.
1337 3332 1405 3389 Nec
1426 3304 1497 3389 nuuc

433 3452 487 3504 me,
509 3445 541 3492 ut
563 3436 696 3506 redirem,
718 3452 783 3493 mea
804 3434 940 3491 voluntas
964 3443 1084 3505 mutata,
1105 3436 1157 3493 sed
1178 3445 1278 3493 vestre
1299 3434 1424 3494 fortuna
1437 3454 1498 3511 per·

431 3539 517 3614 pulit3
540 3541 655 3616 quippe,
677 3540 754 3597 utin
770 3558 824 3597 sua
839 3539 909 3595 sede
924 3549 1053 3597 maneret
1066 3539 1176 3617 patria,
1204 3538 1234 3595 id
1257 3543 1416 3613 agebatur,
1445 3560 1497 3597 non

432 3652 464 3699 ut
485 3645 653 3719 agentique
668 3645 697 3701 in
713 3645 809 3720 patria
830 3662 932 3705 essem.
965 3645 1005 3701 Et
1019 3664 1094 3703 nuuc
1117 3644 1293 3719 quiescerem
1317 3666 1354 3703 ac
1373 3657 1497 3705 tacerem

431 3750 564 3825 libenter,
593 3749 648 3807 nisi
678 3751 739 3809 haec
761 3766 878 3823 quoque
898 3744 952 3823 pro
973 3750 1070 3824 patria
1090 3749 1237 3807 dimicatio
1259 3758 1353 3819 essem
1383 3753 1432 3810 cui
1454 3752 1498 3807 de·

433 3872 505 3925 esse,
526 3856 623 3929 quoad
644 3856 706 3912 vita
720 3862 865 3930 suppetat.
888 3854 951 3913 aliis
974 3863 1065 3930 turpe,
1088 3853 1211 3913 Camillo
1228 3855 1318 3913 etiam
1339 3856 1429 3915 nefas
1449 3868 1498 3914 est

402 3960 510 4033 3Quid
532 3960 605 4017 enim
635 3957 817 4036 repetiimus,
851 3959 920 4033 quid
957 3961 1105 4019 obsessam
1139 3980 1176 4019 ex
1209 3959 1337 4019 hostium
1366 3962 1499 4020 manibus

434 4065 599 4141 eripuimus,
621 4066 645 4123 si
659 4074 860 4141 recuperatam
881 4066 937 4141 ipsi
958 4065 1136 4125 deserimus?
1157 4066 1197 4124 Et
1218 4084 1318 4140 quum,
1338 4067 1499 4125 victoribus

434 4170 538 4242 Gallis,
558 4174 644 4246 capla
665 4180 728 4229 tota
750 4172 831 4241 urbe,
853 4169 1029 4246 Capitolium
1050 4181 1148 4231 tamen
1169 4181 1256 4247 atque
1278 4189 1378 4230 omem
1403 4173 1499 4247 diique

435 4283 462 4331 et
484 4274 762 4333 homines'Romani
785 4277 928 4333 tenuerint
951 4273 1185 4352 [habitaverint],
1205 4276 1367 4333 victoribus
1386 4280 1498 4336 Rome·
