3392 5084
454 530 490 587 12
876 526 954 577 Liber
971 528 994 579 1.

408 712 606 788 gregebantur
627 711 752 786 undique
775 712 813 768 ad
834 712 872 769 T.
894 710 1022 781 Tatium,
1043 728 1141 786 regem
1163 708 1353 781 Sabinam,
1376 720 1407 768 et
1431 712 1478 767 le-

408 820 539 895 gationes
562 837 614 889 eo,
648 819 726 894 quod
756 818 915 876 maximum
940 816 1020 875 Tatii
1048 835 1153 875 nomeu
1179 816 1210 873 in
1236 816 1272 875 iis
1298 817 1476 893 regionibus

410 935 482 996 erat,
500 925 720 982 conveniebant

377 1036 396 1092 2
492 1029 674 1089 Caeninenses
695 1030 929 1106 Crustuminique
951 1038 980 1088 et
1001 1031 1192 1087 Antemnates
1219 1037 1309 1100 erant,
1332 1029 1370 1087 ad
1393 1047 1476 1104 quos

410 1135 471 1193 eius
491 1136 602 1195 iniuria
624 1156 692 1215 pars
713 1138 886 1213 pertinebat.
935 1137 1026 1193 Lente
1053 1152 1140 1210 agere
1167 1134 1202 1192 iis
1224 1135 1328 1193 Tatius
1350 1135 1475 1195 Sabini·

410 1262 465 1317 que
486 1243 541 1300 visi
561 1253 645 1314 sunt;
674 1244 730 1320 ipsi
759 1243 834 1300 inter
860 1261 891 1300 se
919 1251 977 1300 tras
1009 1241 1110 1317 populi
1140 1242 1329 1299 communiter
1359 1241 1475 1299 bellum

376 1354 523 1424 3parant.
567 1350 615 1407 Ne
636 1348 813 1407 Crustumini
835 1350 950 1423 quidem
973 1357 1060 1423 atque
1081 1350 1273 1406 Antemnates
1294 1366 1348 1422 pro
1361 1348 1475 1405 ardore

408 1454 509 1528 ireque
530 1452 741 1515 Caeninensium
762 1456 833 1512 setis
849 1474 881 1513 se
897 1456 1019 1531 impigre
1030 1464 1163 1522 movent3
1184 1453 1227 1510 ita
1246 1471 1299 1527 per
1319 1471 1350 1510 se
1371 1453 1474 1528 ipsum

377 1568 512 1622 ‹lnomen
541 1558 690 1617 caninum
721 1560 751 1617 in
782 1557 895 1636 agrum¹
910 1562 1074 1620 Romanum
1101 1560 1240 1635 impetum
1263 1559 1342 1616 facit.
1410 1558 1474 1618 Sed

409 1665 499 1724 effusa
523 1666 704 1724 vastantibus
733 1667 765 1723 fit
797 1667 900 1723 obvius
922 1684 986 1723 cum
1012 1666 1139 1723 exercitu
1160 1665 1317 1736 Romulus,
1348 1665 1472 1742 levique

409 1773 565 1831 certamine
587 1773 686 1844 docet,
717 1791 824 1829 venam
856 1773 917 1831 sine
946 1772 1055 1859 qiribus
1077 1770 1149 1828 iram
1172 1789 1244 1828 csse.
1298 1770 1472 1829 Exercitum

407 1878 502 1937 fundit
522 1876 677 1953 fugatque,
703 1877 799 1935 fusum
821 1879 1016 1953 persequitur3
1044 1896 1142 1953 regem
1163 1878 1193 1933 in
1214 1876 1324 1952 proelio
1347 1877 1473 1935 obtrun-

409 1994 457 2042 cat
477 1993 506 2041 et
526 1984 647 2059 spoliat3
669 1987 743 2043 duce
766 1984 893 2041 hostium
916 1985 1020 2055 coebo,
1045 1985 1145 2041 urbem
1166 1982 1261 2059 primo
1282 1983 1392 2057 impetu
1418 2002 1472 2041 ca-

379 2090 460 2165 tpit
506 2090 579 2147 Iuda
601 2093 728 2149 exercitu
752 2091 862 2149 victore
875 2088 1004 2159 reducto,
1026 2090 1097 2166 ipse,
1116 2106 1204 2163 quum
1219 2086 1304 2146 factis
1319 2088 1365 2147 vir
1383 2108 1470 2165 mag-

409 2196 510 2253 nificus
531 2205 592 2253 tum
613 2196 756 2258 factorum
779 2203 939 2254 ostentator
959 2194 1038 2251 haud
1059 2196 1167 2272 minor,
1193 2193 1287 2269 spolia
1309 2194 1389 2255 ducis
1413 2196 1471 2253 ho-

409 2303 495 2360 stium
528 2304 593 2361 cesi
625 2322 765 2380 suspensa
791 2301 934 2359 fabricato
959 2300 996 2356 ad
1028 2300 1059 2357 id
1086 2308 1153 2375 apte
1181 2297 1290 2357 ferculo
1312 2318 1416 2376 gerens
1439 2303 1471 2358 in
1538 2282 1539 2285 Ἴ

410 2407 585 2484 Capitolium
608 2410 748 2479 escendit3
780 2408 880 2481 ibique
901 2424 941 2462 ea·
958 2423 1046 2479 quum
1070 2407 1107 2463 ad
1140 2424 1276 2481 quercum
1298 2406 1469 2482 pastoribus

409 2532 522 2571 sacram
544 2515 740 2591 deposuisset,
767 2513 852 2571 simul
879 2532 944 2570 oum
966 2512 1042 2570 dono
1071 2512 1233 2587 designavit
1254 2513 1362 2588 templo
1384 2513 1468 2570 Iovis

377 2622 480 2679 6fines
518 2638 735 2694 cognomenque
765 2618 877 2676 eddidit
910 2618 974 2675 deo.
1026 2618 1176 2694 „Iuppiter
1196 2618 1328 2676 Feretri“
1361 2618 1467 2693 inquit

412 2728 491 2796 „haec
511 2726 564 2783 tibi
585 2726 679 2783 victor
702 2724 843 2783 Romulus
864 2743 924 2782 rex.
944 2724 1025 2801 regia
1051 2745 1133 2783 arma
1153 2725 1234 2797 fero,
1267 2716 1467 2800 templumque
1537 2732 1538 2795 ξ

408 2833 453 2889 his
474 2831 649 2907 regionibus,
670 2848 743 2905 quas
767 2831 855 2887 modo
878 2830 974 2887 animo
995 2839 1119 2888 metatus
1140 2850 1213 2901 sum,
1235 2829 1346 2897 dedico,
1367 2829 1469 2886 sedem
1537 2804 1538 2817 ἵ

409 2938 512 3013 opimis
534 2937 649 3012 spoliis,
688 2956 766 3011 qua,
795 2936 912 3011 regibus
940 2936 1269 3012 ducibusqmaehostium
1292 2936 1390 3007 casis,
1420 2954 1468 2993 me

380 3047 556 3099 leuctorem
586 3054 737 3117 sequentes
766 3044 874 3118 posteri
902 3042 1024 3102 ferent.“
1069 3042 1140 3100 Hae'c
1171 3043 1271 3118 templi
1300 3052 1344 3099 est
1371 3043 1467 3118 origo,

410 3149 488 3223 quod
518 3149 641 3223 primum
670 3150 799 3207 omnium
828 3150 928 3206 Romae
956 3159 1101 3206 sacratum
1122 3158 1173 3206 est.
1218 3150 1265 3207 Ita
1286 3149 1390 3207 deinde
1411 3149 1467 3205 diis

409 3255 520 3324 visum,
548 3273 602 3312 nec
624 3254 736 3311 irritam
758 3253 915 3313 conditoris
939 3254 1038 3329 templi
1058 3273 1159 3311 vocem
1180 3272 1251 3326 esse,
1274 3274 1332 3329 qua
1352 3255 1465 3312 laturos
1536 3278 1537 3281 ¹

338 3346 371 3370 ''
410 3380 444 3417 eo
466 3361 560 3435 spolia
580 3372 713 3436 posteros
735 3359 921 3434 nuncupavit,
940 3378 993 3416 nec
1014 3360 1195 3418 multitudine
1217 3369 1383 3435 compotum
1405 3360 1467 3415 eius

409 3467 477 3523 doni
499 3466 612 3541 vulgari
633 3467 758 3524 leudem.
802 3466 878 3523 Bina
898 3474 1000 3539 postea
1024 3465 1098 3522 inter
1124 3473 1168 3523 tot
1190 3482 1297 3536 annos,
1324 3475 1368 3521 tot
1390 3464 1468 3522 bella

412 3572 511 3646 opima
532 3581 618 3646 parta
638 3581 705 3628 sunt
723 3572 830 3647 spolia3
864 3572 938 3628 adeo
958 3590 1026 3628 rara
1048 3572 1108 3628 eius
1131 3570 1248 3629 fortuna
1269 3570 1381 3628 decoris
1402 3568 1466 3627 fuit.

206 3680 210 3685 ’
313 3672 349 3741 ll
492 3678 571 3735 Dum
593 3678 689 3769 ea'ibi
710 3678 835 3736 Romani
856 3687 972 3753 gerunt,
1000 3678 1219 3735 Antemnatium
1246 3678 1389 3734 exercitus
1416 3697 1468 3753 per

410 3784 590 3840 occasionem
615 3803 649 3841 ac
671 3784 852 3841 solitudinem
874 3783 1016 3840 hostiliter
1046 3784 1075 3839 in
1100 3785 1171 3841 fines
1192 3785 1342 3842 Romanos
1371 3783 1467 3839 incur·

410 3888 520 3945 sionem
540 3888 618 3949 facit.
661 3890 778 3964 Raptim
801 3899 830 3945 et
852 3889 888 3945 ad
910 3890 963 3945 hos
984 3890 1119 3947 Romana
1139 3888 1215 3964 legio
1241 3890 1329 3946 ducta
1352 3888 1467 3963 palatos

378 3996 395 4051 2
409 3994 439 4053 in
462 3995 540 4070 agris
552 3996 703 4072 oppressit.
746 3996 818 4052 Fosi
834 3994 922 4069 igitur
935 3995 1029 4070 primo
1040 3993 1148 4069 impetu
1170 4003 1199 4050 et
1213 3993 1339 4051 clamore
1353 3995 1468 4063 bostes;

412 4100 550 4176 oppidum
572 4110 706 4177 captum3
728 4100 892 4176 duplicique
913 4101 1035 4159 victoria
1057 4111 1190 4159 ovantem
1213 4099 1369 4158 Romulum
1391 4100 1468 4157 Her-

409 4206 474 4263 silie
504 4207 609 4263 coniux
635 4207 769 4281 precibus
799 4216 950 4281 raptarum
977 4204 1101 4283 fatigate
1136 4216 1215 4276 orat,
1245 4216 1278 4262 ut
1298 4205 1469 4283 parentibus

385 4382 389 4390 ι
410 4331 510 4369 earum
532 4312 580 4369 det
592 4312 715 4369 =veniam
737 4319 765 4368 et
785 4312 815 4368 in
836 4312 982 4369 civilatem
1001 4310 1143 4386 accipiat3
1163 4312 1206 4368 ite
1223 4300 1470 4373 rem‘loalescere
