3392 5084
566 488 647 538 Liber
665 488 714 538 1v.
752 487 798 553 (a.
812 487 863 543 cn
876 490 949 553 mr.)
1185 493 1245 551 215
1315 437 1328 448 ι

231 671 315 728 minus
334 672 449 748 trepida
471 689 559 746 quam
580 672 611 730 in
633 672 696 730 scie
717 670 781 732 fnit.
829 672 973 732 Omnibus
984 674 1187 734 locisrebene
1196 683 1290 751 gesta,
1336 672 1385 742 20

230 775 344 834 dictator
366 785 486 834 senetns
503 777 640 835 tonsulto
658 777 797 851 iussuque
817 779 921 854 populi
934 778 1116 854 triumphans
1136 781 1167 838 in
1188 782 1290 838 urbem

230 883 314 942 rediit.
367 884 471 957 Longe
502 882 664 940 maximum
696 882 835 958 triumphi
862 884 1060 959 spectaculum
1086 884 1143 944 fnit
1171 883 1320 957 Cossus,2

229 988 314 1063 spolia
342 987 441 1062 opima
467 988 544 1063 regis
566 988 709 1046 interfecti
730 1007 849 1064 gerens3
877 990 909 1047 in
929 1009 996 1048 enm
1023 990 1129 1048 milites
1158 991 1289 1048 carmina

228 1092 377 1163 incondita,
399 1101 547 1168 equentes
569 1111 635 1152 eum
655 1094 794 1164 Romulo,
816 1113 929 1156 canere.
967 1095 1071 1171 Spolia
1086 1095 1117 1152 in
1132 1097 1194 1154 mdc
1208 1097 1319 1154 lovis3

230 1199 343 1255 Feretrii
360 1216 453 1274 prope
464 1198 583 1257 Romuli
602 1199 705 1274 spolie,
728 1217 801 1273 quse,
823 1200 918 1275 prima
933 1201 1032 1276 opima
1046 1200 1203 1277 appellata,
1224 1202 1289 1260 sola

229 1321 259 1358 es
276 1311 449 1378 tempestate
469 1312 561 1375 erant,
583 1321 648 1362 oum
670 1305 802 1362 sollemni
816 1305 999 1365 dedicatione
1012 1306 1091 1363 dono
1103 1306 1182 1376 lixit3
1203 1325 1287 1364 svar-

228 1415 350 1482 teratque
380 1408 410 1464 in
437 1427 470 1466 se
497 1429 516 1468 a
542 1428 628 1468 curru
657 1410 808 1468 dictatoris
838 1410 944 1470 civium
972 1429 1027 1468 ora
1057 1418 1087 1469 et
1112 1410 1287 1470 celebritatis

226 1512 281 1568 eius
313 1511 370 1569 diei
403 1511 529 1571 fructum
561 1533 653 1590 prope
689 1516 767 1574 solus
800 1517 917 1573 tnleret.
975 1515 1113 1574 Dictator
1147 1521 1316 1575 coronam4

228 1634 351 1687 aureum,
380 1616 486 1676 libram
517 1620 630 1695 pondo,
660 1640 698 1678 ex
729 1622 846 1696 publico
872 1621 997 1698 pecunia
1025 1621 1126 1697 populi
1146 1621 1227 1680 iussu
1255 1621 1286 1678 in

229 1719 363 1796 Capitolio
384 1723 452 1780 Iovi
473 1725 582 1784 donum
603 1725 709 1802 posuit.
742 1755 749 1768 ·

300 1826 408 1886 Omnes
430 1838 499 1887 ante
523 1849 569 1888 me
591 1841 724 1889 auctores
745 1839 880 1901 secutus,
909 1835 948 1889 A.
971 1828 1138 1888 Cornelium
1160 1828 1315 1891 Oossum⁵

228 1931 360 1991 tribunum
388 1933 511 1992 militum
540 1936 668 1993 secunde
688 1935 783 2011 spolia
804 1936 904 2011 opime
923 1936 1006 1994 Iovis
1030 1936 1154 1994 Feretrii
1174 1937 1283 2012 templo

227 2036 359 2110 intulisse,
388 2038 527 2114 exposui;
557 2049 701 2113 ceterum,
732 2050 926 2117 preterquam
948 2042 1028 2116 quod
1048 2060 1086 2100 ea
1107 2041 1164 2098 rite
1184 2043 1314 2117 opimab

227 2144 310 2218 spolia
329 2145 487 2214 nubentur,
518 2163 582 2221 qnae
603 2147 664 2204 dux
685 2146 752 2204 duci
773 2148 914 2218 detraxit,
939 2165 994 2206 nec
1014 2148 1117 2204 ducem
1138 2147 1283 2218 norimus,

228 2248 275 2304 nisi
294 2249 370 2308 cuius
393 2249 525 2324 euspicio
546 2251 653 2310 bellum
675 2253 793 2327 geritur,
814 2253 915 2310 titulus
935 2253 999 2329 ipse
1012 2250 1114 2328 spoliis
1127 2251 1282 2328 inscriptus

229 2353 283 2410 illos
307 2373 409 2428 meque
436 2357 547 2430 arguit,
580 2357 728 2415 consulem
755 2377 791 2415 ea
818 2357 944 2416 Cossum
968 2358 1090 2433 cepisse.
1136 2357 1205 2414 Hoc
1224 2362 1311 2432 egoi

228 2469 304 2532 quum
326 2461 493 2534 Augustum
515 2459 671 2533 Oaeserem,
694 2464 868 2538 templorum
883 2462 1011 2520 omnium
1029 2462 1208 2521 conditorem
1230 2470 1282 2541 ant

227 2564 423 2634 restitutorem,
454 2565 616 2642 ingressum
638 2569 729 2626 aedem
751 2567 877 2627 Feretrii
899 2567 995 2639 lovis,
1024 2587 1114 2643 quam
1136 2576 1281 2626 vetustate

228 2668 355 2744 dilapsam
384 2667 503 2738 refecit,
532 2687 563 2726 se
590 2671 685 2746 ipsum
712 2673 743 2730 in
764 2675 885 2732 thorace
905 2673 994 2730 linteo
1015 2673 1156 2748 scriptum
1175 2673 1280 2748 legisse
1370 2671 1375 2680 ’

228 2775 367 2847 audissem,
379 2793 482 2850 ,prope
503 2775 687 2851 sacrilegium
709 2787 790 2836 ratus
805 2797 871 2836 sum
885 2777 980 2836 Cosso
990 2777 1150 2853 spoliorum
1160 2797 1279 2836 suorum

228 2874 367 2951 Ceserem,
387 2881 481 2956 ipsius
493 2881 593 2957 templi
607 2890 766 2954 auctorem,
789 2884 962 2941 subtrahere
971 2892 1086 2942 testem.
1116 2881 1190 2955 Quis
1201 2901 1238 2940 ea
1248 2883 1278 2940 in
1291 2892 1310 2948 8

228 3000 254 3038 re
272 2984 414 3057 nitemur,
437 2986 516 3060 quod
537 2995 598 3044 tem
621 2995 734 3047 veteres
757 2989 876 3046 enneles
898 2989 1036 3063 qnodque
1056 2988 1278 3064 magistratuum

228 3085 292 3158 libri,
312 3109 382 3164 quos
404 3091 509 3150 linteos
527 3092 558 3150 in
571 3093 634 3150 esde
647 3095 792 3169 repositos
805 3095 933 3152 Moneta
943 3096 1045 3152 Macer
1060 3092 1188 3151 Licinius
1209 3094 1280 3152 citet

229 3189 366 3254 identidem
378 3204 526 3267 unctores,
540 3197 663 3272 septimo
672 3194 696 3271 ¹)
712 3207 779 3273 post
793 3199 910 3256 demum
925 3217 1002 3256 anno
1014 3215 1081 3254 cnm
1093 3199 1130 3259 Τ.
1142 3197 1278 3271 Quinctio

229 3295 316 3356 Penno
341 3303 382 3363 A.
404 3300 573 3360 Cornelium
601 3302 725 3362 Cossum
753 3305 901 3362 consulem
929 3304 1074 3373 habeant,
1102 3302 1278 3361 existimatio

229 3405 372 3462 communis
402 3405 536 3464 omnibns
570 3415 622 3469 est.
670 3409 749 3466 Num
776 3410 866 3466 etiem
891 3409 964 3466 illud
994 3407 1123 3478 secedit,
1153 3427 1191 3464 ne
1216 3409 1308 3466 tamti

229 3505 296 3566 dere
319 3529 418 3586 pugna
443 3511 473 3568 in
501 3530 567 3570 eum
597 3531 705 3572 annum
735 3515 888 3573 transferri
913 3513 1035 3590 possit,
1057 3514 1136 3604 qnod
1163 3513 1279 3572 imbelle

230 3612 364 3674 triennium
385 3616 478 3675 ferme
499 3617 664 3693 pestilentia
682 3619 840 3696 mopieque
864 3620 981 3695 frugum
1006 3619 1084 3678 circa
1104 3621 1145 3677 A.
1168 3616 1278 3676 Corne·

230 3713 444 3780 liumconsulem
458 3721 523 3793 fuit,
546 3724 620 3781 edeo
646 3733 678 3782 nt
699 3727 817 3800 qnidam
838 3726 961 3784 annales
980 3724 1061 3782 velut
1080 3723 1188 3782 funesti
1208 3723 1280 3781 nibil

231 3832 318 3892 pmter
332 3827 452 3885 nomina
473 3827 623 3886 consulum
640 3841 807 3906 suggerent.
850 3831 970 3890 Tertius
979 3831 1019 3888 ab
1029 3829 1181 3888 consulatu
1193 3827 1279 3887 Cossi
1293 3831 1329 3887 to

233 3941 307 3986 onnus
326 3932 473 3990 tribunum
495 3951 560 3992 eum
582 3934 704 3994 militum
722 3937 869 3996 consulari
889 3943 1034 4011 potestate
1055 3934 1153 4004 babet,
1174 3933 1278 3992 eodem

232 4045 294 4090 cuno
320 4037 489 4111 magistrum
518 4041 660 4124 equitum
690 4059 749 4116 qno
779 4041 809 4098 iu
833 4042 956 4118 imperio
984 4041 1106 4098 alteram
1134 4039 1276 4114 insignem
1315 4117 1318 4125 .

233 4135 304 4196 edidit
322 4159 450 4217 pugnum
472 4152 643 4219 equestrem.
686 4147 733 4206 Ea
752 4147 845 4206 libere
866 4146 1034 4204 coniectura
1060 4152 1120 4215 est3
1146 4145 1217 4216 sed,
1244 4151 1278 4200 ut
1292 4146 1326 4200 ll

233 4255 275 4314 ego
299 4247 434 4319 ubiuor,
463 4267 542 4308 vena
567 4269 685 4308 versere
709 4251 739 4308 in
770 4269 872 4310 omnm
898 4252 1050 4328 opiniones
1077 4250 1158 4319 licet,
1188 4266 1277 4323 quum

254 4369 273 4438 ¹)
289 4377 371 4430 Livius
390 4383 515 4432 decimo
533 4383 643 4434 seribere
662 4384 757 4434 debuit.
