3392 5084
481 516 559 571 Liber
575 516 636 567 vn.
671 517 719 580 (A.
737 517 785 570 cu.
801 519 959 596 aaa-atnt
1169 520 1207 578 89

211 699 324 773 usginta
352 701 391 757 ad
418 703 565 760 consulem
594 701 782 764 deferrentur.
829 705 913 761 ‘Tum
941 704 971 761 in
998 711 1094 762 castre
1125 704 1250 763 hostium
1263 705 1299 761 17

210 806 326 876 reditum,
344 807 444 882 ibique
465 807 559 865 omnis
580 809 679 883 praeda
701 809 785 866 militi
806 810 883 868 data.
1267 788 1273 798 ¹

275 913 371 970 Huius
392 913 558 970 certaminis
585 913 703 972 fortuna
733 925 762 972 et
784 915 931 984 Faliscos,
960 931 1048 988 quum
1076 915 1106 972 in
1134 916 1251 974 indutiis
1294 910 1343 980 38

210 1026 303 1090 ment,
324 1018 420 1076 foedus
442 1029 542 1095 petere
562 1021 601 1078 ab
622 1030 723 1079 senatu
745 1022 841 1096 coegit
862 1029 890 1077 et
911 1021 1042 1090 Latinos,
1063 1021 1121 1079 iam
1142 1025 1251 1082 exerci-

209 1124 269 1180 tions
302 1125 491 1200 comparetis,
523 1127 561 1184 ab
595 1129 730 1185 Romano
762 1127 792 1184 in
823 1126 976 1201 Pelignum
1014 1127 1101 1184 vertit
1135 1130 1250 1188 bellum.

207 1231 296 1304 Neque
316 1231 360 1288 ita
385 1231 429 1287 rei
456 1240 545 1306 gestae
575 1230 656 1289 furna
679 1233 772 1292 Italiae
802 1251 834 1290 se
862 1232 966 1290 finibus
983 1232 1083 1304 tenuit,
1106 1235 1157 1293 sed
1178 1234 1281 1294 Car-2

208 1336 387 1411 thaginienses
415 1357 532 1413 quoque
558 1339 670 1414 legatos
696 1338 872 1414 gratulat-um
895 1339 1019 1397 Romam
1051 1340 1154 1398 misere
1186 1361 1252 1400 oum

207 1459 308 1499 coronae
329 1461 428 1500 aureae
458 1443 550 1514 dono,
574 1462 642 1519 quae
667 1443 696 1500 in
719 1442 865 1519 Capitolio
883 1444 913 1501 in
934 1444 1015 1502 Iovis
1036 1445 1109 1502 cella
1129 1466 1250 1523 ponera-

207 1556 256 1621 tur;
275 1548 330 1606 fuit
353 1550 452 1624 pondo
466 1549 717 1624 vigintiquinque.
759 1548 900 1608 Consules
916 1552 1003 1609 ambo
1023 1552 1058 1608 de
1074 1551 1281 1612 Samnitibus3

206 1654 423 1730 triumpharunt,
456 1664 594 1731 sequente
622 1656 716 1712 Decio
748 1655 854 1730 insigni
886 1673 950 1712 cum
984 1656 1070 1714 leude
1102 1658 1251 1734 donisque,

206 1778 277 1834 quum
292 1762 446 1820 incondito
461 1761 578 1818 militari
598 1761 671 1818 ioco
684 1761 762 1818 haud
775 1761 870 1820 miuus
894 1761 1001 1820 tribuni
1022 1764 1133 1822 celebre
1147 1784 1253 1824 nomen
1321 1797 1323 1804 v

205 1883 277 1938 quam
301 1866 456 1924 consulum
481 1875 565 1927 esset.

273 1971 495 2048 Campanorum
521 1972 624 2029 deinde
646 1972 915 2046 Suessanorumque
948 1972 1053 2030 audita
1081 1974 1282 2050 legationes,4

203 2080 437 2152 precantibusque
457 2080 572 2148 datum,
595 2087 628 2134 ut
648 2078 812 2154 presidium
833 2097 868 2136 eo
889 2078 920 2134 in
940 2078 1062 2136 hiberna
1083 2080 1252 2151 mitteretur,

203 2203 249 2258 quo
270 2185 450 2244 Samnitium
472 2183 657 2242 excursiones
678 2193 852 2242 arcerentur.
894 2185 959 2242 Iam
981 2192 1042 2242 turn
1065 2184 1182 2242 minime
1204 2205 1250 2243 sa·
1265 2194 1290 2247 5‘

201 2290 279 2349 lubria
300 2292 424 2349 militari
450 2290 608 2366 discipline
630 2290 734 2366 Capua
753 2291 944 2354 instrumento
969 2290 1095 2347 omnium
1118 2291 1251 2367 volupte·
1288 2303 1290 2312 ¹

202 2398 260 2455 inm
289 2397 435 2456 delenitos
468 2397 591 2460 militum
629 2397 742 2454 animos
776 2397 881 2453 avertit
914 2414 933 2453 a
964 2396 1105 2454 memoria
1140 2398 1251 2472 patria,

201 2502 398 2578 inibanturque
413 2503 533 2560 consilia
545 2502 575 2558 in
589 2502 717 2558 hibernis
737 2501 849 2557 eodem·
861 2499 968 2558 scelere
989 2500 1149 2558 adimendas
1166 2501 1251 2560 Cem-

201 2611 273 2683 panis
295 2609 425 2686 Capuae,
457 2627 509 2684 per
537 2609 617 2682 quod
643 2607 685 2664 illi
716 2621 780 2664 eam
802 2607 928 2680 antiquis
951 2606 1107 2665 cultoribus
1130 2609 1253 2666 ademis-

202 2725 265 2772 sent:
293 2735 394 2790 neqne
415 2714 558 2772 immerito
579 2733 664 2772 suum
685 2715 813 2791 ipsorum
835 2713 997 2788 exemplum
1020 2713 1050 2770 in
1076 2732 1126 2771 eos
1155 2721 1284 2794 versu-6

202 2839 263 2883 rum.
312 2821 378 2880 Cur
407 2832 504 2880 autem
530 2821 627 2897 potius
649 2820 792 2896 Campani
818 2838 920 2895 agrum
947 2819 1041 2878 Italiae
1068 2821 1254 2892 uberrimum,

201 2927 308 3002 dignam
333 2946 408 3002 agro
430 2929 541 2999 urbem,
563 2929 613 3003 qui
633 2947 686 2986 nee
709 2946 814 2998 senec
834 2945 889 2984 sua
909 2927 997 2985 tutari
1019 2935 1146 3002 possent,
1167 2911 1255 3000 quam

200 3034 284 3091 victor
312 3034 462 3092 exercitus
494 3035 630 3105 haberet,
662 3033 712 3108 qui
742 3031 795 3089 suo
828 3035 933 3092 sudore
960 3051 995 3090 ac
1021 3033 1160 3107 sanguine
1188 3033 1255 3088 iude

200 3138 339 3198 Samnites
363 3139 541 3214 depulisset?
562 3144 611 3198 An
633 3159 746 3214 aequum
769 3157 841 3208 esse,
865 3139 1013 3196 dediticios
1035 3156 1104 3195 suos
1124 3137 1174 3194 illa
1197 3137 1284 3197 fer-7

200 3245 294 3304 tilitate
317 3255 410 3320 atqua
432 3247 599 3304 amoenitate
625 3243 751 3321 perfrui,
777 3263 809 3300 se
830 3244 980 3302 militando
1002 3244 1095 3302 fessos
1116 3245 1146 3300 in
1167 3243 1254 3318 pesti·

199 3350 260 3409 lenti
289 3362 384 3427 atque
414 3352 507 3415 arido¹
525 3353 602 3409 circa
626 3351 727 3408 urbem
755 3350 819 3408 solo
840 3349 944 3407 luctari
966 3358 1016 3406 aut
1037 3350 1066 3406 in
1095 3349 1166 3406 urbe
1186 3350 1255 3406 insi·

200 3457 306 3516 dentem
342 3459 442 3516 tabem
475 3458 629 3514 crescentis
658 3456 687 3512 in
717 3455 778 3512 dies
807 3456 915 3514 fenoris
937 3455 1019 3531 pati?
1048 3456 1121 3513 Haec
1145 3455 1292 3590 agitata}
1330 3469 1331 3476 ’
1375 3541 1405 3584 41

1295 3553 1365 3590 .u.c.
1409 3542 1434 3586 2.

200 3566 313 3622 occultis
350 3563 599 3622 coniurationibus
629 3563 751 3619 necdum
786 3561 907 3636 vulgata
938 3561 968 3616 iu
1003 3579 1103 3618 omnes
1135 3562 1256 3618 consilia
1267 3606 1424 3660 Aochw·

199 3668 303 3729 invenit
323 3689 421 3727 novus
445 3669 546 3726 consul
567 3667 602 3729 C.
624 3668 752 3725 Marcius
773 3667 903 3738 Rutilus,
926 3667 972 3724 cui
993 3665 1156 3743 Campania
1178 3675 1256 3725 sorte

198 3777 348 3850 provincia
369 3783 515 3843 evenerat,
540 3773 577 3846 Q.
601 3771 725 3831 Servilio
740 3774 852 3848 collega
867 3774 904 3830 a‘d
921 3775 1021 3831 urbem
1043 3773 1152 3831 relicto.
1195 3772 1287 3831 Ita-9

199 3899 249 3955 que
270 3901 366 3959 quum
388 3879 488 3938 omnia
509 3899 554 3947 ea,
574 3878 649 3936 sicut
669 3892 752 3954 gesta
772 3890 863 3952 erant,
884 3901 937 3956 per
958 3881 1088 3938 tribunos
1109 3889 1258 3954 comperte
1300 3883 1320 3922 ⁹

199 3988 326 4060 haberet,
349 3996 379 4044 et
400 3995 487 4044 atate
506 3993 536 4042 et
551 4002 604 4042 usu
627 3985 738 4056 doctus,
760 3986 867 4062 quippe
882 3987 929 4062 qui
952 3988 1016 4064 iarn
1032 3996 1166 4060 quartum
1189 4005 1257 4044 con·

198 4094 238 4149 sul
257 4102 339 4152 esset
364 4092 548 4164 dictatorque
568 4100 598 4146 et
618 4108 721 4147 censor
747 4089 863 4162 fuisset,
897 4093 1036 4167 optimum
1065 4103 1145 4149 ratus
1174 4080 1256 4150 diffe-

197 4202 283 4257 rendo
305 4218 401 4275 spem,
424 4197 656 4272 quandocunque
676 4195 791 4273 vellent,
813 4196 924 4254 consilii
952 4199 1128 4272 exsequendi
1152 4199 1257 4256 milita·

196 4325 253 4363 rem
282 4307 428 4382 impetum
453 4303 602 4374 fraenari,
630 4320 776 4359 rumorem
806 4301 943 4378 dissipat,
967 4303 999 4360 in
1018 4303 1120 4360 iisdem
1143 4303 1258 4380 op'pidis
