3392 5084
465 504 529 563 200
559 543 571 567 ,
770 498 852 549 Liber
868 498 905 549 V.
941 470 1137 563 (Almam.)

422 686 521 745 viuum
544 682 696 743 illiciendas
719 683 813 759 gentis
835 700 926 741 causo
947 683 1109 743 Armntcm
1130 682 1283 743 Clusinum
1305 684 1353 743 ira
1373 704 1484 763 eorrup-

422 802 460 849 ιω
481 790 581 852 uxoris
603 791 642 847 ab
664 788 843 858 Lucumone,
872 788 921 847 cui
942 798 1023 847 tutor
1042 789 1068 847 is
1089 790 1186 848 luerat
1206 791 1286 866 ipse,
1316 802 1484 867 praepotente

420 898 525 956 iuvene
554 905 584 953 et
609 914 628 952 a
648 913 707 971 quo
730 895 828 971 expeti
849 912 959 970 poenn,
976 895 1035 953 nisi
1056 906 1177 953 externa
1197 896 1244 953 vis
1264 896 1390 970 quesita
1412 907 1484 964 esset

391 1003 587 1077 inequitant:
617 1002 695 1060 huuc
715 1002 933 1059 transeuntibus
955 1002 1050 1077 Alpes
1070 1002 1173 1061 ducem
1196 1012 1409 1077 auctoremque
1427 1000 1484 1060 clr-

421 1109 496 1166 sium
519 1108 708 1185 oppugnandi
734 1106 833 1165 inisse.
881 1106 1027 1181 Equidem
1055 1105 1134 1163 hand
1165 1106 1335 1177 abnuerim,
1366 1105 1484 1165 Clusium

391 1213 528 1277 seruos
552 1215 591 1271 ab
613 1214 744 1293 Arrunte
772 1230 824 1269 sen
854 1231 914 1287 quo
944 1213 1003 1271 alio
1025 1208 1146 1269 Clusino
1167 1210 1327 1283 adductos3
1355 1214 1409 1271 sed
1435 1232 1485 1279 eos,

369 1316 376 1331 ’
420 1320 470 1395 qui
492 1319 727 1396 oppugnaverint
745 1317 887 1388 Clusium,
909 1336 968 1375 non
988 1317 1088 1388 luime,
1110 1316 1160 1392 qui
1180 1317 1268 1392 primi
1283 1319 1381 1395 Alpes
1398 1330 1484 1377 uuus·

419 1426 521 1496 ierint,
543 1426 615 1483 satis
638 1432 761 1482 constat.
810 1423 954 1481 Ducentis
975 1424 1085 1500 quippe
1107 1422 1191 1482 annis
1210 1431 1289 1494 ante,
1312 1444 1407 1499 quam
1427 1424 1483 1483 Clu·

419 1532 494 1591 sium
517 1538 720 1607 oppugnarent
742 1529 903 1603 urbemque
915 1530 1042 1590 Romam
1066 1537 1213 1603 caperent,
1234 1529 1266 1585 in
1281 1529 1404 1588 Italiam
1418 1530 1485 1589 Galli

389 1637 678 1707 btranscendernnt3
708 1638 762 1693 nec
784 1652 849 1693 cum
871 1635 917 1694 his
940 1636 1067 1710 primum
1089 1634 1301 1707 Etruscorum,
1329 1638 1386 1693 sed
1406 1637 1484 1693 ndu

421 1753 489 1801 ante
520 1760 585 1800 cum
617 1742 671 1811 iis,
705 1740 756 1815 qui
785 1740 861 1797 inter
893 1742 1101 1817 Appenninum
1134 1739 1288 1814 Alpesque
1319 1740 1484 1806 incolebant,

391 1856 498 1924 lsoepe
520 1847 664 1905 exercitus
687 1846 795 1905 Gallici
819 1864 997 1922 pugnavere.
1043 1846 1209 1903 Tuscorum
1239 1854 1308 1904 ante
1328 1848 1483 1906 &manum

419 1954 573 2029 imperium
594 1952 653 2037 late
681 1961 760 2010 terra
775 1952 920 2027 marique
941 1970 1013 2027 opes
1034 1961 1165 2027 pat-uere.
1216 1952 1296 2009 Mari
1318 1972 1428 2029 supero
1449 1953 1484 2008 in·

419 2056 917 2133 feroque,quibus1taliainsulae
941 2058 1029 2115 modo
1055 2058 1197 2133 cingitur,
1225 2066 1374 2132 quantum
1395 2068 1483 2133 potne-

390 2164 487 2234 duim,
509 2164 629 2222 nomina
650 2173 718 2224 sunt
739 2172 920 2240 argumento,
944 2161 1022 2236 quod
1047 2163 1170 2220 alterum
1192 2165 1326 2221 Tuscum
1350 2163 1484 2222 communi

421 2269 565 2327 vocabulo
586 2271 690 2344 gentis,
712 2270 835 2329 alterum
851 2266 1027 2325 Atriaticum
1049 2286 1131 2325 mare
1153 2269 1190 2326 ab
1207 2269 1305 2340 Atria,
1329 2270 1483 2328 Tuscorum

420 2376 544 2444 colonia,
567 2392 711 2436 vocavere
733 2374 843 2432 Italica
865 2380 976 2447 gentes,
1000 2371 1100 2433 Gracci
1120 2375 1224 2432 eedem
1238 2376 1429 2451 Tynhenum
1449 2386 1483 2431 at·

388 2486 477 2557 lique
501 2480 686 2539 Adriaticum
708 2487 824 2539 vocant.
867 2477 906 2536 Εἰ
931 2478 961 2535 in
983 2486 1138 2552 utrumque
1168 2498 1250 2536 mara
1274 2490 1431 2555 vergentes
1449 2480 1481 2536 in

392 2648 407 2659 „
419 2587 535 2645 coluere
557 2584 677 2642 urbibus
697 2584 840 2641 duodenis
862 2592 966 2654 terras,
988 2582 1070 2659 prius
1090 2584 1133 2641 cis
1152 2585 1371 2660 Appenninum
1393 2587 1431 2643 ud
1447 2583 1482 2641 in·

418 2693 512 2749 ferum
540 2708 637 2759 mare,
666 2699 770 2766 postea
789 2698 873 2745 treus
897 2688 1105 2763 Appenninum
1127 2689 1267 2760 totidem,
1300 2702 1378 2766 quot
1398 2692 1482 2767 capita

370 2803 405 2858 10
419 2796 539 2873 originis
559 2804 651 2865 erant,
681 2792 801 2852 coloniis
826 2794 938 2864 missis,
963 2814 1028 2869 quus
1050 2803 1131 2852 muns
1152 2795 1269 2852 Pedum
1296 2798 1401 2855 omnia
1419 2798 1481 2854 loca

418 2910 541 2977 excepto
573 2902 753 2959 Venetorum
788 2900 912 2974 angulo,
946 2901 996 2974 qui
1022 2897 1117 2957 sinum
1148 2898 1364 2959 circumcolunt
1396 2901 1481 2966 maris,

369 3014 404 3069 il
419 3024 512 3085 usque
534 3008 572 3065 ud
594 3006 687 3081 Alpes
715 3016 844 3064 tenuere.
894 3004 1009 3080 Alpinis
1040 3024 1158 3080 quoque
1187 3024 1224 3062 ea
1248 3007 1390 3080 gentibus
1416 3005 1481 3064 band

418 3115 505 3173 dubie
527 3114 610 3189 origo
632 3122 684 3183 est,
708 3112 834 3173 maxime
855 3110 963 3180 Raetis,
987 3130 1060 3185 qnos
1082 3111 1148 3167 loca
1168 3111 1235 3185 ipss
1257 3109 1435 3184 efferarunt,
1452 3128 1481 3165 ne

376 3230 381 3243 ¹
419 3222 548 3296 quidex
570 3218 691 3291 antiqno
713 3224 943 3292 prutersonum
966 3215 1089 3291 lingua,
1118 3234 1173 3273 nec
1193 3234 1261 3273 eum
1281 3216 1480 3293 incorruptum.

322 3321 367 3392 34
418 3329 583 3385 retinerent.
627 3322 674 3379 De
694 3320 818 3379 unusitu
846 3320 877 3376 in
898 3320 1018 3379 Italiam
1040 3321 1195 3379 Gallorum
1222 3323 1287 3380 brec
1314 3323 1481 3398 accepimus:

418 3433 522 3491 Prisco
551 3428 713 3503 Tarquinio
737 3429 839 3485 Romae
859 3436 1012 3503 regnante,
1036 3425 1202 3497 Celtarum,
1231 3446 1299 3503 qum
1326 3446 1399 3504 pars
1420 3424 1480 3485 Gsl·

416 3540 463 3597 lire
484 3538 570 3595 tertis
599 3545 657 3605 est,
686 3552 774 3609 penes
797 3532 945 3608 Bituriges
974 3550 1091 3591 summa
1118 3533 1233 3609 imperii
1253 3532 1324 3604 fnit3
1351 3535 1374 3591 ii
1395 3548 1479 3608 regen

386 3642 528 3702 scenico
551 3640 670 3699 dabant.
714 3639 893 3713 Ambigatus
918 3636 1036 3709 isfuit,
1064 3638 1172 3697 vittate
1189 3637 1371 3714 fortunaque
1403 3655 1478 3713 quun

417 3766 472 3805 sua
493 3757 554 3802 tum
577 3746 695 3820 publica
716 3744 905 3821 prepollens,
932 3743 1011 3818 quod
1033 3742 1063 3799 in
1084 3743 1208 3819 imperio
1230 3743 1294 3802 eius
1315 3744 1419 3804 Gallia
1437 3741 1479 3799 sd·

419 3872 454 3910 eo
475 3851 592 3926 frugum
622 3852 829 3924 hominumque
856 3849 960 3907 fertilis
988 3846 1059 3919 fnit,
1087 3860 1121 3907 ut
1151 3849 1305 3907 abundans
1336 3848 1478 3908 multitudo
1518 3919 1519 3926 ἵ

388 3958 470 4018 ivix
490 3958 553 4032 regi
574 3957 723 4016 videretur
740 3973 837 4031 posse.
885 3954 944 4012 Hic
973 3972 1081 4029 magno
1102 3966 1174 4013 natu
1194 3956 1259 4031 ipse
1279 3956 1354 4026 iam,
1382 3971 1478 4013 exem
1517 4025 1518 4028 Ἴ

416 4082 483 4122 rere
503 4070 707 4139 praegravente
727 4061 814 4117 turba
835 4060 957 4137 regnum
979 4061 1109 4137 cupiens,
1129 4062 1317 4119 Bellovesum
1339 4079 1376 4118 ac
1397 4061 1478 4134 Sego
1517 4127 1518 4160 1

416 4188 527 4239 vesum,
557 4167 666 4225 sororis
688 4165 779 4234 filios,
801 4165 943 4242 impigros
962 4167 1101 4237 iuvenes,
1122 4169 1278 4225 missurum
1301 4185 1334 4225 ss
1356 4185 1433 4238 esse,
1453 4165 1476 4220 iu
1517 4187 1518 4272 p

386 4278 491 4351 Aquas
513 4274 553 4331 dii
575 4272 721 4329 dedissent
742 4271 872 4349 auguriis
893 4273 988 4341 sedes,
1010 4272 1150 4332 osrmditz
1179 4280 1321 4347 quantum
1342 4273 1400 4350 ipsi
1426 4270 1477 4329 vel·
