3392 5084
464 466 519 520 160
649 445 657 455 ’
719 460 855 512 uitam.
884 463 1179 525 (suasos-uos.)

391 646 574 724 ,cadmus
601 653 694 718 esset,
728 647 871 704 bonorum
902 647 1021 704 donatio
1051 621 1134 724 sequi
1161 646 1270 704 domini
1299 647 1487 723 supplicium.

417 753 485 811 Hac
516 752 650 809 mercede
677 752 812 810 iuventus
847 751 954 810 nobilis
985 759 1123 827 compta
1152 769 1212 809 non
1240 752 1330 810 modo
1359 771 1423 810 non
1449 754 1489 810 ire

419 858 538 916 obviam
565 858 694 934 iniuria,
730 859 782 915 sed
814 837 969 934 propalam
996 857 1142 914 licentiam
1168 875 1251 915 suam
1279 857 1369 916 malle
1401 877 1488 934 quam

419 963 547 1020 omnium
570 963 743 1023 libertatem.
1228 1007 1232 1013 ·

325 1049 371 1118 38
502 1069 574 1126 Idus
584 1069 673 1126 Maiae
686 1087 802 1128 venare.
833 1068 931 1125 Nullis
946 1066 1112 1142 subrogatis
1128 1067 1358 1141 magistratibus,
1379 1069 1489 1145 privati

238 1137 274 1254 ἰ
282 1151 336 1255 Ἐξ
346 1141 407 1256 {2³3
418 1193 473 1250 pro
494 1175 682 1244 decemviris,
703 1193 797 1248 neque
818 1173 923 1231 animis
945 1174 983 1231 ad
1005 1172 1158 1248 imperium
1181 1172 1370 1230 inhibendum
1394 1174 1490 1230 immi·

418 1279 496 1336 nutis
513 1297 608 1353 neque
629 1280 667 1336 ad
689 1281 815 1356 speciem
834 1279 955 1338 honoris
975 1277 1146 1352 insignibus,
1167 1279 1320 1352 prodeunt.
1364 1279 1405 1336 Id
1420 1297 1490 1337 veru

387 1381 540 1460 2regnum
561 1385 641 1441 haud
663 1385 750 1442 dubie
770 1385 871 1446 videri.
915 1383 1095 1459 Deploratur
1116 1381 1146 1439 in
1166 1392 1340 1458 perpetuum
1357 1384 1490 1454 libertas,

418 1508 472 1548 nac
503 1490 611 1548 vindex
639 1491 794 1565 quisquam
826 1489 940 1547 exsistit
962 1497 1014 1546 aut
1034 1487 1148 1546 futurus
1169 1489 1293 1548 videtur.
1343 1491 1415 1548 Nec
1436 1491 1491 1566 ipsi

418 1597 513 1654 solum
534 1595 750 1671 desponderant
770 1596 898 1668 animos,
926 1596 978 1652 sed
999 1593 1144 1652 contemni
1166 1593 1251 1668 coepti
1273 1603 1359 1652 eraut
1383 1615 1406 1654 a
1428 1598 1491 1654 fini·

418 1701 495 1763 timis
525 1701 656 1778 populis,
687 1700 899 1776 imperiumque
919 1700 961 1758 ibi
979 1717 1056 1771 esse,
1084 1697 1134 1755 ubi
1158 1716 1217 1755 non
1250 1707 1326 1755 esset
1355 1699 1490 1772 libertas,

388 1807 654 1882 dindignabantur.
707 1805 809 1864 Sabini
836 1823 945 1882 magna
973 1823 1060 1861 mauu
1089 1802 1282 1861 incursionem
1318 1804 1349 1860 in
1382 1823 1489 1880 agrum

418 1916 584 1972 &manum
616 1911 726 1980 fecere,
761 1912 879 1985 lateque
913 1909 1060 1986 populati,
1094 1927 1183 1983 quum
1218 1908 1370 1968 hominum
1400 1920 1490 1984 atque

418 2019 561 2094 pecudum
589 2017 672 2075 inulti
698 2017 813 2092 praedas
840 2017 983 2092 egissent,
1019 2025 1136 2090 recepto
1168 2013 1207 2072 ad
1232 2015 1374 2086 Eretum,
1410 2017 1490 2090 quod

300 2125 303 2131 ’
392 2149 396 2156 ’
418 2126 527 2201 passim
550 2131 688 2198 vagatum
710 2133 782 2194 erat,
803 2123 920 2198 agmine
941 2130 1038 2180 castre
1060 2120 1167 2191 locant,
1186 2138 1269 2194 spem
1287 2119 1319 2176 in
1338 2119 1490 2178 discordia

388 2234 555 2290 4Romana
584 2238 739 2305 ponentes:
775 2247 839 2286 eam
872 2228 1109 2302 impedimentum
1137 2225 1259 2282 delectui
1284 2223 1361 2283 iore.
1419 2228 1489 2284 Non

418 2337 511 2394 nuntii
541 2336 652 2405 solum,
684 2336 737 2392 sed
762 2354 815 2410 per
842 2335 945 2391 urbem
977 2331 1134 2408 agrestium
1161 2329 1233 2406 fuga
1260 2314 1487 2406 trepidationem
1532 2385 1533 2388 ,

418 2441 522 2500 iniecit.
564 2440 732 2497 Decemviri
760 2440 939 2510 consultant,
971 2439 1042 2512 quid
1068 2454 1143 2513 opus
1172 2436 1251 2493 lacto
1272 2437 1324 2506 sit,
1356 2438 1488 2496 destituti
1532 2489 1533 2496 ,

384 2582 392 2594 -
417 2548 493 2604 inter
515 2554 631 2621 patrum
659 2555 688 2602 et
717 2545 810 2620 plebis
840 2545 918 2602 odia.
960 2543 1055 2602 Addit
1080 2550 1222 2600 terrorem
1248 2541 1369 2618 insuper
1395 2544 1487 2601 assum

388 2652 545 2712 stortura.
593 2651 688 2724 AEqui
714 2650 773 2708 alia
801 2670 838 2707 ex
867 2657 951 2724 parte
978 2659 1075 2706 castra
1104 2649 1135 2705 in
1161 2647 1272 2722 Algido
1299 2648 1399 2706 locant
1439 2649 1486 2706 dc·

417 2756 652 2832 populanturque
674 2756 741 2813 inde
751 2754 972 2812 excursionibus
983 2754 1181 2812 Tusculanum
1195 2771 1312 2828 agrum3
1333 2754 1428 2830 legati
1451 2756 1487 2812 sb

389 2862 564 2931 6Tusculo,
599 2861 764 2936 praesidium
800 2871 934 2929 orantes,
967 2859 1109 2916 nuntiant.
1162 2857 1194 2915 Is
1229 2877 1325 2934 pavor
1359 2861 1488 2936 perpulit

418 2967 614 3040 decemviros,
635 2976 669 3023 ut
689 2975 839 3042 senatum,
871 2965 957 3023 simul
978 2965 1091 3022 duobus
1108 2963 1363 3024 circumstantibus
1384 2967 1487 3024 urbem

419 3073 510 3143 bellis,
532 3072 723 3130 consulerent.
759 3070 851 3130 Citari
865 3071 965 3128 iubent
981 3071 1011 3127 in
1024 3070 1134 3128 curiam
1147 3078 1256 3144 patres,
1279 3071 1359 3128 hand
1382 3072 1487 3147 ignari,

389 3185 530 3252 lquanta
549 3177 665 3235 invidias
685 3177 849 3234 immineret
869 3184 1041 3251 tempestas:
1069 3193 1168 3233 omnes
1190 3176 1299 3232 vastati
1321 3177 1386 3252 agri
1408 3179 1487 3252 peri-

419 3284 607 3357 culorumque
627 3255 837 3340 imminentium
854 3299 958 3340 causas
972 3282 1002 3339 in
1017 3299 1048 3338 se
1061 3289 1258 3356 congesturos,
1280 3282 1487 3340 tentationem-

419 3406 476 3462 que
497 3407 562 3446 eam
585 3387 649 3445 lore
670 3389 806 3446 abolendi
826 3387 883 3444 sibi
902 3387 1098 3462 magistratus,
1117 3386 1148 3443 ni
1163 3404 1306 3444 consensu
1317 3387 1486 3444 resisterent

418 3492 599 3567 imperioque
620 3493 777 3552 inhibendo
792 3494 897 3553 acriter
911 3493 941 3549 in
955 3511 1066 3568 paucos
1080 3491 1247 3567 praeferocis
1261 3492 1354 3550 animi
1365 3502 1485 3550 conatus

389 3598 541 3663 saliorum
563 3599 794 3674 comprimerent.
837 3600 1002 3673 Postquam
1024 3598 1124 3656 audita
1145 3615 1205 3656 vox
1224 3597 1256 3654 in
1269 3596 1337 3656 foro
1357 3607 1485 3674 estprse·

418 3704 499 3760 conis
515 3712 614 3779 patres
635 3704 666 3760 in
688 3704 799 3762 curiam
820 3705 860 3761 ad
881 3704 1061 3763 decemviros
1082 3703 1224 3773 vocantis,
1244 3704 1326 3762 velut
1340 3721 1485 3771 navares,
1528 3761 1529 3800 ,

419 3808 488 3882 quie
511 3809 725 3866 intermiserant
744 3808 803 3866 iam
827 3810 877 3866 diu
899 3829 1008 3868 morem
1031 3809 1198 3868 consulendi
1226 3817 1361 3881 senatus,
1392 3809 1485 3868 mua-

418 3914 547 3971 bundam
567 3915 681 3989 plebem
709 3915 866 3986 convertit,
897 3916 1035 3991 quidnam
1064 3914 1224 3984 incidisset,
1256 3931 1309 3972 cur
1336 3935 1374 3973 ex
1403 3923 1484 3972 tanto

388 4016 571 4076 9intervallo
592 4038 654 4076 rem
675 4019 823 4077 desuetam
845 4029 1033 4098 usurparent;
1054 4020 1187 4078 hostibus
1208 4019 1345 4094 belloque
1357 4023 1484 4096 gratiam

419 4125 598 4193 habendam,
641 4126 720 4199 quod
762 4126 880 4183 solitum
917 4126 1073 4200 quicquam
1113 4124 1211 4182 liberae
1246 4125 1360 4184 civitati
1392 4129 1483 4186 fieret

418 4228 667 4304 circumspectare
698 4230 831 4289 omnibus
866 4229 923 4288 fori
961 4231 1093 4306 partibus
1131 4239 1313 4302 senatorem,
1357 4249 1484 4306 raroque
