3392 5084
484 545 541 600 rso
781 541 860 591 neser
877 540 927 592 m.
962 541 1162 605 (naccae.)

408 728 530 800 3propa
553 723 654 781 intacti
685 724 760 782 bello
781 726 853 782 libes
874 725 1001 784 Romani
1025 726 1199 784 viderentur.
1254 723 1383 782 Minucio
1410 741 1485 795 neque

437 829 556 887 fortuna
586 847 639 886 nec
671 830 716 886 vis
738 829 826 886 animi
859 831 960 888 eadem
992 831 1169 906 ingerendo
1194 829 1313 906 negotio
1334 828 1403 896 fuit3
1432 847 1485 883 nan

439 953 528 1009 quum
550 935 629 991 hand
643 934 746 1010 procul
765 935 804 992 ab
825 936 910 993 boste
931 944 1028 994 cestra
1048 937 1203 1012 posuisset,
1224 935 1305 992 nulla
1329 950 1487 1008 magnopere
1521 941 1522 990 l

380 1028 382 1031 ¹
408 1040 522 1098 ‹lelade
549 1050 686 1115 accepta,
713 1041 816 1097 castris
843 1059 876 1098 se
903 1041 1028 1116 pavidus
1049 1043 1175 1099 tenebat.
1223 1041 1311 1114 Quod
1332 1039 1383 1095 ubi
1408 1055 1487 1094 seuse-
1521 1063 1522 1094 r

438 1155 506 1202 runt
526 1147 639 1215 hostes,
661 1146 753 1204 crevit
773 1165 811 1202 ex
832 1155 910 1203 metu
933 1147 1044 1218 alieno,
1073 1157 1104 1204 ut
1125 1149 1173 1219 fit,
1203 1146 1342 1214 audacia,
1370 1152 1401 1200 et
1419 1151 1488 1198 nocte

438 1252 534 1309 adorti
556 1260 662 1322 cast-ra,
684 1261 840 1326 postquam
857 1271 960 1327 parum
983 1254 1028 1310 vis
1050 1260 1153 1329 aperta
1174 1250 1348 1326 proiecerat,
1370 1247 1488 1305 munitio·

437 1375 489 1414 nes
515 1366 633 1432 postero
663 1357 709 1414 die
737 1357 925 1414 circumdant.
974 1357 1046 1430 Quae
1077 1359 1247 1434 prinsquam
1278 1355 1407 1429 undique
1426 1351 1488 1409 vallo
1521 1379 1522 1413 1

438 1463 558 1520 obiectae
582 1462 750 1520 clauderent
771 1461 881 1533 exitus,
912 1463 1039 1538 quinquo
1061 1463 1172 1540 equites
1193 1463 1268 1520 inter
1289 1461 1430 1518 stationes
1449 1461 1489 1515 ho·
1521 1487 1522 1520 1

437 1569 523 1625 stium
539 1567 637 1624 emissi
651 1568 775 1625 Romam
798 1566 951 1641 pertulere,
974 1569 1121 1625 consulem
1138 1556 1356 1640 exercitumque
1371 1565 1489 1624 obsideri.

407 1670 519 1730 5Nibil
552 1681 612 1729 tam
643 1671 823 1746 inopinatum
857 1665 910 1729 ubo
938 1681 998 1729 tam
1031 1673 1209 1747 insperatum
1241 1671 1376 1730 accidere
1403 1670 1489 1746 potuit.

437 1778 543 1852 Itaque
565 1785 662 1834 tantus
684 1795 792 1852 pavor,
823 1787 906 1835 tanta
928 1779 1082 1854 trepidatio
1109 1778 1188 1848 fuit*
1207 1787 1318 1852 quante
1346 1777 1374 1834 si
1395 1777 1489 1834 urbem.
1521 1810 1522 1842 3

407 1880 496 1936 bnon
519 1890 617 1937 castra
644 1883 743 1939 hostes
771 1883 947 1941 obsiderent.
996 1883 1137 1940 Nautium
1167 1883 1315 1940 consulem
1345 1889 1489 1938 arcessunt.

436 1987 472 2044 In
504 2006 562 2061 quo
594 2007 682 2063 quum
712 2007 816 2063 parum
851 1988 978 2064 praesidii
1005 1988 1152 2049 videretur
1187 1989 1420 2062 dictatoremque
1447 1986 1490 2042 dici
1521 2016 1522 2048 3

436 2093 579 2168 placeret,
610 2095 741 2167 quirem
765 2094 928 2169 perculsam
951 2094 1128 2164 restitueret,
1153 2094 1187 2151 L.
1210 2093 1364 2166 Quinctius
1389 2092 1490 2151 Cincin·

436 2208 522 2255 natus
544 2217 686 2256 consensu
708 2199 836 2256 omnium
859 2199 971 2256 dicitur.
1057 2237 1060 2250 ·

407 2304 423 2356 7
520 2303 626 2380 Operae
646 2306 769 2378 pretium
787 2313 831 2362 est
845 2305 955 2374 audire,
978 2305 1028 2379 qui
1045 2305 1146 2361 omnia
1165 2321 1225 2378 prae
1247 2302 1355 2360 divitiis
1378 2305 1491 2361 humana
1521 2335 1522 2342 κ

435 2419 576 2482 spernunt
606 2429 701 2485 neque
734 2411 839 2482 honori
871 2428 977 2484 magno
1012 2410 1108 2466 locum
1141 2427 1236 2484 neque
1267 2409 1370 2465 virtuti
1403 2416 1492 2484 putent

405 2514 509 2588 8esse‚
533 2513 589 2570 nisi
610 2517 660 2572 ubi
680 2514 771 2572 effuse
793 2505 916 2574 affluant
937 2533 1018 2589 opes.
1066 2514 1140 2589 Spes
1162 2515 1247 2571 unica
1268 2514 1385 2588 imperii
1406 2511 1491 2589 populi
1521 2550 1522 2582 3

435 2619 572 2689 Romani,
594 2620 627 2679 L.
652 2620 803 2692 Quinctius
823 2631 905 2680 trans
920 2621 1060 2691 Tiberim,
1082 2629 1185 2677 contra
1206 2637 1271 2676 eum
1283 2619 1385 2694 *ipsum
1400 2619 1490 2676 locum.
1521 2655 1522 2686 2

436 2722 485 2779 ubi
507 2742 583 2780 nunc
604 2726 722 2782 navalia
743 2736 818 2798 sunt,
841 2735 980 2801 quattuor
1002 2726 1134 2801 iugerum
1157 2724 1271 2782 colebat
1293 2741 1418 2798 agrum,
1440 2739 1491 2796 qua
1521 2761 1522 2778 2

398 2828 422 2884 ,9
435 2838 522 2902 prata
543 2828 679 2900 Quinctia
700 2842 851 2889 vocantur.
899 2831 946 2889 Ibi
970 2833 1007 2889 ab
1023 2831 1152 2905 legatis,
1182 2845 1232 2886 seu
1256 2827 1368 2886 fossam
1392 2827 1491 2888 fodiens
1521 2865 1522 2898 q

435 2934 512 3008 palso
531 2934 656 3005 innixus,
678 2953 729 2992 scu
749 2955 838 3011 quum
861 2947 973 3009 araret,
996 2938 1078 3013 operi
1100 2942 1192 3005 certe,
1223 2933 1263 2991 id'
1276 2934 1357 3009 quod
1380 2941 1491 2992 constat.
1521 2969 1522 3004 q

436 3041 543 3114 agresti
565 3040 699 3111 intentus,
724 3041 817 3099 salute
839 3043 910 3101 data
930 3043 960 3101 in
981 3043 1074 3100 vicem
1095 3041 1281 3115 redditaque,
1303 3050 1442 3116 rogatus,
1460 3046 1491 3094 ut.
1521 3075 1522 3112 q

436 3146 515 3229 quod
535 3147 610 3204 bene
626 3155 752 3204 verteret
771 3148 829 3223 ipsi
849 3148 950 3224 reique
971 3148 1103 3223 publicae,
1124 3157 1242 3222 togatus
1258 3146 1401 3204 mandata
1420 3162 1490 3203 sena·
1521 3177 1522 3238 l

435 3261 481 3308 tus
503 3253 629 3322 audiret,
652 3253 813 3311 admiratus
833 3255 1023 3331 rogitansque
1049 3254 1160 3325 „Setin’
1181 3253 1280 3310 salve“
1314 3261 1416 3327 togam
1435 3267 1491 3324 pro·

387 3366 504 3431 lopere
526 3377 546 3415 e.
564 3357 679 3434 tugurio
701 3358 834 3434 proferre
856 3379 977 3418 uxorem
1001 3359 1145 3418 Raciliam
1173 3357 1263 3415 iubet.
1311 3357 1380 3430 era
1409 3353 1492 3419 simul,

436 3462 567 3518 absterso
588 3463 708 3538 pulvere
730 3481 765 3521 ac
787 3464 902 3535 sudore,
932 3465 1045 3522 velatus
1066 3463 1223 3540 processit,
1245 3461 1418 3520 dictatorem
1438 3478 1491 3518 eun

385 3607 392 3612 -
434 3566 524 3640 legati
544 3569 725 3641 gratulantes
747 3569 940 3640 consalutant,
961 3569 991 3625 in
1012 3571 1114 3627 urbem
1135 3575 1255 3637 vocent;
1277 3567 1328 3641 qui
1351 3576 1445 3626 terror
1463 3564 1492 3619 sit

387 3682 418 3735 11
434 3670 464 3726 in
497 3672 640 3743 exercitu,
675 3649 832 3748 exponunt.
887 3674 981 3732 Navis
1004 3674 1140 3746 Quinctio
1162 3674 1276 3749 publice
1300 3681 1408 3747 parata
1438 3669 1491 3732 fuit

434 3783 688 3852 transvectumque
716 3788 776 3836 tres
806 3781 923 3849 obviam
955 3780 1064 3854 egressi
1091 3778 1143 3834 filii
1173 3776 1335 3853 excipiunt,
1364 3777 1431 3834 inde
1451 3772 1492 3831 alii

335 3925 341 3928 .
434 3881 591 3956 propinqui
613 3892 701 3959 atque
715 3887 810 3957 amici,
830 3894 893 3943 tum
908 3893 1024 3960 patrum
1039 3883 1134 3942 maior
1150 3901 1228 3958 pars.
1273 3883 1320 3940 Ea
1338 3880 1491 3957 frequentia

433 3984 571 4060 stipatus,
601 3991 836 4048 antecedentibus
859 3991 1023 4060 lictoribus,
1054 3989 1194 4047 deductus
1217 3995 1262 4045 est
1284 3989 1414 4048 domum.
1458 3985 1491 4042 Et

384 4096 420 4152 12
433 4090 526 4165 plebis
556 4112 713 4152 concursus
733 4095 836 4172 iugens
868 4095 937 4168 fuit;
972 4096 1023 4154 sed
1056 4114 1093 4152 ea
1122 4111 1309 4169 nequaquam
1342 4101 1404 4150 tam
1433 4092 1490 4148 lata

434 4195 600 4268 Quinctium
629 4201 716 4271 vidit,
747 4211 776 4259 et
805 4202 920 4279 imperii
949 4202 1070 4259 nimium
1102 4208 1131 4257 et
1157 4199 1251 4256 virum
1284 4199 1350 4273 ipso
1379 4197 1490 4274 imperio

433 4303 677 4362 vehementiorem
699 4316 774 4363 reta.
1082 4283 1096 4308 Ι
