3392 5084
481 521 624 573 Literni
661 523 708 586 (a,
728 520 776 573 cu.
795 522 952 586 sos-sas.)
1151 525 1202 582 131

213 707 403 768 tuduuisseut.
467 708 537 766 Nou
571 708 678 764 diutius
707 725 739 764 se
764 709 794 764 in
822 708 951 764 Hernico
979 709 1070 765 hostis
1100 709 1280 779 continuit37

214 812 285 887 pergit
306 813 374 870 inde
396 812 518 872 infestus
538 815 567 871 in
590 816 846 890 ugrosRomauos,
868 815 954 870 etiam
977 814 1038 872 sine
1058 815 1126 872 belli
1146 815 1251 874 iniuria

212 928 333 980 vastatos.
379 919 455 979 Ubi
476 938 563 995 quum
586 921 689 978 obvius
709 938 795 976 nemo
816 938 854 975 ne
881 919 997 976 inermis
1025 920 1139 994 quidem
1160 923 1250 994 fieret,

211 1044 296 1100 perque
317 1026 417 1082 omnia
448 1004 507 1083 uon
535 1027 676 1104 praesidiis
703 1026 790 1107 modo
817 1025 948 1096 deserte,
982 1026 1033 1081 sed
1062 1026 1148 1082 etiam
1171 1027 1249 1083 cultu

211 1131 298 1204 agresti
319 1131 490 1202 transirent,
522 1150 681 1207 pervenere
702 1132 739 1188 ad
765 1131 881 1188 tertium
902 1131 1028 1207 lapidem
1050 1131 1167 1190 Gabina
1192 1134 1250 1191 via.

211 1236 322 1293 Mortuus
342 1237 484 1297 AEbutius
506 1247 569 1295 erat
588 1239 740 1297 Romnum
762 1238 875 1306 eonsul;
898 1238 1009 1314 collega
1031 1235 1091 1294 eius
1112 1235 1282 1296 Serviliusd

211 1342 297 1417 exigue
325 1343 356 1400 in
378 1361 431 1420 spe
460 1345 595 1402 trahebat
621 1345 765 1418 unimam3
797 1343 894 1401 affecti
921 1344 1051 1419 plerique
1079 1343 1250 1418 principum,

210 1460 304 1523 uuum
330 1450 427 1508 maior
449 1469 534 1526 pers,
568 1449 700 1508 militaris
720 1449 782 1507 fere
803 1459 873 1506 aetas
898 1450 1008 1522 omnis,
1030 1457 1063 1506 ut
1083 1466 1141 1504 non
1163 1449 1258 1529 modo·

210 1558 234 1613 ad
252 1555 467 1632 expeditiones,
489 1574 563 1631 quas
583 1555 613 1612 in
634 1564 716 1614 tanto
737 1556 861 1614 tumultu
883 1575 929 1613 res
950 1556 1106 1631 poscebat,
1128 1555 1179 1612 sed
1200 1554 1255 1618 vin

210 1663 360 1737 adquietas
381 1662 521 1719 medones
541 1661 652 1723 viribus
672 1660 845 1720 sufficerent.
886 1663 993 1720 Munus
1020 1660 1183 1736 vigilianum
1205 1661 1280 1718 διε-9

209 1778 315 1839 ratores,
338 1768 389 1843 qui
410 1787 463 1844 per
485 1775 599 1825 aetamm
621 1785 656 1825 ao
680 1768 874 1826 valetudinem
896 1775 1044 1844 poterunt,
1065 1785 1119 1842 per
1139 1786 1171 1823 se
1193 1765 1251 1842 ipsi

210 1873 324 1943 obdiaut3
347 1873 508 1931 eimumitm
530 1893 565 1930 ae
586 1890 657 1932 eura
678 1871 801 1930 edilium
822 1874 902 1949 plebi
929 1883 1003 1943 erut3
1037 1873 1075 1928 ad
1101 1890 1151 1929 eos
1173 1889 1250 1928 sum-

210 2000 243 2037 na
260 1999 355 2038 rerum
387 1998 423 2036 ae
452 1981 590 2038 maiestas
620 1978 779 2036 consularis
800 1979 914 2056 imperii
943 1987 1070 2036 venerat.
1126 1979 1251 2035 Deserta
1324 1971 1344 2039 'l

210 2086 299 2157 omma,
320 2086 382 2142 sine
403 2084 507 2160 eapite,
528 2085 590 2142 sine
610 2083 734 2155 viribus,
757 2085 796 2141 dii
817 2086 954 2160 presides
977 2104 1011 2142 ae
1034 2084 1152 2142 somnne
1172 2084 1251 2142 urbis

210 2201 287 2248 utam
306 2201 365 2263 est,
400 2210 465 2266 qma
491 2190 605 2247 Volscis
625 2190 794 2265 AEquisque
813 2193 982 2266 praedonum
1010 2192 1106 2266 potius
1127 2199 1250 2248 mentem

211 2314 281 2369 quam
306 2295 433 2354 hostium
460 2295 548 2354 dedit.
583 2295 670 2352 Adeo
702 2295 777 2353 euim
803 2297 912 2355 nullam
935 2316 1015 2373 spem
1036 2315 1095 2352 non
1120 2295 1281 2371 potiundi2

210 2402 291 2473 nodo,
310 2403 361 2459 sed
382 2420 420 2459 ne
441 2401 566 2459 adsumi
586 2401 701 2475 quidem
729 2402 865 2460 Romana
886 2403 992 2460 moenia
1019 2401 1130 2458 animus
1152 2420 1251 2458 eorum

212 2508 285 2582 oepit,
309 2509 447 2583 'testaque
467 2507 569 2582 procul
592 2507 658 2564 visa
679 2484 766 2582 atque
791 2508 973 2564 imminentes
994 2509 1098 2566 tumuli
1121 2515 1252 2566 avertere

212 2623 302 2671 mentes
322 2633 441 2685 eorum,
469 2623 510 2684 ut,
531 2612 600 2670 totis
621 2613 730 2694 passim
760 2612 862 2670 eastris
886 2612 1001 2670 fremitu
1024 2623 1103 2684 orto,
1133 2612 1201 2689 quid
1221 2612 1280 2672 int
1368 2617 1371 2644 ¹

212 2728 281 2775 vasto
299 2739 332 2778 ae
353 2721 468 2778 deserto
491 2738 563 2795 agro
589 2719 664 2776 iuter
684 2720 782 2774 tabem
810 2736 948 2792 pecorum
974 2719 1180 2795 hominumque
1201 2719 1250 2774 de-

216 2823 273 2882 sides
292 2827 351 2884 sine
371 2827 473 2902 pqaeda
493 2835 608 2900 tempus
628 2831 763 2893 tererent,
785 2841 873 2898 quum
895 2823 1007 2899 integre
1026 2826 1108 2896 loea,
1138 2827 1251 2882 Tuscu·

217 2928 292 2989 laeum
320 2951 423 3008 agrum
452 2931 580 3008 opimum
601 2929 711 3005 eopiis,
742 2939 841 3005 petere
865 2925 1000 3003 possent,
1030 2932 1113 3006 signa
1134 2938 1252 3006 repente

215 3038 384 3095 convellerent
423 3036 655 3111 transversisque
682 3034 832 3092 itineribus
854 3053 906 3110 per
927 3035 1092 3095 Lavioauos
1114 3055 1201 3112 agros
1221 3034 1252 3091 in

215 3141 375 3202 Tusculanos
389 3142 480 3217 polles
492 3143 661 3200 transirent.
709 3141 756 3198 Eo
776 3141 822 3197 vis
843 3141 936 3197 omnis
957 3149 1170 3216 tempestasque
1184 3140 1281 3202 belli4

215 3264 333 3321 marusa
353 3259 407 3310 est.
451 3248 571 3306 Interim
592 3247 713 3306 Hernici
733 3246 888 3322 Latinique
915 3247 1026 3322 pudore
1054 3245 1160 3317 etiam,
1191 3263 1250 3302 uon

216 3353 389 3414 uisedeordia
409 3353 504 3412 solum
525 3353 605 3425 moti,
624 3354 649 3411 si
668 3372 722 3411 neo
736 3353 921 3411 'obstitissent
941 3351 1139 3409 communibus
1160 3351 1251 3408 hosti·

216 3456 256 3516 bus
279 3461 380 3520 infesto
408 3459 525 3535 agmine
553 3460 717 3517 Romanam
748 3459 849 3518 urbem
878 3457 1040 3534 petentibus
1072 3475 1125 3514 neo
1165 3475 1249 3533 opem

216 3564 285 3625 ullum
304 3567 428 3626 obsessis
449 3565 537 3624 soeiis
556 3564 682 3638 ferrent,
712 3566 864 3624 aoniuueto
890 3564 1017 3622 exercitu
1038 3565 1163 3646 Romam
1184 3583 1246 3638 per·

216 3682 278 3743 gunt.
318 3675 377 3735 Ubi
405 3691 494 3748 quum
524 3673 623 3729 hostes
652 3691 710 3728 non
739 3670 934 3740 invenissent,
972 3669 1062 3727 secuti
1083 3668 1192 3726 famam
1215 3679 1280 3733 ae5

216 3777 317 3852 vetigia
338 3779 418 3838 obvii
437 3780 511 3837 fiunt
536 3776 773 3835 descendentibus
804 3777 841 3832 ab
864 3775 1030 3834 Tusculano
1052 3775 1081 3831 in
1102 3775 1250 3833 Albanam

218 3882 309 3941 vellem.
339 3885 396 3944 ‘Ibi
417 3883 646 3957 haudquaquam
667 3899 751 3957 atquo
773 3880 876 3956 proelio
898 3889 1058 3957 pugnatum
1080 3890 1142 3952 est,
1163 3882 1250 3939 fides-

219 4001 261 4058 que
284 4007 334 4047 sna
361 3990 447 4048 soeiis
468 4007 571 4065 parum
593 3986 664 4046 ielix
689 3989 719 4044 in
749 3987 902 4063 prasentia
923 3987 986 4047 fuit.
1047 3987 1136 4044 Haud
1157 3987 1282 4046 minerii

218 4087 299 4150 Roma
324 4097 356 4153 lit
379 4095 484 4152 morbo
505 4102 627 4169 strages,
656 4113 743 4170 quam
772 4103 882 4168 quanta
903 4093 981 4151 semo
1007 4093 1150 4151 sooiorum
1171 4093 1251 4151 faeta

220 4206 275 4257 erat.
312 4199 426 4273 Consul,
457 4200 507 4276 qui
537 4218 612 4257 unus
639 4208 803 4276 supererat,
833 4179 970 4268 moritum
1013 4199 1119 4256 mortui
1146 4207 1174 4256 et
1201 4199 1251 4256 alii

220 4297 274 4359 llari
291 4305 356 4377 viri,
383 4307 425 4365 M.
452 4306 604 4377 Valesius,
631 4307 669 4363 T.
689 4304 846 4380 Verginius
873 4303 989 4362 Rutilus
1018 4322 1160 4380 augures,
1187 4304 1251 4362 Ser.

1019 4407 1053 4454 9*
