3392 5084
453 486 456 491 '
518 485 596 534 Liber
611 483 657 533 VI.
695 484 739 546 (A.
753 481 799 533 ch.
811 482 972 546 370-369.)
1189 485 1230 539 39.

233 676 328 744 solvet,
352 690 458 749 eorpus
479 670 509 726 in
529 687 649 727 nervum
673 687 708 725 ao
729 668 871 743 supplicia
893 668 972 736 dare,
995 677 1024 725 et
1043 667 1185 744 gregatim
1210 686 1281 741 quo-

233 780 292 837 tidie
314 778 436 836 defore
459 776 589 834 addiotos
612 774 692 845 duni,
721 784 750 831 et
777 773 882 848 repleri
914 772 1017 830 vinetis
1042 773 1154 831 nobiles
1179 774 1282 829 domus

232 894 264 954 et,
280 884 446 957 ubicunque
467 882 605 958 patricius
627 880 754 948 habitet,
787 879 827 937 ibi
857 896 1002 936 carcerem
1031 878 1177 954 privatum
1200 878 1282 937 esse?

231 991 293 1047 Heu
314 989 437 1064 indigne
457 984 678 1059 miserandaque
700 986 798 1043 auditu
823 1004 912 1061 quum
927 985 1005 1060 apud
1021 985 1153 1043 timentes
1169 986 1284 1044 sibimet
1332 977 1377 1046 3⁵1

229 1095 310 1168 ipsos,
333 1094 446 1151 maiore
469 1091 643 1149 audientium
665 1091 863 1166 indignatione
879 1110 967 1166 quam
982 1110 1045 1161 sua,
1066 1092 1282 1167 increpuissent,

229 1199 304 1273 atqm
337 1219 392 1256 nee
429 1216 516 1272 egros
552 1196 713 1271 occupandi
746 1197 863 1254 modum
906 1216 960 1255 neo
990 1197 1091 1255 fenore
1120 1197 1312 1255 trucidandi2

228 1306 334 1380 plebem
362 1305 451 1362 elium
473 1303 604 1379 patribus
627 1321 754 1377 unquam
775 1303 839 1360 fore
863 1302 1059 1375 affirmabant,
1080 1304 1136 1361 nisi
1159 1304 1281 1361 alterum

227 1429 260 1465 ex
280 1410 365 1485 plebe
390 1409 552 1477 consulem,
584 1409 731 1465 custodem
762 1426 820 1465 suae
841 1409 1001 1479 libertatis,
1035 1409 1134 1485 plebes
1154 1408 1279 1469 fecisset.

227 1514 377 1573 Contemni
396 1516 456 1572 iam
478 1515 608 1571 tribunos
632 1514 733 1588 plebis,
757 1515 864 1591 quippe
886 1534 949 1589 qure
970 1525 1100 1591 potestas
1122 1515 1182 1572 iem
1198 1519 1310 1580 suam3

225 1622 286 1695 ipsa
307 1622 368 1679 vim
395 1621 514 1697 franget
545 1620 756 1679 intercedendo.
804 1622 874 1678 Non
904 1640 991 1697 posse
1022 1641 1105 1697 oequo
1132 1622 1193 1679 iure
1223 1621 1311 1695 egid

226 1728 270 1784 ubi
291 1728 445 1802 imperium
468 1745 556 1802 penes
577 1726 651 1795 illos,
682 1744 771 1800 penes
792 1745 823 1783 se
846 1727 985 1784 auxilium
1006 1739 1118 1785 tanturn
1141 1729 1192 1797 sit3
1226 1726 1281 1784 nisi

224 1834 345 1910 imperio
375 1833 601 1901 communicato,
637 1848 784 1905 nunquam
812 1832 927 1906 plebem
961 1832 992 1889 in
1030 1842 1114 1909 parte
1149 1833 1213 1908 puri
1238 1831 1281 1890 rei

223 1940 345 2015 publicae
366 1938 438 1999 fore.
486 1939 651 2006 Necesse,
683 1938 760 2010 quod
782 1937 936 2012 quisquam
956 1938 1027 1995 satis
1048 1948 1144 2014 putet,
1174 1938 1199 1995 si
1219 1938 1280 2014 ple·

223 2047 354 2103 beiorum
384 2046 458 2103 ratio
492 2044 613 2102 comitiis
645 2043 843 2100 consularibus
877 2044 1032 2112 habeatur3
1070 2044 1126 2101 nisi
1159 2044 1280 2101 alterum

224 2152 372 2209 consulem
401 2152 499 2225 utique
530 2168 566 2207 ex
596 2148 680 2224 plebe
711 2149 774 2206 fieri
805 2168 922 2207 neeesse
950 2150 1002 2220 sit,
1033 2150 1175 2209 nemiuem
1208 2148 1281 2207 fore.

223 2263 269 2315 An
291 2259 354 2314 iam
377 2257 515 2314 memoria
537 2256 640 2325 exisse,
663 2273 749 2330 quum
770 2255 901 2313 tribunos
915 2257 1036 2313 militum
1055 2256 1163 2313 ideirco
1183 2255 1310 2331 potius5

224 2382 312 2439 quam
333 2362 466 2421 consules
488 2364 579 2420 creari
600 2362 764 2437 placuisset,
786 2372 818 2419 ut
840 2375 870 2419 et
889 2363 1009 2437 plebeiis
1023 2372 1137 2438 pateret
1151 2379 1280 2419 summus

223 2472 332 2541 bonne,
365 2479 501 2544 quattuor
523 2482 555 2565 et
572 2468 764 2543 quadraginta
786 2469 868 2525 unnis
892 2468 1034 2526 neminem
1065 2468 1206 2544 explebe
1229 2468 1280 2525 tri·

223 2576 331 2633 bunum
365 2575 486 2631 militum
521 2585 648 2632 ereetum
675 2573 757 2631 esse?
813 2572 890 2647 Quid
923 2573 1092 2630 crederent?
1131 2574 1310 2638 duobusne6

224 2678 250 2735 in
272 2680 347 2737 locis
370 2699 424 2738 sua
444 2680 593 2738 voluntate
613 2681 808 2756 impertituros
830 2679 908 2755 plebi
929 2680 1079 2750 honorem,
1104 2680 1154 2754 qui
1175 2688 1281 2737 octona

223 2784 286 2843 loca
309 2786 431 2843 tribunis
453 2787 573 2844 militum
596 2787 728 2844 creandis
749 2804 892 2863 occupare
914 2785 991 2842 soliti
1014 2786 1080 2857 sint,
1102 2796 1132 2844 et
1153 2788 1191 2843 ad
1212 2806 1279 2845 eon·

223 2892 347 2948 sulatum
371 2892 449 2949 viam
470 2894 532 2949 fieri
553 2912 706 2970 passuros,
736 2893 785 2967 qui
806 2891 983 2974 tribpnatum
1006 2903 1127 2967 saeptum
1149 2904 1208 2950 tam
1230 2891 1280 2948 diu

221 2984 395 3055 habuerint?
438 2998 518 3070 Lege
539 2994 723 3052 obtinendum
744 3012 815 3065 esse,
838 2998 917 3070 quod
938 2997 1061 3055 comitiis
1082 3018 1135 3075 per
1155 2998 1308 3074 gratiam7

222 3111 360 3174 nequeat,
391 3110 419 3158 et
446 3102 641 3176 seponendum
671 3112 754 3157 extra
776 3109 921 3159 certamen
946 3103 1067 3161 alterum
1088 3103 1280 3173 consulatum,

223 3207 258 3261 ad
279 3226 365 3281 quem
387 3207 464 3282 plebi
491 3208 529 3265 sit
553 3208 657 3279 aditus,
679 3207 816 3282 quoniam
838 3207 877 3270 in¹
891 3209 1049 3266 certamine
1069 3210 1184 3266 relictus
1205 3228 1279 3285 prae·

223 3312 311 3367 mium
331 3331 446 3387 semper
467 3314 637 3387 potentioris
658 3314 771 3371 futurus
793 3314 838 3371 sit.
888 3315 952 3372 Nee
973 3315 1033 3371 iam
1055 3332 1142 3389 posse
1163 3314 1219 3370 diei
1239 3314 1309 3385 id,8

224 3418 299 3489 quod
324 3428 411 3473 antee
431 3419 539 3476 iactare
563 3422 639 3478 soliti
667 3421 742 3491 sint,
773 3438 831 3477 non
864 3438 928 3477 esse
953 3421 984 3476 in
1013 3420 1132 3495 plebeiis
1159 3419 1279 3475 idoneos

223 3523 300 3579 viros
329 3524 367 3580 ad
395 3525 508 3582 curules
537 3526 749 3602 magistratus·
775 3525 926 3601 Numquid
954 3526 1029 3582 enim
1057 3526 1206 3583 socordius
1229 3506 1279 3582 aut

223 3628 336 3702 segnius
358 3648 420 3687 rem
441 3632 586 3707 publicam
608 3633 803 3691 administrari
823 3642 892 3709 post
905 3634 939 3690 Ρ.
956 3628 1059 3689 Licinii
1081 3631 1165 3689 Calvi
1187 3630 1277 3688 tribu-

224 3742 331 3805 natum,
357 3736 406 3811 qni
427 3738 537 3812 primus
560 3759 597 3797 ex
616 3739 701 3816 plebe
722 3748 835 3795 creatus
859 3738 905 3809 sit,
927 3757 1014 3812 quam
1040 3758 1092 3814 per
1114 3757 1164 3795 eos
1185 3756 1277 3795 sunus

224 3850 304 3911 gesta
322 3842 368 3913 sit,
394 3844 498 3918 quibm
519 3855 623 3921 praeter
637 3846 774 3922 patricios
789 3864 874 3903 nemo
889 3845 1021 3902 tribunus
1036 3844 1157 3901 militum
1172 3842 1277 3901 fuerit?

226 3947 292 4019 quin
312 3958 412 4006 eontra
434 3951 572 4026 patricios
594 3952 705 4027 aliquot
733 3953 886 4011 damnatos
910 3962 978 4027 post
1004 3952 1196 4021 tribunatum,
1224 3968 1277 4006 ne-

227 4054 326 4111 minem
347 4056 501 4134 plebeium.
545 4059 710 4133 Quaestores
733 4078 864 4136 quoque,
896 4052 973 4115 sicul
993 4057 1124 4114 tribunos
1146 4056 1306 4126 militum‚9

225 4162 322 4235 paneis
344 4174 411 4222 ante
432 4170 514 4227 annis
536 4188 573 4227 ex
593 4169 678 4247 plebe
707 4180 816 4245 ooeptos
849 4166 956 4236 creari,
991 4184 1043 4223 nec
1070 4163 1155 4220 ullius
1177 4180 1276 4219 eorum

228 4272 358 4347 populum
374 4276 538 4334 Romanurn
554 4277 725 4351 paenituisse.
769 4272 958 4335 Consulatum
974 4290 1124 4350 superesse
1140 4267 1276 4343 plebeiis3
1293 4271 1327 4327 10
