3392 5084
487 535 524 590 54
727 531 805 580 Liber
821 529 884 583 vn.
921 527 965 593 (A.
976 543 1001 578 u.
1012 545 1035 581 c.
1046 529 1207 594 abb—³93.)

444 732 520 770 nunc
543 716 713 772 auctoritate
734 725 867 772 eventum
889 715 1055 790 reprehensi
1077 715 1115 772 ab
1133 734 1164 772 se
1177 714 1479 782 'consilii'incusantcm

444 817 613 876 dictatorem
639 839 779 879 consensu
800 821 987 897 patriciorum
1010 819 1150 880 Servilius
1174 821 1275 877 consul
1301 820 1380 890 dicit,
1408 820 1480 876 dilec-

444 931 547 998 tusque
568 934 597 981 et
618 925 756 984 iustitium
776 927 924 984 indictum.

349 1023 370 1091 'l
527 1030 701 1106 Priusquam
723 1034 847 1091 dictator
867 1033 1053 1108 legionesque
1080 1050 1163 1088 novae
1190 1031 1220 1087 in
1247 1031 1390 1088 Hernicos
1415 1031 1483 1087 veui-
1523 1027 1524 1063 l

443 1145 516 1206 rent,
545 1138 631 1195 ductu
654 1138 687 1198 O.
711 1139 831 1215 Sulpicii
852 1139 941 1214 legati
962 1156 1008 1195 res
1032 1156 1084 1213 per
1105 1136 1288 1193 occasionem
1310 1148 1396 1213 gesta
1417 1155 1483 1212 egre
1522 1136 1524 1142 ’

413 1241 491 1315 2gie
514 1252 566 1303 est.
616 1245 652 1302 In
675 1247 817 1303 Hernicos
844 1255 937 1302 morte
964 1243 1088 1302 consulis
1118 1243 1304 1318 contemptim
1336 1243 1376 1300 ad
1406 1253 1485 1300 castra

443 1347 577 1405 Romana
598 1367 664 1408 cum
683 1353 763 1408 haud
784 1351 873 1408 dubia
903 1351 1088 1426 expugnandi
1118 1367 1169 1424 spe
1194 1350 1401 1419 succedentes,
1431 1350 1485 1404 bor·
1523 1351 1524 1383 ³

441 1460 523 1510 tante
544 1454 640 1529 legato
665 1465 694 1514 et
714 1456 805 1531 plenis
833 1457 883 1512 irae
917 1465 1003 1530 etque
1029 1421 1205 1532 indignitatis
1234 1456 1359 1513 militum
1390 1454 1486 1522 animis,
1523 1459 1524 1488 ³

443 1560 556 1634 eruptio
577 1574 621 1618 est
641 1561 729 1621 factu.
775 1563 899 1618 Multum
923 1563 960 1618 ab
982 1581 1034 1637 spe
1061 1561 1185 1618 adeundi
1206 1559 1279 1617 velli
1299 1580 1349 1618 res
1371 1559 1488 1618 Hernicis

413 1663 531 1734 defuit3
574 1667 647 1724 adeo
676 1666 799 1724 turbatis
830 1667 897 1724 inde
930 1667 1077 1724 ordinibus
1108 1668 1285 1724 abscessere.
1345 1651 1489 1724 Dictatciis
1523 1683 1524 1692 ¹

444 1771 546 1828 deinde
568 1772 692 1829 adventu
715 1789 809 1829 novus
830 1773 921 1829 veteri
942 1773 1084 1829 exercitus
1105 1773 1233 1848 iungitur
1252 1783 1282 1828 et
1303 1773 1399 1848 copiae
1413 1769 1489 1846 dupli·
1523 1777 1524 1784 ’

342 1909 346 1916 ·
444 1888 560 1947 cantur3
593 1887 621 1934 et
648 1897 702 1953 pro
724 1879 858 1935 contione
889 1878 1013 1935 dictator
1033 1877 1166 1935 laudibus
1194 1878 1285 1952 legati
1314 1879 1490 1951 militumque,
1523 1884 1524 1915 ³

444 1979 566 2056 quorum
587 1982 694 2040 virtute
715 1995 812 2041 cestra
833 1983 952 2041 defensa
975 1992 1067 2053 erant,
1089 1982 1174 2039 simul
1196 1983 1385 2042 audientibus
1407 1984 1491 2040 laudes
1523 1991 1524 2023 l

443 2072 562 2145 meritas
588 2089 663 2145 tollit
689 2090 818 2159 animos,
856 2090 942 2147 simul
968 2097 1078 2146 ceteros
1108 2089 1146 2144 ad
1176 2089 1361 2146 aemulandas
1387 2090 1492 2146 virtutes

412 2195 529 2252 lacuit.
584 2196 689 2270 Neque
715 2195 830 2270 segnius
861 2196 899 2252 ad
927 2197 1024 2252 hostes
1053 2194 1160 2251 bellum
1190 2204 1373 2270 apparatur,
1408 2196 1493 2270 quiet
1523 2221 1524 2230 κ

443 2300 520 2376 parti
548 2311 615 2357 ante
646 2301 758 2358 decoris
785 2319 927 2359 memores
961 2319 1054 2375 neque
1085 2300 1178 2375 ignari
1211 2310 1369 2358 auctarum
1404 2302 1493 2358 virium
1523 2337 1524 2341 κ

341 2433 345 2438 ’
441 2407 533 2464 hostis
565 2425 633 2464 suas
661 2426 777 2482 quoque
804 2385 880 2465 vires
905 2416 1019 2481 augent.
1083 2405 1177 2464 Omne
1198 2407 1364 2465 Hernicum
1395 2415 1494 2470 nomen,
1523 2417 1524 2447 ³

443 2512 537 2569 omnis
566 2513 697 2570 militaris
727 2522 797 2569 aetas
827 2513 951 2581 excitur3
990 2511 1238 2587 quadringenariae
1263 2523 1333 2570 octo
1365 2515 1495 2572 cohortes.

413 2621 518 2676 electa
538 2620 647 2675 robora
661 2617 797 2688 virorum,
819 2618 990 2678 scribuntur.
1033 2619 1119 2675 Hunc
1134 2619 1271 2676 eximium
1287 2620 1394 2676 florem
1410 2621 1495 2676 iuven·

442 2725 512 2781 tutis
533 2743 567 2780 eo
590 2724 686 2793 etiam,
719 2725 806 2798 quod,
835 2734 866 2780 ut
888 2724 994 2798 duplex
1016 2723 1178 2798 acciperent
1194 2725 1392 2800 stipendium,
1413 2727 1494 2783 deere-
1523 2733 1524 2738 ’

443 2839 555 2899 verant,
576 2829 879 2906 speienimorumque
900 2829 1071 2904 implevere3
1093 2830 1234 2888 immunes
1250 2849 1375 2906 quoque
1390 2849 1494 2908 operum
1523 2839 1524 2870 ³

444 2936 611 2992 militarium
632 2946 729 3005 erant,
764 2945 796 2992 ut
826 2936 856 2992 in
879 2953 965 2992 unum
987 2953 1091 3010 pugnas
1119 2937 1249 2993 laborem
1271 2940 1423 2996 reservati
1444 2937 1494 3012 plus
1523 2943 1524 2954 ¹

414 3043 500 3099 tsibi
522 3061 608 3116 quam
631 3061 684 3118 pro
706 3041 782 3098 virili
803 3051 886 3116 parte
908 3041 1092 3098 annitendum
1114 3042 1234 3111 scirent3
1264 3053 1354 3101 extra
1380 3044 1493 3102 ordinem
1523 3055 1524 3082 l

445 3148 531 3205 etiam
559 3149 589 3205 in
622 3149 684 3204 acie
711 3147 815 3217 locati,
846 3167 904 3222 quo
934 3147 1115 3222 conspectior
1140 3147 1230 3204 virtus
1261 3158 1350 3210 essct.
1411 3151 1496 3208 Duum

445 3255 565 3312 millium
594 3254 726 3330 planities
754 3264 850 3310 costra
876 3256 1010 3311 Romane
1037 3254 1074 3309 ab
1097 3253 1231 3309 Hernicis
1258 3253 1433 3324 dirimebst;
1464 3250 1494 3306 ibi
1523 3259 1524 3294 l

415 3361 510 3437 lpari
530 3361 620 3418 ferme
646 3361 780 3435 utrinque
809 3361 904 3435 spatio
935 3359 965 3416 in
992 3360 1087 3416 medio
1113 3367 1275 3433 pugnatum
1302 3371 1359 3420 est.
1409 3359 1495 3419 Primo

445 3467 522 3523 stetit
544 3467 681 3542 ambigua
701 3485 753 3542 spe
774 3485 888 3541 pugna,
911 3466 1102 3540 nequicquam
1125 3482 1201 3539 saepe
1223 3467 1338 3524 conatis
1364 3467 1494 3543 equitibus

384 3548 391 3558 ⁷
415 3569 584 3629 8Romanis
606 3573 714 3647 impetu
742 3573 859 3630 turbare
886 3571 1010 3629 hostium
1034 3571 1133 3628 aciem.
1177 3571 1342 3644 Postquam
1366 3571 1494 3648 equestris

443 3695 542 3752 pugna
569 3677 672 3735 effectu
701 3685 787 3754 quam
819 3678 969 3735 conatibus
998 3677 1101 3734 vanior
1139 3685 1216 3742 erat,
1255 3679 1392 3736 consulto
1427 3677 1494 3754 prius

443 3783 583 3840 dictatore
605 3785 728 3857 equites,
756 3785 897 3860 permissu
920 3784 1022 3841 deinde
1043 3783 1104 3840 eius
1127 3782 1233 3840 relictis
1257 3782 1357 3857 equis,
1381 3784 1494 3840 clamore

442 3889 551 3963 ingenti
586 3891 741 3964 provolant
770 3900 837 3946 ante
868 3889 952 3964 signa
982 3898 1011 3946 et
1040 3907 1145 3945 novam
1178 3888 1326 3962 integrent
1361 3903 1493 3964 pugnsm3

414 3994 537 4069 bneque
558 3996 691 4053 sustineri
712 4004 857 4072 poterant,
887 3995 916 4052 ni
939 3993 1175 4052 extraordinariae
1196 3994 1333 4050 cohortes
1355 3995 1422 4070 pari
1440 4011 1494 4050 cor-

352 4094 375 4164 8
444 4121 547 4178 porum
570 4101 789 4175 animorumque
819 4102 925 4172 robpre
953 4119 984 4157 se
1014 4100 1195 4159 obiecissent.
1237 4101 1325 4158 Tunc
1348 4100 1425 4158 inter
1445 4097 1493 4174 pri·

444 4227 539 4265 mores
561 4208 683 4264 duorum
697 4206 870 4282 populorum
892 4225 938 4263 res
959 4206 1081 4282 geritur3
1107 4204 1243 4281 quicquid
1265 4205 1334 4263 hinc
1355 4216 1408 4264 ant
1426 4203 1493 4263 illinc
