<?xml version="1.0" encoding="UTF-8"?>
<!DOCTYPE html PUBLIC "-//W3C//DTD XHTML 1.0 Transitional//EN"
    "http://www.w3.org/TR/xhtml1/DTD/xhtml1-transitional.dtd">
<html xmlns="http://www.w3.org/1999/xhtml" xml:lang="en" lang="en">
 <head>
  <title>
</title>
<meta http-equiv="Content-Type" content="text/html;charset=utf-8" />
  <meta name='ocr-system' content='tesseract 3.04.00' />
  <meta name='ocr-capabilities' content='ocr_page ocr_carea ocr_par ocr_line ocrx_word'/>
</head>
<body>
  <div class='ocr_page' id='page_1' title='image "./titiliviihistor03ussigoog_0241.png"; bbox 0 0 3392 5084; ppageno 0'>
   <div class='ocr_carea' id='block_1_1' title="bbox 502 503 1227 569">
    <p class='ocr_par' dir='ltr' id='par_1_1' title="bbox 502 503 1227 569">
     <span class='ocr_line' id='line_1_1' title="bbox 502 503 1227 569; baseline 0.019 -15"><span class='ocrx_word' id='word_1_1' title='bbox 502 504 581 556; x_wconf 82' lang='lat' dir='ltr'><strong>Liber</strong></span> <span class='ocrx_word' id='word_1_2' title='bbox 598 504 646 554; x_wconf 80' lang='lat' dir='ltr'><strong>tv.</strong></span> <span class='ocrx_word' id='word_1_3' title='bbox 684 504 732 567; x_wconf 83' lang='lat' dir='ltr'><strong>(A.</strong></span> <span class='ocrx_word' id='word_1_4' title='bbox 746 503 966 569; x_wconf 77' lang='lat' dir='ltr'><strong>ch.4ts-4ss.)</strong></span> <span class='ocrx_word' id='word_1_5' title='bbox 1168 510 1227 568; x_wconf 79' lang='lat'><strong>203</strong></span> 
     </span>
    </p>
   </div>
   <div class='ocr_carea' id='block_1_2' title="bbox 196 665 1443 4347">
    <p class='ocr_par' dir='ltr' id='par_1_2' title="bbox 216 665 1320 956">
     <span class='ocr_line' id='line_1_2' title="bbox 216 665 1320 765; baseline 0.008 -23"><span class='ocrx_word' id='word_1_6' title='bbox 216 686 304 742; x_wconf 79' lang='lat' dir='ltr'><strong>bebita</strong></span> <span class='ocrx_word' id='word_1_7' title='bbox 323 687 503 761; x_wconf 78' lang='lat' dir='ltr'><strong>plebeiorum</strong></span> <span class='ocrx_word' id='word_1_8' title='bbox 533 698 617 746; x_wconf 88' lang='lat' dir='ltr'><strong>esset.</strong></span> <span class='ocrx_word' id='word_1_9' title='bbox 667 689 753 746; x_wconf 77' lang='lat' dir='ltr'><strong>Haste</strong></span> <span class='ocrx_word' id='word_1_10' title='bbox 784 690 957 748; x_wconf 80' lang='lat' dir='ltr'><strong>modestiam</strong></span> <span class='ocrx_word' id='word_1_11' title='bbox 985 665 1209 765; x_wconf 50' lang='lat' dir='ltr'><strong>&amp;obituumque</strong></span> <span class='ocrx_word' id='word_1_12' title='bbox 1240 702 1271 750; x_wconf 86' lang='lat' dir='ltr'><strong>et</strong></span> <span class='ocrx_word' id='word_1_13' title='bbox 1285 698 1320 752; x_wconf 81' lang='lat' dir='ltr'><strong>tt</strong></span> 
     </span>
     <span class='ocr_line' id='line_1_3' title="bbox 217 790 1270 873; baseline 0.009 -28"><span class='ocrx_word' id='word_1_14' title='bbox 217 790 382 850; x_wconf 79' lang='lat' dir='ltr'><strong>altitudinem</strong></span> <span class='ocrx_word' id='word_1_15' title='bbox 405 793 495 850; x_wconf 84' lang='lat' dir='ltr'><strong>enimi</strong></span> <span class='ocrx_word' id='word_1_16' title='bbox 517 793 566 852; x_wconf 88' lang='lat' dir='ltr'><strong>ubi</strong></span> <span class='ocrx_word' id='word_1_17' title='bbox 588 812 665 852; x_wconf 89' lang='lat' dir='ltr'><strong>nunc</strong></span> <span class='ocrx_word' id='word_1_18' title='bbox 685 795 715 852; x_wconf 90' lang='lat' dir='ltr'><strong>in</strong></span> <span class='ocrx_word' id='word_1_19' title='bbox 738 813 796 854; x_wconf 90' lang='lat' dir='ltr'><strong>unc</strong></span> <span class='ocrx_word' id='word_1_20' title='bbox 817 795 978 867; x_wconf 85' lang='lat' dir='ltr'><strong>inveneris,</strong></span> <span class='ocrx_word' id='word_1_21' title='bbox 999 805 1146 871; x_wconf 76' lang='lat' dir='ltr'><strong>questum</strong></span> <span class='ocrx_word' id='word_1_22' title='bbox 1168 797 1270 873; x_wconf 90' lang='lat' dir='ltr'><strong>populi</strong></span> 
     </span>
     <span class='ocr_line' id='line_1_4' title="bbox 216 896 424 956; baseline 0.014 -6"><span class='ocrx_word' id='word_1_23' title='bbox 216 896 328 954; x_wconf 86' lang='lat' dir='ltr'><strong>universi</strong></span> <span class='ocrx_word' id='word_1_24' title='bbox 350 896 424 956; x_wconf 81' lang='lat' dir='ltr'><strong>fuit?</strong></span> 
     </span>
    </p>

    <p class='ocr_par' dir='ltr' id='par_1_3' title="bbox 196 982 1443 2348">
     <span class='ocr_line' id='line_1_5' title="bbox 286 982 1364 1082; baseline 0.006 -23"><span class='ocrx_word' id='word_1_25' title='bbox 286 1005 375 1060; x_wconf 89' lang='lat' dir='ltr'><strong>Anno</strong></span> <span class='ocrx_word' id='word_1_26' title='bbox 408 1004 610 1061; x_wconf 85' lang='lat' dir='ltr'><strong>trecentesimo</strong></span> <span class='ocrx_word' id='word_1_27' title='bbox 640 1004 769 1074; x_wconf 89' lang='lat' dir='ltr'><strong>decimo,</strong></span> <span class='ocrx_word' id='word_1_28' title='bbox 801 1025 890 1082; x_wconf 87' lang='lat' dir='ltr'><strong>quam</strong></span> <span class='ocrx_word' id='word_1_29' title='bbox 921 982 992 1063; x_wconf 88' lang='lat' dir='ltr'><strong>urbs</strong></span> <span class='ocrx_word' id='word_1_30' title='bbox 1024 1007 1122 1063; x_wconf 87' lang='lat' dir='ltr'><strong>Roma</strong></span> <span class='ocrx_word' id='word_1_31' title='bbox 1151 1007 1269 1064; x_wconf 83' lang='lat' dir='ltr'><strong>condite</strong></span> <span class='ocrx_word' id='word_1_32' title='bbox 1343 1011 1364 1078; x_wconf 77' lang='lat' dir='ltr'><strong>&#39;l</strong></span> 
     </span>
     <span class='ocr_line' id='line_1_6' title="bbox 217 1093 1443 1216; baseline 0.008 -55"><span class='ocrx_word' id='word_1_33' title='bbox 217 1117 280 1178; x_wconf 87' lang='lat' dir='ltr'><strong>erat,</strong></span> <span class='ocrx_word' id='word_1_34' title='bbox 313 1110 441 1183; x_wconf 89' lang='lat' dir='ltr'><strong>primum</strong></span> <span class='ocrx_word' id='word_1_35' title='bbox 474 1109 582 1166; x_wconf 88' lang='lat' dir='ltr'><strong>tribuni</strong></span> <span class='ocrx_word' id='word_1_36' title='bbox 617 1110 739 1168; x_wconf 87' lang='lat' dir='ltr'><strong>militum</strong></span> <span class='ocrx_word' id='word_1_37' title='bbox 774 1131 828 1187; x_wconf 90' lang='lat' dir='ltr'><strong>pro</strong></span> <span class='ocrx_word' id='word_1_38' title='bbox 865 1111 1031 1169; x_wconf 88' lang='lat' dir='ltr'><strong>consulibus</strong></span> <span class='ocrx_word' id='word_1_39' title='bbox 1064 1112 1266 1185; x_wconf 77' lang='lat' dir='ltr'><strong>magistratum</strong></span> <span class='ocrx_word' id='word_1_40' title='bbox 1279 1093 1443 1216; x_wconf 37' lang='lat' dir='ltr'><strong>fimo-11⁰&amp;</strong></span> 
     </span>
     <span class='ocr_line' id='line_1_7' title="bbox 216 1203 1434 1292; baseline 0.009 -26"><span class='ocrx_word' id='word_1_41' title='bbox 216 1213 310 1284; x_wconf 90' lang='lat' dir='ltr'><strong>ineunt,</strong></span> <span class='ocrx_word' id='word_1_42' title='bbox 332 1216 372 1270; x_wconf 89' lang='lat' dir='ltr'><strong>A.</strong></span> <span class='ocrx_word' id='word_1_43' title='bbox 390 1215 580 1291; x_wconf 78' lang='lat' dir='ltr'>Sempronius</span> <span class='ocrx_word' id='word_1_44' title='bbox 599 1218 764 1286; x_wconf 76' lang='lat' dir='ltr'><strong>Atratinus,</strong></span> <span class='ocrx_word' id='word_1_45' title='bbox 785 1217 819 1276; x_wconf 91' lang='lat' dir='ltr'><strong>L.</strong></span> <span class='ocrx_word' id='word_1_46' title='bbox 845 1217 964 1287; x_wconf 89' lang='lat' dir='ltr'><strong>Atilius,</strong></span> <span class='ocrx_word' id='word_1_47' title='bbox 986 1218 1023 1274; x_wconf 87' lang='grc' dir='ltr'><strong>Τ.</strong></span> <span class='ocrx_word' id='word_1_48' title='bbox 1046 1214 1173 1287; x_wconf 75' lang='lat' dir='ltr'><strong>Cloelius,</strong></span> <span class='ocrx_word' id='word_1_49' title='bbox 1196 1236 1268 1292; x_wconf 88' lang='lat' dir='ltr'><strong>quo·</strong></span> <span class='ocrx_word' id='word_1_50' title='bbox 1307 1204 1315 1219; x_wconf 61' lang='lat'><strong>⁹</strong></span> <span class='ocrx_word' id='word_1_51' title='bbox 1364 1203 1370 1216; x_wconf 66' lang='grc'>’</span> <span class='ocrx_word' id='word_1_52' title='bbox 1432 1210 1434 1217; x_wconf 69' lang='grc'><strong>’</strong></span> 
     </span>
     <span class='ocr_line' id='line_1_8' title="bbox 217 1320 1270 1399; baseline 0.007 -25"><span class='ocrx_word' id='word_1_53' title='bbox 217 1337 268 1374; x_wconf 87' lang='lat' dir='ltr'><strong>rum</strong></span> <span class='ocrx_word' id='word_1_54' title='bbox 294 1320 324 1375; x_wconf 92' lang='lat' dir='ltr'><strong>in</strong></span> <span class='ocrx_word' id='word_1_55' title='bbox 347 1321 520 1395; x_wconf 79' lang='lat' dir='ltr'><strong>magistratu</strong></span> <span class='ocrx_word' id='word_1_56' title='bbox 553 1322 709 1380; x_wconf 83' lang='lat' dir='ltr'><strong>concordie</strong></span> <span class='ocrx_word' id='word_1_57' title='bbox 739 1323 818 1380; x_wconf 86' lang='lat' dir='ltr'><strong>domi</strong></span> <span class='ocrx_word' id='word_1_58' title='bbox 845 1341 947 1399; x_wconf 84' lang='lat' dir='ltr'><strong>pacem</strong></span> <span class='ocrx_word' id='word_1_59' title='bbox 977 1323 1065 1380; x_wconf 88' lang='lat' dir='ltr'><strong>etiam</strong></span> <span class='ocrx_word' id='word_1_60' title='bbox 1094 1321 1166 1380; x_wconf 83' lang='lat' dir='ltr'><strong>ioris</strong></span> <span class='ocrx_word' id='word_1_61' title='bbox 1195 1342 1270 1398; x_wconf 77' lang='lat' dir='ltr'><strong>prae·</strong></span> 
     </span>
     <span class='ocr_line' id='line_1_9' title="bbox 217 1424 1299 1515; baseline 0.006 -35"><span class='ocrx_word' id='word_1_62' title='bbox 217 1426 275 1482; x_wconf 66' lang='lat' dir='ltr'><strong>buit,</strong></span> <span class='ocrx_word' id='word_1_63' title='bbox 329 1424 414 1495; x_wconf 81' lang='lat' dir='ltr'><strong>Sunt,</strong></span> <span class='ocrx_word' id='word_1_64' title='bbox 446 1425 495 1500; x_wconf 88' lang='lat' dir='ltr'><strong>qui</strong></span> <span class='ocrx_word' id='word_1_65' title='bbox 519 1435 639 1502; x_wconf 89' lang='lat' dir='ltr'><strong>propter</strong></span> <span class='ocrx_word' id='word_1_66' title='bbox 663 1429 807 1486; x_wconf 81' lang='lat' dir='ltr'><strong>adiectum</strong></span> <span class='ocrx_word' id='word_1_67' title='bbox 837 1429 1004 1502; x_wconf 83' lang='lat' dir='ltr'><strong>AEquorum</strong></span> <span class='ocrx_word' id='word_1_68' title='bbox 1037 1427 1299 1515; x_wconf 82' lang='lat' dir='ltr'><strong>Volscorumque2</strong></span> 
     </span>
     <span class='ocr_line' id='line_1_10' title="bbox 216 1531 1271 1608; baseline 0.005 -21"><span class='ocrx_word' id='word_1_69' title='bbox 216 1531 279 1588; x_wconf 90' lang='lat' dir='ltr'><strong>bello</strong></span> <span class='ocrx_word' id='word_1_70' title='bbox 300 1541 329 1588; x_wconf 89' lang='lat' dir='ltr'><strong>et</strong></span> <span class='ocrx_word' id='word_1_71' title='bbox 350 1532 524 1589; x_wconf 79' lang='lat' dir='ltr'><strong>Ardeatium</strong></span> <span class='ocrx_word' id='word_1_72' title='bbox 555 1531 710 1592; x_wconf 79' lang='lat' dir='ltr'><strong>defectioni</strong></span> <span class='ocrx_word' id='word_1_73' title='bbox 737 1534 845 1592; x_wconf 90' lang='lat' dir='ltr'><strong>Veiens</strong></span> <span class='ocrx_word' id='word_1_74' title='bbox 867 1533 990 1604; x_wconf 89' lang='lat' dir='ltr'><strong>bellum,</strong></span> <span class='ocrx_word' id='word_1_75' title='bbox 1020 1533 1090 1608; x_wconf 81' lang='lat' dir='ltr'><strong>quia</strong></span> <span class='ocrx_word' id='word_1_76' title='bbox 1118 1534 1178 1592; x_wconf 89' lang='lat' dir='ltr'><strong>duo</strong></span> <span class='ocrx_word' id='word_1_77' title='bbox 1200 1554 1271 1606; x_wconf 25' lang='lat' dir='ltr'><strong>oon·-</strong></span> 
     </span>
     <span class='ocr_line' id='line_1_11' title="bbox 217 1623 1268 1713; baseline 0.007 -21"><span class='ocrx_word' id='word_1_78' title='bbox 217 1636 280 1694; x_wconf 87' lang='lat' dir='ltr'><strong>sules</strong></span> <span class='ocrx_word' id='word_1_79' title='bbox 301 1637 384 1694; x_wconf 91' lang='lat' dir='ltr'><strong>obire</strong></span> <span class='ocrx_word' id='word_1_80' title='bbox 411 1646 456 1694; x_wconf 87' lang='lat' dir='ltr'><strong>tot</strong></span> <span class='ocrx_word' id='word_1_81' title='bbox 486 1638 572 1695; x_wconf 91' lang='lat' dir='ltr'><strong>simul</strong></span> <span class='ocrx_word' id='word_1_82' title='bbox 601 1638 679 1698; x_wconf 85' lang='lat' dir='ltr'><strong>bella</strong></span> <span class='ocrx_word' id='word_1_83' title='bbox 707 1623 876 1713; x_wconf 80' lang='lat' dir='ltr'><strong>nequirent,</strong></span> <span class='ocrx_word' id='word_1_84' title='bbox 904 1639 1036 1696; x_wconf 86' lang='lat' dir='ltr'><strong>tribunos</strong></span> <span class='ocrx_word' id='word_1_85' title='bbox 1063 1640 1185 1698; x_wconf 89' lang='lat' dir='ltr'><strong>militum</strong></span> <span class='ocrx_word' id='word_1_86' title='bbox 1209 1650 1268 1699; x_wconf 83' lang='lat' dir='ltr'><strong>tres</strong></span> 
     </span>
     <span class='ocr_line' id='line_1_12' title="bbox 218 1742 1268 1821; baseline 0.005 -23"><span class='ocrx_word' id='word_1_87' title='bbox 218 1751 316 1800; x_wconf 84' lang='lat' dir='ltr'><strong>creatos</strong></span> <span class='ocrx_word' id='word_1_88' title='bbox 338 1742 447 1812; x_wconf 89' lang='lat' dir='ltr'><strong>dicant,</strong></span> <span class='ocrx_word' id='word_1_89' title='bbox 476 1744 537 1800; x_wconf 91' lang='lat' dir='ltr'><strong>sine</strong></span> <span class='ocrx_word' id='word_1_90' title='bbox 559 1745 703 1802; x_wconf 88' lang='lat' dir='ltr'><strong>mentione</strong></span> <span class='ocrx_word' id='word_1_91' title='bbox 727 1743 919 1819; x_wconf 77' lang='lat' dir='ltr'><strong>promulgetur</strong></span> <span class='ocrx_word' id='word_1_92' title='bbox 946 1745 1019 1821; x_wconf 86' lang='lat' dir='ltr'><strong>legis</strong></span> <span class='ocrx_word' id='word_1_93' title='bbox 1038 1746 1074 1803; x_wconf 86' lang='lat' dir='ltr'><strong>de</strong></span> <span class='ocrx_word' id='word_1_94' title='bbox 1102 1746 1268 1805; x_wconf 88' lang='lat' dir='ltr'><strong>oonsulibus</strong></span> 
     </span>
     <span class='ocr_line' id='line_1_13' title="bbox 218 1849 1268 1926; baseline 0.006 -24"><span class='ocrx_word' id='word_1_95' title='bbox 218 1849 336 1906; x_wconf 74' lang='lat' dir='ltr'><strong>creandis</strong></span> <span class='ocrx_word' id='word_1_96' title='bbox 358 1849 513 1924; x_wconf 83' lang='lat' dir='ltr'><strong>explebe,</strong></span> <span class='ocrx_word' id='word_1_97' title='bbox 535 1858 564 1906; x_wconf 90' lang='lat' dir='ltr'><strong>et</strong></span> <span class='ocrx_word' id='word_1_98' title='bbox 583 1849 706 1926; x_wconf 90' lang='lat' dir='ltr'><strong>imperio</strong></span> <span class='ocrx_word' id='word_1_99' title='bbox 729 1858 759 1906; x_wconf 91' lang='lat' dir='ltr'><strong>et</strong></span> <span class='ocrx_word' id='word_1_100' title='bbox 778 1849 940 1925; x_wconf 80' lang='lat' dir='ltr'><strong>insignibus</strong></span> <span class='ocrx_word' id='word_1_101' title='bbox 968 1851 1169 1909; x_wconf 86' lang='lat' dir='ltr'><strong>consularibus</strong></span> <span class='ocrx_word' id='word_1_102' title='bbox 1189 1871 1268 1910; x_wconf 91' lang='lat' dir='ltr'><strong>usos.</strong></span> 
     </span>
     <span class='ocr_line' id='line_1_14' title="bbox 218 1953 1299 2032; baseline 0.006 -23"><span class='ocrx_word' id='word_1_103' title='bbox 218 1953 275 2009; x_wconf 87' lang='lat' dir='ltr'><strong>Non</strong></span> <span class='ocrx_word' id='word_1_104' title='bbox 294 1964 394 2011; x_wconf 84' lang='lat' dir='ltr'><strong>temen</strong></span> <span class='ocrx_word' id='word_1_105' title='bbox 422 1973 477 2030; x_wconf 89' lang='lat' dir='ltr'><strong>pro</strong></span> <span class='ocrx_word' id='word_1_106' title='bbox 499 1956 614 2014; x_wconf 82' lang='lat' dir='ltr'><strong>firmato</strong></span> <span class='ocrx_word' id='word_1_107' title='bbox 635 1955 694 2012; x_wconf 85' lang='lat' dir='ltr'><strong>iam</strong></span> <span class='ocrx_word' id='word_1_108' title='bbox 716 1955 795 2012; x_wconf 86' lang='lat' dir='ltr'><strong>stetit</strong></span> <span class='ocrx_word' id='word_1_109' title='bbox 817 1955 1004 2030; x_wconf 87' lang='lat' dir='ltr'><strong>magistratus</strong></span> <span class='ocrx_word' id='word_1_110' title='bbox 1027 1956 1087 2014; x_wconf 88' lang='lat' dir='ltr'><strong>eius</strong></span> <span class='ocrx_word' id='word_1_111' title='bbox 1108 1957 1169 2022; x_wconf 88' lang='lat' dir='ltr'><strong>ius,</strong></span> <span class='ocrx_word' id='word_1_112' title='bbox 1200 1959 1299 2032; x_wconf 68' lang='lat' dir='ltr'><strong>quiea</strong></span> 
     </span>
     <span class='ocr_line' id='line_1_15' title="bbox 196 2060 1269 2136; baseline 0.007 -24"><span class='ocrx_word' id='word_1_113' title='bbox 196 2060 291 2116; x_wconf 66' lang='lat' dir='ltr'><strong>tertio</strong></span> <span class='ocrx_word' id='word_1_114' title='bbox 319 2065 428 2132; x_wconf 80' lang='lat' dir='ltr'><strong>mense,</strong></span> <span class='ocrx_word' id='word_1_115' title='bbox 463 2079 551 2135; x_wconf 85' lang='lat' dir='ltr'><strong>quam</strong></span> <span class='ocrx_word' id='word_1_116' title='bbox 581 2061 721 2132; x_wconf 88' lang='lat' dir='ltr'><strong>inierunt,</strong></span> <span class='ocrx_word' id='word_1_117' title='bbox 755 2079 899 2135; x_wconf 85' lang='lat' dir='ltr'><strong>augurum</strong></span> <span class='ocrx_word' id='word_1_118' title='bbox 930 2062 1062 2132; x_wconf 88' lang='lat' dir='ltr'><strong>decreto,</strong></span> <span class='ocrx_word' id='word_1_119' title='bbox 1093 2063 1213 2136; x_wconf 86' lang='lat' dir='ltr'><strong>perinde</strong></span> <span class='ocrx_word' id='word_1_120' title='bbox 1234 2081 1269 2120; x_wconf 84' lang='lat' dir='ltr'><strong>ac</strong></span> 
     </span>
     <span class='ocr_line' id='line_1_16' title="bbox 218 2160 1269 2240; baseline 0.005 -20"><span class='ocrx_word' id='word_1_121' title='bbox 218 2164 284 2240; x_wconf 82' lang='lat' dir='ltr'><strong>vitio¹</strong></span> <span class='ocrx_word' id='word_1_122' title='bbox 305 2160 410 2236; x_wconf 84' lang='lat' dir='ltr'><strong>creati&#39;,</strong></span> <span class='ocrx_word' id='word_1_123' title='bbox 441 2168 552 2224; x_wconf 88' lang='lat' dir='ltr'><strong>honore</strong></span> <span class='ocrx_word' id='word_1_124' title='bbox 576 2167 683 2237; x_wconf 84' lang='lat' dir='ltr'><strong>abiere,</strong></span> <span class='ocrx_word' id='word_1_125' title='bbox 716 2167 796 2240; x_wconf 91' lang='lat' dir='ltr'><strong>quod</strong></span> <span class='ocrx_word' id='word_1_126' title='bbox 827 2164 861 2224; x_wconf 84' lang='grc' dir='ltr'><strong>Ο.</strong></span> <span class='ocrx_word' id='word_1_127' title='bbox 897 2164 1029 2235; x_wconf 87' lang='lat' dir='ltr'><strong>Curtius,</strong></span> <span class='ocrx_word' id='word_1_128' title='bbox 1060 2167 1112 2240; x_wconf 91' lang='lat' dir='ltr'><strong>qui</strong></span> <span class='ocrx_word' id='word_1_129' title='bbox 1145 2168 1269 2225; x_wconf 87' lang='lat' dir='ltr'><strong>comitiis</strong></span> 
     </span>
     <span class='ocr_line' id='line_1_17' title="bbox 220 2271 1110 2348; baseline 0.002 -23"><span class='ocrx_word' id='word_1_130' title='bbox 220 2287 304 2327; x_wconf 87' lang='lat' dir='ltr'><strong>eorum</strong></span> <span class='ocrx_word' id='word_1_131' title='bbox 325 2271 493 2346; x_wconf 79' lang='lat' dir='ltr'><strong>praefuerat,</strong></span> <span class='ocrx_word' id='word_1_132' title='bbox 514 2292 617 2348; x_wconf 83' lang='lat' dir='ltr'><strong>pamm</strong></span> <span class='ocrx_word' id='word_1_133' title='bbox 639 2283 717 2330; x_wconf 90' lang='lat' dir='ltr'><strong>recte</strong></span> <span class='ocrx_word' id='word_1_134' title='bbox 739 2271 958 2344; x_wconf 83' lang='lat' dir='ltr'><strong>tabernaculum</strong></span> <span class='ocrx_word' id='word_1_135' title='bbox 979 2271 1110 2346; x_wconf 87' lang='lat' dir='ltr'><strong>cepisset.</strong></span> 
     </span>
    </p>

    <p class='ocr_par' dir='ltr' id='par_1_4' title="bbox 220 2357 1343 3500">
     <span class='ocr_line' id='line_1_18' title="bbox 290 2357 1297 2452; baseline -0.001 -18"><span class='ocrx_word' id='word_1_136' title='bbox 290 2378 393 2452; x_wconf 83' lang='lat' dir='ltr'><strong>Legati</strong></span> <span class='ocrx_word' id='word_1_137' title='bbox 408 2379 445 2434; x_wconf 86' lang='lat' dir='ltr'><strong>ab</strong></span> <span class='ocrx_word' id='word_1_138' title='bbox 460 2378 639 2436; x_wconf 84' lang='lat' dir='ltr'><strong>Ardeatibus</strong></span> <span class='ocrx_word' id='word_1_139' title='bbox 654 2357 944 2447; x_wconf 33' lang='lat' dir='ltr'><strong>Remem&#39;venerunt,</strong></span> <span class='ocrx_word' id='word_1_140' title='bbox 965 2378 1008 2434; x_wconf 83' lang='lat' dir='ltr'><strong>ite</strong></span> <span class='ocrx_word' id='word_1_141' title='bbox 1028 2377 1065 2434; x_wconf 89' lang='lat' dir='ltr'><strong>de</strong></span> <span class='ocrx_word' id='word_1_142' title='bbox 1078 2376 1184 2434; x_wconf 88' lang='lat' dir='ltr'><strong>iniuria</strong></span> <span class='ocrx_word' id='word_1_143' title='bbox 1199 2395 1268 2450; x_wconf 86' lang='lat' dir='ltr'><strong>que·</strong></span> <span class='ocrx_word' id='word_1_144' title='bbox 1281 2388 1297 2442; x_wconf 84' lang='grc'><strong>4</strong></span> 
     </span>
     <span class='ocr_line' id='line_1_19' title="bbox 220 2480 1268 2557; baseline 0.002 -21"><span class='ocrx_word' id='word_1_145' title='bbox 220 2492 310 2553; x_wconf 88' lang='lat' dir='ltr'><strong>rentes,</strong></span> <span class='ocrx_word' id='word_1_146' title='bbox 331 2492 372 2553; x_wconf 87' lang='lat' dir='ltr'><strong>ut,</strong></span> <span class='ocrx_word' id='word_1_147' title='bbox 395 2484 421 2540; x_wconf 92' lang='lat' dir='ltr'><strong>si</strong></span> <span class='ocrx_word' id='word_1_148' title='bbox 445 2485 608 2541; x_wconf 86' lang='lat' dir='ltr'><strong>demeretur</strong></span> <span class='ocrx_word' id='word_1_149' title='bbox 629 2501 673 2554; x_wconf 87' lang='lat' dir='ltr'><strong>ea,</strong></span> <span class='ocrx_word' id='word_1_150' title='bbox 700 2482 730 2538; x_wconf 92' lang='lat' dir='ltr'><strong>in</strong></span> <span class='ocrx_word' id='word_1_151' title='bbox 751 2481 862 2540; x_wconf 86' lang='lat' dir='ltr'><strong>foedere</strong></span> <span class='ocrx_word' id='word_1_152' title='bbox 883 2492 972 2557; x_wconf 87' lang='lat' dir='ltr'><strong>atque</strong></span> <span class='ocrx_word' id='word_1_153' title='bbox 995 2480 1124 2540; x_wconf 85' lang='lat' dir='ltr'><strong>amicitia</strong></span> <span class='ocrx_word' id='word_1_154' title='bbox 1151 2499 1268 2539; x_wconf 85' lang='lat' dir='ltr'><strong>munsu-</strong></span> 
     </span>
     <span class='ocr_line' id='line_1_20' title="bbox 220 2588 1300 2664; baseline 0.004 -22"><span class='ocrx_word' id='word_1_155' title='bbox 220 2606 259 2644; x_wconf 91' lang='lat' dir='ltr'><strong>ros</strong></span> <span class='ocrx_word' id='word_1_156' title='bbox 292 2589 421 2647; x_wconf 87' lang='lat' dir='ltr'><strong>restituto</strong></span> <span class='ocrx_word' id='word_1_157' title='bbox 457 2607 530 2664; x_wconf 82' lang='lat' dir='ltr'><strong>agro</strong></span> <span class='ocrx_word' id='word_1_158' title='bbox 569 2597 732 2664; x_wconf 79' lang='lat' dir='ltr'><strong>appareret.</strong></span> <span class='ocrx_word' id='word_1_159' title='bbox 788 2588 838 2645; x_wconf 77' lang='lat' dir='ltr'><strong>Ab</strong></span> <span class='ocrx_word' id='word_1_160' title='bbox 875 2598 979 2646; x_wconf 87' lang='lat' dir='ltr'><strong>senatu</strong></span> <span class='ocrx_word' id='word_1_161' title='bbox 1012 2606 1184 2664; x_wconf 88' lang='lat' dir='ltr'><strong>responsum</strong></span> <span class='ocrx_word' id='word_1_162' title='bbox 1217 2597 1300 2657; x_wconf 81' lang='lat' dir='ltr'><strong>est,5</strong></span> 
     </span>
     <span class='ocr_line' id='line_1_21' title="bbox 221 2692 1270 2770; baseline 0.005 -24"><span class='ocrx_word' id='word_1_163' title='bbox 221 2692 339 2752; x_wconf 85' lang='lat' dir='ltr'><strong>indicium</strong></span> <span class='ocrx_word' id='word_1_164' title='bbox 370 2693 472 2770; x_wconf 92' lang='lat' dir='ltr'><strong>populi</strong></span> <span class='ocrx_word' id='word_1_165' title='bbox 489 2692 628 2750; x_wconf 66' lang='lat' dir='ltr'><strong>vrescindi</strong></span> <span class='ocrx_word' id='word_1_166' title='bbox 659 2693 697 2750; x_wconf 92' lang='lat' dir='ltr'><strong>ab</strong></span> <span class='ocrx_word' id='word_1_167' title='bbox 723 2701 824 2750; x_wconf 87' lang='lat' dir='ltr'><strong>senatu</strong></span> <span class='ocrx_word' id='word_1_168' title='bbox 851 2713 910 2751; x_wconf 88' lang='lat' dir='ltr'><strong>uon</strong></span> <span class='ocrx_word' id='word_1_169' title='bbox 940 2713 1043 2769; x_wconf 88' lang='lat' dir='ltr'><strong>posse,</strong></span> <span class='ocrx_word' id='word_1_170' title='bbox 1074 2703 1270 2769; x_wconf 77' lang='lat' dir='ltr'><strong>praeterquam</strong></span> 
     </span>
     <span class='ocr_line' id='line_1_22' title="bbox 221 2798 1269 2873; baseline 0.002 -19"><span class='ocrx_word' id='word_1_171' title='bbox 221 2801 287 2870; x_wconf 90' lang='lat' dir='ltr'><strong>quod</strong></span> <span class='ocrx_word' id='word_1_172' title='bbox 306 2800 385 2858; x_wconf 91' lang='lat' dir='ltr'><strong>nullo</strong></span> <span class='ocrx_word' id='word_1_173' title='bbox 406 2817 461 2856; x_wconf 88' lang='lat' dir='ltr'><strong>neo</strong></span> <span class='ocrx_word' id='word_1_174' title='bbox 477 2798 612 2873; x_wconf 83' lang='lat' dir='ltr'><strong>exemplo</strong></span> <span class='ocrx_word' id='word_1_175' title='bbox 634 2816 687 2854; x_wconf 87' lang='lat' dir='ltr'><strong>neo</strong></span> <span class='ocrx_word' id='word_1_176' title='bbox 708 2798 770 2856; x_wconf 88' lang='lat' dir='ltr'><strong>iure</strong></span> <span class='ocrx_word' id='word_1_177' title='bbox 791 2799 882 2868; x_wconf 88' lang='lat' dir='ltr'><strong>fieret,</strong></span> <span class='ocrx_word' id='word_1_178' title='bbox 903 2801 1064 2858; x_wconf 84' lang='lat' dir='ltr'><strong>concordioe</strong></span> <span class='ocrx_word' id='word_1_179' title='bbox 1081 2801 1170 2857; x_wconf 87' lang='lat' dir='ltr'><strong>etiam</strong></span> <span class='ocrx_word' id='word_1_180' title='bbox 1191 2799 1269 2856; x_wconf 90' lang='lat' dir='ltr'><strong>ordi·</strong></span> 
     </span>
     <span class='ocr_line' id='line_1_23' title="bbox 222 2903 1300 2980; baseline 0.003 -24"><span class='ocrx_word' id='word_1_181' title='bbox 222 2921 279 2960; x_wconf 89' lang='lat' dir='ltr'><strong>num</strong></span> <span class='ocrx_word' id='word_1_182' title='bbox 317 2923 420 2972; x_wconf 69' lang='lat' dir='ltr'><strong>cansa,</strong></span> <span class='ocrx_word' id='word_1_183' title='bbox 466 2904 490 2960; x_wconf 95' lang='lat' dir='ltr'><strong>si</strong></span> <span class='ocrx_word' id='word_1_184' title='bbox 531 2903 674 2960; x_wconf 84' lang='lat' dir='ltr'><strong>Ardeates</strong></span> <span class='ocrx_word' id='word_1_185' title='bbox 708 2921 763 2960; x_wconf 85' lang='lat' dir='ltr'><strong>sua</strong></span> <span class='ocrx_word' id='word_1_186' title='bbox 803 2912 939 2979; x_wconf 85' lang='lat' dir='ltr'><strong>tempora</strong></span> <span class='ocrx_word' id='word_1_187' title='bbox 974 2914 1146 2980; x_wconf 78' lang='lat' dir='ltr'><strong>exspectare</strong></span> <span class='ocrx_word' id='word_1_188' title='bbox 1181 2904 1300 2962; x_wconf 78' lang='lat' dir='ltr'><strong>veliutb</strong></span> 
     </span>
     <span class='ocr_line' id='line_1_24' title="bbox 222 3007 1272 3084; baseline 0.005 -22"><span class='ocrx_word' id='word_1_189' title='bbox 222 3009 414 3084; x_wconf 84' lang='lat' dir='ltr'><strong>arbitriumque</strong></span> <span class='ocrx_word' id='word_1_190' title='bbox 437 3009 550 3068; x_wconf 86' lang='lat' dir='ltr'><strong>senatui</strong></span> <span class='ocrx_word' id='word_1_191' title='bbox 570 3008 702 3066; x_wconf 83' lang='lat' dir='ltr'><strong>levandae</strong></span> <span class='ocrx_word' id='word_1_192' title='bbox 727 3007 838 3066; x_wconf 85' lang='lat' dir='ltr'><strong>iniuriae</strong></span> <span class='ocrx_word' id='word_1_193' title='bbox 859 3027 919 3066; x_wconf 78' lang='lat' dir='ltr'><strong>suae</strong></span> <span class='ocrx_word' id='word_1_194' title='bbox 939 3009 1123 3084; x_wconf 85' lang='lat' dir='ltr'><strong>permittant,</strong></span> <span class='ocrx_word' id='word_1_195' title='bbox 1143 3009 1217 3080; x_wconf 83' lang='lat' dir='ltr'><strong>fore,</strong></span> <span class='ocrx_word' id='word_1_196' title='bbox 1238 3020 1272 3067; x_wconf 91' lang='lat' dir='ltr'><strong>ut</strong></span> 
     </span>
     <span class='ocr_line' id='line_1_25' title="bbox 222 3097 1271 3191; baseline 0.002 -22"><span class='ocrx_word' id='word_1_197' title='bbox 222 3116 360 3185; x_wconf 90' lang='lat' dir='ltr'><strong>postmodo</strong></span> <span class='ocrx_word' id='word_1_198' title='bbox 391 3115 555 3190; x_wconf 84' lang='lat' dir='ltr'><strong>gaudeant,</strong></span> <span class='ocrx_word' id='word_1_199' title='bbox 584 3131 617 3170; x_wconf 91' lang='lat' dir='ltr'><strong>se</strong></span> <span class='ocrx_word' id='word_1_200' title='bbox 648 3113 699 3170; x_wconf 82' lang='lat' dir='ltr'><strong>irae</strong></span> <span class='ocrx_word' id='word_1_201' title='bbox 730 3115 913 3184; x_wconf 84' lang='lat' dir='ltr'><strong>moderatos,</strong></span> <span class='ocrx_word' id='word_1_202' title='bbox 947 3116 1108 3191; x_wconf 88' lang='lat' dir='ltr'><strong>sciantque,</strong></span> <span class='ocrx_word' id='word_1_203' title='bbox 1138 3097 1271 3190; x_wconf 87' lang='lat' dir='ltr'><strong>patribus</strong></span> 
     </span>
     <span class='ocr_line' id='line_1_26' title="bbox 223 3219 1343 3293; baseline 0.001 -18"><span class='ocrx_word' id='word_1_204' title='bbox 223 3235 291 3292; x_wconf 81' lang='lat' dir='ltr'><strong>eque</strong></span> <span class='ocrx_word' id='word_1_205' title='bbox 307 3239 383 3278; x_wconf 77' lang='lat' dir='ltr'><strong>curre</strong></span> <span class='ocrx_word' id='word_1_206' title='bbox 404 3220 508 3289; x_wconf 81' lang='lat' dir='ltr'><strong>fuisse,</strong></span> <span class='ocrx_word' id='word_1_207' title='bbox 536 3239 573 3276; x_wconf 91' lang='lat' dir='ltr'><strong>ne</strong></span> <span class='ocrx_word' id='word_1_208' title='bbox 596 3237 654 3293; x_wconf 87' lang='lat' dir='ltr'><strong>qua</strong></span> <span class='ocrx_word' id='word_1_209' title='bbox 676 3219 781 3276; x_wconf 87' lang='lat' dir='ltr'><strong>iniuria</strong></span> <span class='ocrx_word' id='word_1_210' title='bbox 801 3219 831 3276; x_wconf 90' lang='lat' dir='ltr'><strong>in</strong></span> <span class='ocrx_word' id='word_1_211' title='bbox 853 3239 905 3277; x_wconf 90' lang='lat' dir='ltr'><strong>eos</strong></span> <span class='ocrx_word' id='word_1_212' title='bbox 926 3231 1065 3291; x_wconf 88' lang='lat' dir='ltr'><strong>oreretur,</strong></span> <span class='ocrx_word' id='word_1_213' title='bbox 1090 3239 1126 3278; x_wconf 85' lang='lat' dir='ltr'><strong>ec</strong></span> <span class='ocrx_word' id='word_1_214' title='bbox 1146 3239 1183 3277; x_wconf 89' lang='lat' dir='ltr'><strong>ne</strong></span> <span class='ocrx_word' id='word_1_215' title='bbox 1205 3228 1271 3276; x_wconf 85' lang='lat' dir='ltr'><strong>orte</strong></span> <span class='ocrx_word' id='word_1_216' title='bbox 1334 3271 1343 3288; x_wconf 82' lang='grc'><em>,</em></span> 
     </span>
     <span class='ocr_line' id='line_1_27' title="bbox 222 3321 1300 3401; baseline 0.004 -23"><span class='ocrx_word' id='word_1_217' title='bbox 222 3321 340 3382; x_wconf 85' lang='lat' dir='ltr'><strong>diuturna</strong></span> <span class='ocrx_word' id='word_1_218' title='bbox 361 3333 447 3383; x_wconf 90' lang='lat' dir='ltr'><strong>esset.</strong></span> <span class='ocrx_word' id='word_1_219' title='bbox 495 3324 543 3380; x_wconf 87' lang='lat' dir='ltr'><strong>Ita</strong></span> <span class='ocrx_word' id='word_1_220' title='bbox 564 3324 668 3398; x_wconf 84' lang='lat' dir='ltr'><strong>legati,</strong></span> <span class='ocrx_word' id='word_1_221' title='bbox 697 3342 786 3397; x_wconf 86' lang='lat' dir='ltr'><strong>quum</strong></span> <span class='ocrx_word' id='word_1_222' title='bbox 815 3343 847 3381; x_wconf 88' lang='lat' dir='ltr'><strong>se</strong></span> <span class='ocrx_word' id='word_1_223' title='bbox 869 3345 931 3382; x_wconf 90' lang='lat' dir='ltr'><strong>rem</strong></span> <span class='ocrx_word' id='word_1_224' title='bbox 953 3327 1097 3401; x_wconf 87' lang='lat' dir='ltr'><strong>integram</strong></span> <span class='ocrx_word' id='word_1_225' title='bbox 1126 3325 1300 3384; x_wconf 79' lang='lat' dir='ltr'><strong>relaturosi</strong></span> 
     </span>
     <span class='ocr_line' id='line_1_28' title="bbox 223 3426 1100 3500; baseline 0.005 -17"><span class='ocrx_word' id='word_1_226' title='bbox 223 3426 353 3500; x_wconf 82' lang='lat' dir='ltr'><strong>dixissent,</strong></span> <span class='ocrx_word' id='word_1_227' title='bbox 375 3430 496 3487; x_wconf 87' lang='lat' dir='ltr'><strong>comiter</strong></span> <span class='ocrx_word' id='word_1_228' title='bbox 518 3428 638 3489; x_wconf 84' lang='lat' dir='ltr'><strong>dimissi.</strong></span> <span class='ocrx_word' id='word_1_229' title='bbox 706 3427 707 3432; x_wconf 69' lang='grc'>’</span> <span class='ocrx_word' id='word_1_230' title='bbox 1096 3495 1100 3500; x_wconf 53' lang='grc'><strong>,</strong></span> 
     </span>
    </p>

    <p class='ocr_par' dir='ltr' id='par_1_5' title="bbox 224 3534 1303 4347">
     <span class='ocr_line' id='line_1_29' title="bbox 290 3534 1271 3612; baseline 0.001 -20"><span class='ocrx_word' id='word_1_231' title='bbox 290 3535 426 3605; x_wconf 84' lang='lat' dir='ltr'><strong>Petricii,</strong></span> <span class='ocrx_word' id='word_1_232' title='bbox 454 3553 543 3609; x_wconf 92' lang='lat' dir='ltr'><strong>quum</strong></span> <span class='ocrx_word' id='word_1_233' title='bbox 572 3534 634 3592; x_wconf 88' lang='lat' dir='ltr'><strong>sine</strong></span> <span class='ocrx_word' id='word_1_234' title='bbox 657 3534 747 3592; x_wconf 87' lang='lat' dir='ltr'><strong>curuli</strong></span> <span class='ocrx_word' id='word_1_235' title='bbox 774 3535 946 3610; x_wconf 82' lang='lat' dir='ltr'><strong>magistratu</strong></span> <span class='ocrx_word' id='word_1_236' title='bbox 972 3553 1019 3593; x_wconf 88' lang='lat' dir='ltr'><strong>res</strong></span> <span class='ocrx_word' id='word_1_237' title='bbox 1046 3536 1164 3612; x_wconf 84' lang='lat' dir='ltr'><strong>publica</strong></span> <span class='ocrx_word' id='word_1_238' title='bbox 1186 3544 1271 3604; x_wconf 83' lang='lat' dir='ltr'><strong>esset,</strong></span> 
     </span>
     <span class='ocr_line' id='line_1_30' title="bbox 225 3635 1270 3715; baseline 0.008 -23"><span class='ocrx_word' id='word_1_239' title='bbox 225 3638 302 3696; x_wconf 80' lang='lat' dir='ltr'><strong>coiere</strong></span> <span class='ocrx_word' id='word_1_240' title='bbox 322 3651 351 3697; x_wconf 89' lang='lat' dir='ltr'><strong>et</strong></span> <span class='ocrx_word' id='word_1_241' title='bbox 370 3640 546 3715; x_wconf 80' lang='lat' dir='ltr'><strong>interregem</strong></span> <span class='ocrx_word' id='word_1_242' title='bbox 574 3657 719 3696; x_wconf 86' lang='lat' dir='ltr'><strong>creavere.</strong></span> <span class='ocrx_word' id='word_1_243' title='bbox 763 3635 933 3711; x_wconf 86' lang='lat' dir='ltr'><strong>Contentic,</strong></span> <span class='ocrx_word' id='word_1_244' title='bbox 963 3643 1132 3701; x_wconf 83' lang='lat' dir='ltr'><strong>consulesne</strong></span> <span class='ocrx_word' id='word_1_245' title='bbox 1160 3661 1197 3698; x_wconf 89' lang='lat' dir='ltr'><strong>an</strong></span> <span class='ocrx_word' id='word_1_246' title='bbox 1218 3641 1270 3700; x_wconf 81' lang='lat' dir='ltr'><strong>tri·</strong></span> 
     </span>
     <span class='ocr_line' id='line_1_31' title="bbox 224 3724 1271 3823; baseline 0.008 -26"><span class='ocrx_word' id='word_1_247' title='bbox 224 3741 280 3801; x_wconf 86' lang='lat' dir='ltr'><strong>huni</strong></span> <span class='ocrx_word' id='word_1_248' title='bbox 306 3745 428 3803; x_wconf 89' lang='lat' dir='ltr'><strong>militum</strong></span> <span class='ocrx_word' id='word_1_249' title='bbox 462 3753 645 3814; x_wconf 83' lang='lat' dir='ltr'><strong>crearentur,</strong></span> <span class='ocrx_word' id='word_1_250' title='bbox 678 3743 707 3800; x_wconf 91' lang='lat' dir='ltr'><strong>iu</strong></span> <span class='ocrx_word' id='word_1_251' title='bbox 739 3724 915 3820; x_wconf 71' lang='lat' dir='ltr'><strong>interregno</strong></span> <span class='ocrx_word' id='word_1_252' title='bbox 933 3766 995 3804; x_wconf 88' lang='lat' dir='ltr'><strong>rem</strong></span> <span class='ocrx_word' id='word_1_253' title='bbox 1017 3745 1085 3804; x_wconf 79' lang='lat' dir='ltr'><strong>dies&#39;</strong></span> <span class='ocrx_word' id='word_1_254' title='bbox 1106 3748 1271 3823; x_wconf 89' lang='lat' dir='ltr'><strong>complures</strong></span> 
     </span>
     <span class='ocr_line' id='line_1_32' title="bbox 226 3849 1301 3927; baseline 0.008 -28"><span class='ocrx_word' id='word_1_255' title='bbox 226 3849 306 3905; x_wconf 83' lang='lat' dir='ltr'><strong>tenuit</strong></span> <span class='ocrx_word' id='word_1_256' title='bbox 350 3851 486 3908; x_wconf 83' lang='lat' dir='ltr'><strong>Interrex</strong></span> <span class='ocrx_word' id='word_1_257' title='bbox 507 3868 543 3908; x_wconf 87' lang='lat' dir='ltr'><strong>ac</strong></span> <span class='ocrx_word' id='word_1_258' title='bbox 564 3857 695 3919; x_wconf 80' lang='lat' dir='ltr'><strong>senatus,</strong></span> <span class='ocrx_word' id='word_1_259' title='bbox 718 3850 871 3909; x_wconf 88' lang='lat' dir='ltr'><strong>consulum</strong></span> <span class='ocrx_word' id='word_1_260' title='bbox 892 3850 1025 3921; x_wconf 89' lang='lat' dir='ltr'><strong>comitia,</strong></span> <span class='ocrx_word' id='word_1_261' title='bbox 1047 3852 1155 3910; x_wconf 88' lang='lat' dir='ltr'><strong>tribuni</strong></span> <span class='ocrx_word' id='word_1_262' title='bbox 1177 3851 1301 3927; x_wconf 83' lang='lat' dir='ltr'><strong>plebis8</strong></span> 
     </span>
     <span class='ocr_line' id='line_1_33' title="bbox 227 3954 1273 4028; baseline 0.008 -22"><span class='ocrx_word' id='word_1_263' title='bbox 227 3960 248 4006; x_wconf 89' lang='lat' dir='ltr'><strong>et</strong></span> <span class='ocrx_word' id='word_1_264' title='bbox 263 3954 346 4028; x_wconf 89' lang='lat' dir='ltr'><strong>plebs,</strong></span> <span class='ocrx_word' id='word_1_265' title='bbox 366 3955 549 4014; x_wconf 86' lang='lat' dir='ltr'><strong>tribunorum</strong></span> <span class='ocrx_word' id='word_1_266' title='bbox 571 3955 694 4012; x_wconf 87' lang='lat' dir='ltr'><strong>militum</strong></span> <span class='ocrx_word' id='word_1_267' title='bbox 712 3963 744 4012; x_wconf 90' lang='lat' dir='ltr'><strong>ut</strong></span> <span class='ocrx_word' id='word_1_268' title='bbox 764 3955 937 4026; x_wconf 83' lang='lat' dir='ltr'><strong>habeantur,</strong></span> <span class='ocrx_word' id='word_1_269' title='bbox 958 3957 1088 4014; x_wconf 84' lang='lat' dir='ltr'><strong>tendunt.</strong></span> <span class='ocrx_word' id='word_1_270' title='bbox 1130 3957 1273 4016; x_wconf 86' lang='lat' dir='ltr'><strong>Vicerunt</strong></span> 
     </span>
     <span class='ocr_line' id='line_1_34' title="bbox 226 4061 1273 4138; baseline 0.004 -22"><span class='ocrx_word' id='word_1_271' title='bbox 226 4065 321 4132; x_wconf 73' lang='lat' dir='ltr'><strong>pubes,</strong></span> <span class='ocrx_word' id='word_1_272' title='bbox 352 4061 423 4136; x_wconf 79' lang='lat' dir='ltr'><strong>quie</strong></span> <span class='ocrx_word' id='word_1_273' title='bbox 444 4072 474 4119; x_wconf 91' lang='lat' dir='ltr'><strong>et</strong></span> <span class='ocrx_word' id='word_1_274' title='bbox 494 4061 592 4138; x_wconf 89' lang='lat' dir='ltr'><strong>plebs,</strong></span> <span class='ocrx_word' id='word_1_275' title='bbox 621 4061 750 4136; x_wconf 75' lang='lat' dir='ltr'><strong>patriciis</strong></span> <span class='ocrx_word' id='word_1_276' title='bbox 772 4078 824 4118; x_wconf 89' lang='lat' dir='ltr'><strong>seu</strong></span> <span class='ocrx_word' id='word_1_277' title='bbox 849 4062 926 4119; x_wconf 88' lang='lat' dir='ltr'><strong>huuc</strong></span> <span class='ocrx_word' id='word_1_278' title='bbox 947 4079 999 4119; x_wconf 89' lang='lat' dir='ltr'><strong>seu</strong></span> <span class='ocrx_word' id='word_1_279' title='bbox 1026 4061 1106 4119; x_wconf 88' lang='lat' dir='ltr'><strong>illum</strong></span> <span class='ocrx_word' id='word_1_280' title='bbox 1139 4061 1273 4120; x_wconf 77' lang='lat' dir='ltr'><strong>deletura</strong></span> 
     </span>
     <span class='ocr_line' id='line_1_35' title="bbox 227 4157 1303 4243; baseline 0.009 -29"><span class='ocrx_word' id='word_1_281' title='bbox 227 4157 363 4236; x_wconf 88' lang='lat' dir='ltr'><strong>bonorem,</strong></span> <span class='ocrx_word' id='word_1_282' title='bbox 394 4163 505 4224; x_wconf 71' lang='lat' dir='ltr'><strong>bostra</strong></span> <span class='ocrx_word' id='word_1_283' title='bbox 532 4175 645 4224; x_wconf 84' lang='lat' dir='ltr'><strong>certare</strong></span> <span class='ocrx_word' id='word_1_284' title='bbox 677 4167 841 4243; x_wconf 85' lang='lat' dir='ltr'><strong>supersedit</strong></span> <span class='ocrx_word' id='word_1_285' title='bbox 878 4176 907 4224; x_wconf 87' lang='lat' dir='ltr'><strong>et</strong></span> <span class='ocrx_word' id='word_1_286' title='bbox 938 4166 1084 4242; x_wconf 83' lang='lat' dir='ltr'><strong>principes</strong></span> <span class='ocrx_word' id='word_1_287' title='bbox 1114 4166 1207 4242; x_wconf 90' lang='lat' dir='ltr'><strong>plebis</strong></span> <span class='ocrx_word' id='word_1_288' title='bbox 1237 4168 1303 4224; x_wconf 80' lang='lat' dir='ltr'><strong>eall</strong></span> 
     </span>
     <span class='ocr_line' id='line_1_36' title="bbox 228 4265 1273 4347; baseline 0.009 -26"><span class='ocrx_word' id='word_1_289' title='bbox 228 4267 326 4327; x_wconf 86' lang='lat' dir='ltr'><strong>comitia</strong></span> <span class='ocrx_word' id='word_1_290' title='bbox 346 4269 509 4339; x_wconf 82' lang='lat' dir='ltr'><strong>malebant,</strong></span> <span class='ocrx_word' id='word_1_291' title='bbox 531 4265 636 4346; x_wconf 82' lang='lat' dir='ltr'><strong>quibus</strong></span> <span class='ocrx_word' id='word_1_292' title='bbox 656 4287 715 4331; x_wconf 89' lang='lat' dir='ltr'><strong>non</strong></span> <span class='ocrx_word' id='word_1_293' title='bbox 738 4271 896 4330; x_wconf 86' lang='lat' dir='ltr'><strong>haberetur</strong></span> <span class='ocrx_word' id='word_1_294' title='bbox 915 4270 992 4329; x_wconf 86' lang='lat' dir='ltr'><strong>ratio</strong></span> <span class='ocrx_word' id='word_1_295' title='bbox 1013 4288 1077 4342; x_wconf 88' lang='lat' dir='ltr'><strong>sus,</strong></span> <span class='ocrx_word' id='word_1_296' title='bbox 1098 4289 1187 4346; x_wconf 85' lang='lat' dir='ltr'><strong>quem</strong></span> <span class='ocrx_word' id='word_1_297' title='bbox 1209 4272 1273 4347; x_wconf 84' lang='lat' dir='ltr'><strong>qui·</strong></span> 
     </span>
    </p>
   </div>
   <div class='ocr_carea' id='block_1_3' title="bbox 0 0 1715 5084">
    <p class='ocr_par' dir='ltr' id='par_1_6' title="bbox 0 0 1715 5084">
     <span class='ocr_line' id='line_1_37' title="bbox 0 0 1715 5084; baseline 0 0"><span class='ocrx_word' id='word_1_298' title='bbox 0 0 1715 5084; x_wconf 95' lang='lat' dir='ltr'><strong> </strong></span> 
     </span>
    </p>
   </div>
  </div>
 </body>
</html>
