3392 5084
666 547 746 597 Liber
762 548 784 597 1.
1180 554 1216 609 57

215 749 260 804 per
276 730 383 804 ignotas
407 747 444 786 ea
465 737 637 804 tempestate
651 739 754 801 terras,
775 731 922 807 ignotiora
944 732 1037 791 marie
1064 732 1094 791 in
1114 730 1258 791 Graciam

215 834 286 890 misit
324 834 408 893 Titus
429 842 460 891 et
482 835 598 891 Annus
618 834 756 909 profecti3
785 852 883 895 comes
905 836 941 893 iis
962 837 1079 895 additus
1100 836 1135 895 L.
1158 837 1288 895 Iuniusl

215 940 318 1010 Brutus,
328 938 502 1014 Tarquinia,
523 956 625 997 sorore
645 939 732 1015 regis,
754 948 852 1010 natus,
873 940 991 1005 iuvenis
1008 943 1095 1015 longe
1118 940 1191 998 alius
1215 940 1259 997 in-

215 1045 287 1119 genii,
308 1064 392 1119 quem
415 1044 497 1103 cuius
518 1045 731 1103 simulationem
758 1046 903 1105 induerat.
949 1049 980 1105 Is
1005 1064 1094 1122 quum
1117 1047 1259 1121 primores

215 1150 330 1217 civitatis,
349 1151 379 1207 in
401 1150 507 1225 quibus
528 1149 649 1207 fratrem
671 1169 755 1208 suum
777 1151 816 1209 ab
838 1151 982 1209 avunculo
1003 1150 1185 1209 interfectum
1207 1170 1258 1209 au·

174 1282 179 1291 ·
214 1255 296 1324 diuet,
315 1272 409 1329 neque
429 1256 459 1312 in
480 1256 578 1313 animo
599 1273 652 1313 suo
674 1255 831 1331 quicquam
854 1256 916 1331 regi
935 1256 1093 1315 timendum
1115 1275 1209 1331 neque
1229 1258 1259 1315 iu

213 1359 313 1417 senuna
332 1361 594 1438 concupiscendum
618 1360 780 1434 relinquere
804 1362 915 1431 statuit,
936 1369 1161 1437 contemptuque
1181 1370 1260 1419 tutus

213 1484 278 1535 esse,
304 1466 352 1522 ubi
377 1467 409 1522 in
436 1466 500 1523 iure
524 1482 628 1540 parum
652 1465 779 1540 presidii
806 1476 892 1525 esset.
941 1467 1022 1542 Ergo
1052 1485 1089 1524 ex
1119 1464 1290 1523 industrie8

213 1570 292 1629 factus
312 1573 350 1628 ad
370 1572 563 1629 imitationem
584 1570 726 1641 stultitius,
755 1589 845 1645 quum
870 1590 901 1629 se
925 1590 1037 1647 suaque
1063 1571 1169 1647 praedae
1197 1589 1260 1629 esse

213 1677 264 1751 regi
282 1677 394 1746 sineret,
414 1676 500 1734 Bruti
522 1694 640 1751 quoque
660 1677 739 1734 haud
761 1678 864 1758 abnuit
885 1696 1055 1753 cognomen,
1077 1688 1109 1734 ut
1130 1678 1183 1737 sub
1198 1676 1260 1735 eius

213 1782 315 1839 obtentu
336 1781 518 1857 cognominis
538 1781 680 1839 liberator
699 1780 747 1838 ille
768 1782 870 1858 populi
890 1782 1017 1841 Romani
1031 1783 1145 1841 enimus
1166 1782 1259 1840 lateus

214 1887 377 1961 opperiretur
397 1895 533 1961 tempora
560 1903 623 1943 sua.
671 1886 703 1944 Is
724 1895 786 1944 tum
808 1890 846 1945 ab
871 1888 1040 1963 Tarquiniis
1062 1888 1166 1947 ductus
1187 1885 1290 1947 Del-9
1379 1964 1381 1969 Ι

213 1992 282 2065 phos,
300 1992 454 2049 ludibrium
473 1991 570 2048 verius
593 2008 680 2066 quem
696 2010 803 2061 comes,
825 2009 945 2053 aureum
967 1994 1102 2051 baculum
1117 1993 1258 2051 inclusum

214 2114 302 2153 corneo
328 2107 435 2156 cavato
466 2098 504 2153 ad
534 2096 563 2153 id
593 2096 699 2155 baculo
728 2097 828 2155 tulisse
857 2098 965 2155 donum
992 2097 1124 2173 Apollini
1146 2097 1259 2167 dicitur,

214 2218 256 2272 per
273 2203 408 2277 ambages
428 2200 555 2276 effigiem
576 2201 685 2276 ingenii
706 2202 760 2259 sui.
807 2202 874 2275 Quo
896 2211 1053 2278 postquem
1075 2212 1191 2261 ventum
1207 2211 1259 2271 est,
1275 2201 1310 2255 10

213 2305 330 2378 perlectis
350 2306 444 2383 petris
465 2306 620 2373 mandatis,
643 2308 748 2381 cupido
769 2307 887 2366 incessit
909 2307 1021 2366 animos
1044 2308 1180 2369 iuvenum
1202 2308 1259 2365 sci-

215 2412 331 2484 scitandi,
363 2414 510 2487 adquam
536 2430 636 2469 eorum
664 2431 786 2487 regnum
807 2415 973 2472 Romanum
998 2423 1074 2471 esset
1095 2423 1258 2471 venturum.

214 2515 252 2573 Ex
270 2519 363 2576 infimo
385 2536 475 2594 specu
491 2536 593 2576 vocem
613 2517 756 2575 redditam
778 2517 889 2577 ferunt:
916 2520 1093 2595 „Imperium
1114 2536 1257 2577 summum

215 2622 297 2681 Roma
314 2624 444 2690 habebit,
466 2624 517 2698 qui
537 2631 665 2681 vestrum
681 2625 808 2697 primus,
828 2643 848 2681 o
868 2626 997 2695 iuvenes,
1019 2624 1148 2682 osculum
1172 2624 1258 2681 metri

214 2728 317 2787 tulerit“
361 2728 527 2803 Tarquinii,
548 2736 580 2785 ut
601 2726 723 2799 Sextus,
745 2730 794 2803 qui
822 2731 925 2787 Rome
945 2728 1061 2787 relictus
1089 2728 1193 2798 fueret,
1214 2729 1258 2804 ig·
1275 2727 1306 2781 ll

215 2850 285 2891 uerus
303 2835 435 2912 responsi
456 2851 619 2909 expersque
631 2834 745 2909 imperii
767 2846 851 2904 esset,
872 2854 934 2893 rem
956 2854 1069 2893 summa
1092 2852 1148 2909 ope
1168 2835 1259 2893 taceri

215 2937 306 3008 iubent3
325 2941 380 3015 ipsi
401 2941 478 2997 inter
498 2958 539 3008 se,
560 2949 626 2995 uter
646 2939 736 3013 prior,
759 2959 847 3015 quum
860 2942 986 2998 Romam
999 2940 1151 3010 redissent,
1173 2940 1259 2997 metri

216 3044 325 3101 osculum
346 3045 445 3115 daret,
476 3045 548 3101 sorti
576 3022 755 3120 permittunt.
805 3046 914 3103 Brutus
940 3044 998 3103 elio
1023 3056 1104 3103 ratus
1126 3055 1259 3121 spectare
1275 3040 1310 3097 12

217 3145 346 3220 Pythicam
368 3168 488 3220 vocem,
510 3151 590 3207 velut
612 3151 638 3208 si
662 3151 818 3226 prolapsus
839 3150 1006 3219 cecidisset,
1028 3158 1136 3207 terram
1158 3151 1258 3208 osculo

217 3253 328 3328 contigit,
354 3256 465 3313 scilicet
486 3256 566 3330 quod
587 3274 623 3313 ea
646 3255 807 3313 communis
828 3264 923 3313 mater
944 3256 1072 3313 omnium
1093 3254 1259 3312 mortalium

218 3367 285 3443 ‘mi
324 3360 461 3418 Reditum
490 3360 557 3418 inde
585 3363 725 3429 Romam,
760 3360 810 3417 ubi
836 3360 977 3417 adversus
1006 3359 1130 3418 Rutulos
1152 3359 1258 3417 bellum
1275 3356 1309 3411 13

217 3476 309 3521 mmma
327 3466 357 3521 vi
377 3466 548 3540 parabatur.

283 3570 410 3627 Ardeam
430 3550 531 3632 Rutuli
555 3570 718 3641 habebant,
747 3588 832 3645 gens,
865 3577 897 3625 ut
917 3569 946 3625 in
974 3589 1010 3628 ee
1030 3571 1149 3645 regione
1170 3579 1258 3645 atque
1311 3561 1354 3629 57

219 3666 241 3723 iu
257 3690 287 3729 ca
303 3683 400 3746 atate,
431 3675 539 3733 divitiis
565 3675 751 3751 praepollens3
780 3694 875 3750 eaque
901 3675 967 3749 ipsa
995 3693 1085 3733 causa
1105 3676 1174 3733 belli
1194 3675 1259 3746 fuit,

221 3778 283 3845 quod
299 3799 348 3837 rex
368 3782 521 3837 Romanus
543 3798 632 3854 quum
655 3782 719 3857 ipse
740 3781 836 3850 ‹fitur-i,
861 3782 1019 3838 exhaustus
1047 3780 1261 3855 magnificentie

221 3880 375 3950 publicorum
398 3904 536 3961 operum,
566 3895 628 3943 tum
656 3887 757 3960 praede
785 3885 912 3943 delenire
941 3885 1125 3961 popularium
1148 3886 1260 3943 animos

223 3985 347 4059 studebat,
376 3999 483 4065 prater
503 3990 591 4048 aliam
613 3990 781 4065 superbiam
807 4008 899 4066 regno
920 3989 1041 4049 infestos
1063 3990 1160 4060 etiam,
1182 3987 1289 4065 quod2

224 4091 449 4153 sinemurum
468 4096 634 4155 ministeriis
655 4114 691 4153 ec
712 4095 810 4153 servili
832 4103 892 4153 tem
915 4096 963 4153 diu
981 4096 1097 4153 habitos
1115 4113 1203 4171 opere
1222 4097 1259 4152 ab

224 4210 277 4269 rego
299 4199 527 4275 indignabantur.
580 4203 709 4261 Tentata
733 4219 780 4259 res
809 4210 869 4269 est,
892 4202 917 4257 si
941 4201 1036 4275 primo
1062 4200 1172 4276 impetu
1194 4199 1290 4275 cupid

226 4300 307 4360 Ardea
323 4317 432 4381 posset;
463 4308 514 4365 ubi
539 4307 571 4364 id
598 4326 704 4381 perum
732 4306 889 4381 processit,
918 4305 1069 4363 obsidione
1094 4305 1260 4363 munitioni-
