3392 5084
463 511 501 568 94
523 507 530 524 “
707 509 787 559 Liber
802 508 863 560 vn.
892 507 936 574 (Α,
949 524 974 558 ιι.
986 509 1183 572 clm-css.)

421 694 577 772 plebiscitis
598 702 728 764 cautum,
758 713 794 752 ne
821 694 886 770 quis
916 694 1039 754 eundem
1060 695 1262 770 magistratum
1282 693 1358 750 intre
1378 692 1470 748 decem

422 818 514 858 anuos
534 810 659 875 caperet,
680 820 736 860 neu
758 801 831 860 duos
853 802 1039 877 magistratus
1061 820 1118 860 uno
1140 819 1217 858 anno
1239 807 1362 876 gereret,
1381 797 1472 871 utiquc

341 908 344 917 “
419 907 518 964 liceret
544 907 676 964 consules
703 909 806 965 ambos
833 893 961 984 plebeios
990 907 1091 966 creari.
1136 906 1208 980 Quae
1238 906 1264 964 ai
1292 905 1391 962 omnia
1410 921 1473 958 con·

422 1031 506 1070 cessa
527 1022 596 1070 sunt
608 1013 703 1087 plebi,
726 1023 858 1089 apparet,
881 1015 961 1072 haud
982 1031 1090 1090 parvas
1110 1011 1188 1069 vires
1212 1011 1404 1070 defectionem
1423 1010 1472 1066 ha-

391 1119 527 1176 3buisse.
575 1118 651 1176 Aliis
680 1119 832 1177 annalibus
860 1120 1006 1196 proditum
1029 1129 1086 1191 est,
1107 1138 1202 1195 neque
1223 1120 1397 1183 dictatorem
1417 1117 1475 1172 Ve-

335 1260 337 1265 ·
420 1223 522 1280 lerium
543 1223 668 1296 dictum,
698 1227 750 1283 sed
778 1245 830 1302 per
858 1226 990 1284 consules
1019 1245 1133 1285 omnem
1155 1245 1217 1284 rem
1247 1235 1363 1294 actam,
1390 1241 1476 1296 neque

421 1339 579 1405 autequam
608 1333 734 1390 Romam
767 1330 929 1404 veniretur,
961 1332 1012 1390 scd
1041 1334 1144 1391 Romae
1174 1351 1240 1389 eam
1270 1330 1476 1387 multitudinem

390 1437 635 1496 lconiuratorum
659 1438 696 1494 ad
718 1456 801 1494 erma
820 1447 1035 1496 consternatam
1056 1457 1134 1511 esse,
1165 1457 1219 1496 neo
1242 1438 1272 1495 in
1296 1439 1334 1498 T.
1359 1436 1479 1510 Quinctii
1526 1399 1527 1474 i

419 1545 534 1614 villam,
564 1545 616 1602 sed
643 1543 674 1600 iu
695 1545 770 1600 aedes
803 1543 837 1602 C.
861 1544 964 1602 Manlii
988 1553 1074 1602 nocte
1094 1543 1233 1618 impetum
1263 1542 1380 1602 factum
1407 1563 1478 1600 eum·

420 1669 477 1726 que
498 1669 516 1707 a
537 1649 694 1708 coniuratis
720 1651 975 1725 comprehensum,
996 1660 1029 1707 ut
1049 1650 1108 1706 dux
1129 1651 1223 1719 fieret3
1245 1651 1314 1708 inde
1336 1651 1378 1708 ad
1400 1669 1479 1725 quar-

390 1759 480 1814 btum
502 1756 628 1831 lapidem
644 1755 789 1831 profectos
810 1756 876 1815 loco
892 1757 1002 1814 munito
1024 1757 1202 1828 consedisse;
1223 1775 1279 1814 nec
1299 1759 1340 1814 ab
1366 1757 1479 1814 ducibus

420 1860 594 1918 mentionem
628 1863 790 1920 concordiae
821 1873 941 1933 ortam
964 1863 1016 1920 sed
1046 1871 1179 1938 repente,
1211 1882 1302 1937 quum
1334 1863 1368 1920 in
1397 1863 1479 1920 aciem
1526 1887 1527 1919 ι

390 1968 526 2027 bermuti
553 1968 697 2025 exercitus
725 1968 948 2044 processissent,
980 1969 1183 2026 salutationem
1204 1967 1332 2040 factum,
1367 1979 1398 2028 et
1423 1989 1480 2046 per·
1526 1995 1527 2025 l

421 2075 528 2131 mixtos
542 2075 659 2131 dextras
673 2074 793 2149 iungere
814 2092 850 2132 ac
871 2075 1022 2154 complecti
1034 2077 1109 2133 inter
1123 2093 1155 2132 sa
1175 2075 1371 2134 lacrimantes
1385 2077 1482 2134 milites
1526 2101 1527 2106 ¹

421 2181 551 2256 teupisse,
573 2193 748 2257 coactosque
769 2183 916 2253 consules,
948 2201 1036 2257 quum
1057 2181 1188 2238 viderent
1212 2199 1335 2241 aversos
1364 2203 1383 2240 a
1405 2183 1481 2240 dimi·
1526 2209 1527 2214 ι

422 2289 535 2346 catium
557 2287 679 2345 militum
701 2289 823 2358 animos,
851 2287 982 2346 retulisse
1010 2289 1049 2345 ed
1080 2297 1178 2363 patres
1200 2287 1236 2343 de
1258 2290 1424 2346 concordia
1442 2308 1480 2345 re·
1526 2313 1527 2342 ς

393 2386 634 2454 lconcilianda.'
659 2394 745 2451 Adeo
771 2393 858 2464 nihil,
884 2404 1077 2479 preterquam
1099 2394 1269 2452 seditionem
1293 2393 1392 2454 fuisse
1409 2416 1481 2454 oum·
1526 2425 1527 2451 ι

281 2490 288 2500 “
325 2529 330 2536 ·
423 2521 481 2576 qne
502 2501 702 2575 compositam,
723 2500 799 2557 inter
820 2501 956 2574 antiquos
978 2519 1075 2558 rerum
1100 2511 1233 2558 auctores
1259 2511 1390 2562 constat.

393 2610 410 2667 8
505 2607 546 2664 Et
570 2603 656 2664 huius
682 2605 763 2663 fama
793 2607 941 2664 seditionis
971 2616 999 2664 ct
1026 2617 1190 2683 susceptum
1217 2626 1283 2664 cum
1307 2608 1483 2668 Samnitibus

422 2731 513 2788 mave
532 2713 639 2770 bellum
658 2714 771 2787 aliquot
790 2712 915 2788 populos
937 2713 974 2770 ab
989 2715 1125 2772 Romana
1143 2712 1283 2770 societate
1310 2716 1431 2785 avertit,
1452 2721 1482 2775 ti.

394 2811 397 2815 ’
421 2829 527 2895 praeter
544 2820 721 2877 ‘Latinorum
744 2820 862 2876 infidum
884 2820 943 2876 ium
974 2820 1022 2878 diu
1045 2817 1156 2890 foedus,
1184 2819 1380 2880 Privernates
1403 2823 1482 2879 etiam

423 2925 556 2982 Norbam
578 2935 666 2999 atque
687 2926 808 2997 Setiam,
827 2926 964 2984 finitimas
987 2925 1117 2984 colonias
1137 2927 1299 2999 Romanus,
1321 2928 1482 2986 incursione
1526 2959 1527 2983 l

423 3031 520 3087 subita
542 3031 710 3107 depopulati
731 3040 807 3089 sunt.
