3392 5084
484 490 540 547 108
714 486 791 538 Liber
808 487 883 540 vm.
919 457 962 548 (Ᾰ.
975 503 1000 536 u.
1014 503 1036 538 o.
1050 489 1210 554 tlt-415.)

437 692 513 741 rum,
536 690 624 746 quum
645 672 790 729 conversis
812 673 901 748 signis
918 679 996 730 retro
1010 673 1040 730 in
1055 674 1154 732 urbem
1169 675 1316 744 rediretur,
1338 681 1476 748 praetorem

439 797 543 856 eorum,
559 777 674 836 nomine
688 778 850 836 Milionium
872 777 980 836 dixisse
1002 777 1106 850 ferunt,
1127 799 1181 856 pro
1203 781 1320 858 paulula
1340 777 1389 837 via
1407 798 1478 854 mag·

438 904 506 941 nam
529 885 688 942 mercedem
709 903 772 942 esse
792 883 932 942 Romanis
953 885 1132 948 solvendam.

409 1001 426 1054 5
522 989 579 1062 Qui
600 991 768 1050 Latinorum
790 1008 894 1067 pugnas
915 991 1125 1065 superfuerant,
1147 991 1243 1049 multis
1264 991 1412 1050 itineribus
1431 992 1482 1048 dis-

439 1095 526 1171 sipati
555 1116 643 1172 quum
675 1115 707 1154 se
740 1096 770 1153 in
802 1113 891 1152 unum
921 1096 1161 1171 conglobassent,
1205 1097 1312 1154 Vescia
1349 1098 1415 1154 urbs
1448 1097 1481 1152 eis

408 1203 650 1277 areceptaculum
671 1201 734 1261 fuit.
779 1201 826 1259 lbi
845 1201 876 1258 in
897 1202 1024 1260 conciliis
1045 1203 1196 1261 Numisius
1212 1202 1373 1279 imperator
1394 1222 1481 1259 eorum

439 1302 501 1380 **¹)
536 1306 726 1379 affirmando,
765 1326 945 1365 communem
976 1315 1044 1366 bere
1075 1310 1200 1366 Martem
1238 1308 1307 1366 belli
1344 1317 1483 1381 utramque

439 1413 529 1470 aciem
549 1414 614 1488 pari
634 1414 712 1471 cede
732 1414 934 1489 prostrauisse,
957 1415 1140 1490 victoriaque
1161 1433 1266 1473 nomen
1279 1425 1395 1472 tantum
1409 1431 1482 1489 penes

438 1521 587 1578 Romanos
615 1539 693 1590 esse,
728 1528 852 1577 ceteram
879 1539 932 1594 pro
961 1520 1043 1578 victis
1072 1521 1218 1580 fortunam
1241 1495 1361 1579 stilles
1383 1538 1483 1595 gerara

408 1624 552 1689 ffuneita
571 1627 629 1683 duo
652 1625 800 1698 consulum
814 1626 960 1700 praetoria,
984 1627 1104 1684 alterum
1119 1603 1274 1703 parricidio
1290 1627 1354 1698 filii,
1377 1627 1483 1684 alterum

439 1731 563 1789 consulis
595 1731 692 1788 devoti
725 1730 816 1800 cred03
848 1732 1021 1789 tmcidatum
1049 1733 1204 1791 exercitum
1239 1751 1374 1802 omnem,
1409 1749 1483 1788 casos

425 1837 571 1926 'hastatos
591 1836 807 1912 principesque,
841 1844 968 1912 stragem
994 1845 1023 1894 et
1053 1845 1120 1894 anta
1145 1838 1228 1913 signa
1256 1848 1286 1894 et
1312 1847 1385 1914 post
1414 1839 1484 1912 signa

409 1941 561 2012 8factam;
591 1942 706 2000 triarios
737 1951 884 2018 postremo
920 1961 980 2000 rem
1013 1943 1179 2003 restituisse.
1241 1943 1417 2002 Latinorum
1441 1945 1484 2001 etsi

439 2047 547 2122 pariter
567 2047 668 2106 accisae
690 2049 779 2124 copia
800 2049 866 2119 siut,
888 2057 984 2106 tamen
1005 2049 1202 2122 supplemento
1225 2049 1274 2106 vel
1294 2050 1415 2108 Latium
1430 2069 1484 2125 pro·

408 2155 504 2230 9pius
526 2171 589 2212 esse
616 2155 663 2211 vel
684 2154 809 2212 Volscos
831 2173 919 2229 quam
938 2156 1074 2213 Romam.
1116 2155 1221 2229 ltaque
1242 2155 1267 2212 si
1289 2155 1426 2214 videatur
1445 2156 1483 2224 eis

440 2279 472 2318 sc
494 2281 532 2318 cx
552 2253 663 2319 Latinis
685 2269 771 2318 etex
792 2260 906 2318 Volscis
935 2260 1051 2336 populis
1076 2259 1223 2316 iuventute
1244 2280 1373 2336 propere
1396 2263 1485 2330 excita,

435 2366 597 2424 rediturum
624 2365 728 2422 infesto
756 2367 882 2424 exercitu
915 2364 1046 2442 Capuam
1077 2383 1154 2436 esse,
1185 2367 1400 2442 Romanosque
1428 2365 1485 2423 nihl

441 2482 501 2528 tum
529 2472 623 2528 minus
655 2491 742 2546 quam
771 2473 903 2548 proelium
933 2479 1131 2547 exspectantes
1164 2472 1340 2546 necopinato
1376 2474 1487 2530 adventu

393 2593 427 2647 10
441 2578 648 2652 perculsorum.
691 2578 856 2636 Fallaoibus
877 2578 978 2635 litteris
999 2576 1076 2634 circa
1096 2577 1211 2634 Latium
1234 2596 1404 2655 nomenque
1428 2579 1488 2635 Vol·

441 2701 521 2738 scum
542 2683 646 2749 missis,
669 2682 745 2756 quia,
768 2684 816 2757 qni
837 2701 899 2740 nou
917 2681 1105 2739 interfuerant
1126 2701 1239 2758 pugna,
1262 2685 1302 2740 ed
1324 2685 1487 2742 credendum

441 2797 547 2844 temera
568 2786 712 2852 faciliores
733 2795 829 2856 erant,
855 2787 1057 2844 tumultuarius
1080 2787 1204 2862 undique
1226 2789 1375 2848 exercitus
1396 2789 1488 2866 raptim

394 2909 424 2962 ῃ
441 2892 620 2968 conscriptus
641 2891 782 2949 convenit.
825 2892 903 2950 Huic
925 2893 1032 2968 agmini
1053 2894 1219 2967 Torquatus
1243 2895 1347 2952 consul
1371 2898 1408 2954 ed
1431 2895 1487 2954 Tri·
1512 2957 1513 2966 ,

441 2997 540 3055 fanum
567 2995 654 3073 (inter
676 2997 844 3055 Sinuessam
866 2999 1085 3073 Minturnasque
1113 2999 1137 3054 is
1166 2999 1247 3056 locus
1276 3002 1333 3074 est)
1365 3002 1487 3060 occurrit.
1512 2979 1513 2994 χ

441 3104 616 3179 Priusquam
637 3103 738 3160 castris
753 3103 833 3161 loeus
849 3113 1008 3179 caperetur,
1030 3104 1149 3162 sarcinis
1165 3105 1301 3178 utrinque
1315 3108 1346 3165 iu
1364 3126 1486 3167 acervum

394 3223 428 3279 12
441 3211 585 3281 coniectis,
606 3219 765 3286 pugnatum
796 3209 1027 3284 debellatumque
1053 3221 1110 3279 est;
1133 3210 1206 3267 adeo
1228 3213 1305 3270 euim
1329 3215 1431 3278 aecmae
1450 3229 1486 3268 res

410 3310 412 3313 ’
441 3326 522 3385 sunt,
554 3325 586 3373 ut
609 3315 719 3373 consuli
745 3315 884 3373 victorem
909 3315 1064 3372 exercitum
1094 3317 1132 3373 ed
1160 3318 1385 3393 depopulandos
1413 3336 1486 3395 agros
1511 3347 1512 3386 3

441 3434 549 3477 eorum·
563 3421 676 3478 ducenti
697 3421 833 3478 dederent
854 3439 885 3478 se
912 3439 1011 3478 omnes
1034 3422 1146 3492 Latini,
1176 3423 1413 3502 deditionemque
1433 3443 1486 3482 eam

392 3541 427 3596 113
441 3524 583 3600 Campani
603 3535 797 3602 sequerentur.
840 3527 955 3584 Latium
978 3526 1136 3602 Capuaque
1158 3547 1229 3604 agro
1251 3530 1376 3590 multati.
1418 3529 1486 3588 Lati·

390 3677 395 3690 .
440 3650 494 3688 nus
515 3651 601 3708 ager,
639 3632 804 3691 Privernati
830 3633 930 3690 addito
956 3651 1042 3707 agro,
1074 3642 1103 3690 et
1124 3633 1282 3705 Falernus,
1319 3637 1371 3709 qui
1399 3633 1485 3711 populi
1510 3681 1511 3708 ἦ

441 3735 583 3813 Campani
605 3737 715 3806 fuerat,
747 3755 838 3812 usqua
865 3738 902 3794 ad
924 3738 1099 3796 Vulturnum
1123 3740 1231 3796 fiumen
1257 3740 1337 3816 plebi
1358 3743 1484 3802 Romana

392 3859 427 3912 14
441 3843 584 3904 dividitur.
631 3845 708 3901 Bina
728 3843 757 3899 in
779 3844 884 3901 Latino
906 3843 1022 3918 iugera,
1053 3844 1095 3902 ita
1122 3855 1154 3902 ut
1180 3846 1353 3904 dodrantem
1377 3867 1414 3904 ex
1431 3844 1483 3904 Pri·

440 3950 552 4007 vemati
573 3949 757 4024 complerent,
779 3949 857 4018 data,
878 3959 959 4006 terna
973 3949 1002 4006 in
1017 3950 1153 4020 Falerno,
1175 3950 1388 4024 quadrantibus
1410 3950 1482 4008 etiam
1509 3983 1510 4044 l

392 4071 428 4126 15
441 4075 495 4132 pro
523 4055 733 4132 longinquitate
760 4054 889 4116 adiectis.
948 4055 1042 4112 Extra
1071 4073 1186 4130 poenam
1220 4053 1301 4113 fuere
1324 4059 1481 4116 Latinomu
1509 4057 1510 4106 ἕ

441 4162 600 4219 Laurentes
632 4157 905 4234 Campanorumque
940 4159 1063 4234 equites,
1106 4160 1175 4234 quia
1207 4179 1266 4217 non
1301 4163 1482 4222 desciverant:

459 4289 480 4353 ²)
498 4294 631 4343 Excidime
648 4292 767 4340 ridentur
782 4293 862 4340 rerba
881 4299 1000 4342 conatum
1020 4291 1131 4342 Numisli
1149 4293 1330 4357 significantia.
