3392 5084
784 556 838 605 vn

262 745 303 783 ex
327 727 426 783 altero
447 745 465 782 e
485 727 601 801 duolnrs
621 724 802 801 principibus
823 724 973 783 codicibus
996 724 1129 799 quadm
1151 726 1237 785 huius
1258 742 1346 802 geue·

261 810 306 865 ris
330 809 433 866 nescio
457 828 519 885 que
538 810 681 867 novitatis
702 808 800 885 studio
820 818 941 883 recepta
962 802 1084 884 arant²)

350 892 454 952 Unum
477 902 522 949 est
548 910 655 967 genus,
688 892 719 949 iu
752 909 812 965 quo
842 891 1035 966 presidemus
1067 890 1270 948 nonnullorum
1299 910 1344 949 re·

261 975 505 1049 preheusiouem‚
527 975 607 1049 quod
629 976 742 1049 aliquot
769 974 842 1031 locis
863 975 1018 1033 verborum
1040 972 1153 1031 iormas
1174 976 1345 1049 grammati-

261 1074 317 1114 ees
340 1058 472 1114 rariores
494 1077 511 1114 e
532 1058 682 1115 codicibus
702 1076 762 1114 non
784 1057 1005 1133 susceperimus.
1054 1059 1101 1113 Aa
1123 1057 1199 1129 fides
1228 1056 1343 1131 quidem

262 1142 400 1216 genitivo
417 1158 487 1198 casu
511 1141 600 1198 semel
629 1151 660 1197 et
689 1158 755 1197 curu
780 1158 897 1197 summa
927 1138 1119 1214 ambiguitate
1141 1139 1256 1197 Livium
1286 1158 1344 1197 non

262 1223 423 1299 scripsisse
445 1225 483 1296 (Ι,
510 1229 556 1295 ld,
579 1225 611 1281 8:
634 1231 767 1298 quamam
781 1224 825 1279 itti
843 1225 904 1279 uiro
917 1225 1059 1279 nuntianti
1072 1222 1129 1279 bac
1142 1223 1218 1295 fides
1231 1224 1344 1296 fluent),

264 1307 464 1364 oertissimum
494 1316 548 1376 est,
580 1316 756 1363 nontamen
778 1306 873 1361 miuus
900 1314 1023 1375 certum,
1052 1322 1117 1361 sum
1146 1322 1204 1361 non
1226 1306 1343 1376 dixisse,

266 1399 377 1445 tantun
393 1390 482 1462 fldem
496 1392 588 1463 juisse
609 1389 711 1445 bomeni
730 1406 785 1463 pro
808 1406 854 1457 eo,
876 1388 955 1461 quod
977 1397 1021 1445 est
1041 1396 1146 1445 mnium
1160 1388 1240 1461 fidei,
1265 1388 1344 1462 quod

264 1472 428 1529 euamndi
467 1473 620 1529 artificium
653 1469 910 1527 Weissenbornius
940 1480 1035 1528 utrum
1066 1471 1277 1545 &cogitaverit
1306 1488 1343 1527 an

265 1556 307 1611 ab
333 1555 394 1611 alio
415 1555 568 1630 acoeperit,
591 1554 704 1621 nescim
725 1553 798 1610 urbii
819 1554 895 1610 enim
918 1554 1018 1611 subest
1036 1551 1095 1631 uisi
1117 1552 1344 1627 frequentissimi

265 1639 386 1713 generis
418 1656 501 1695 error
522 1636 649 1706 librarii,
672 1636 709 1692 ad
733 1634 800 1706 baec,
827 1636 905 1710 quod
935 1655 990 1712 pro
1012 1635 1193 1693 nominativo
1221 1636 1343 1713 aceepit,

257 1722 339 1793 fides
368 1740 425 1796 pro
453 1721 527 1793 fidei
551 1719 809 1778 accommodantis.
862 1718 920 1777 Sed
947 1721 1059 1795 1157111,
1087 1718 1150 1775 fieri
1179 1736 1283 1793 posse,
1300 1725 1343 1775 ‚ut

264 1803 374 1859 Livius
403 1803 584 1860 nominativo
612 1818 683 1859 cusu
713 1801 861 1875 scripserit
892 1802 934 1876 (Ι,
967 1804 993 1873 1,
1029 1804 1059 1858 11
1092 1810 1121 1857 et
1141 1801 1263 1871 XXVI,
1296 1803 1342 1871 13,

268 1885 342 1959 16),
371 1904 431 1942 non
454 1886 547 1960 magis
567 1902 677 1959 negare
699 1884 854 1952 audemus,
887 1903 974 1958 quam
998 1885 1054 1941 icet
1076 1902 1130 1958 pro
1153 1884 1195 1941 ba
1209 1884 1342 1958 aliquan-

265 1969 306 2024 do
335 1968 470 2042 posuisse
500 1970 541 2038 (Ι,
573 1971 622 2036 43,
656 1971 705 2037 5);
737 1984 784 2023 res
814 1976 912 2023 mmeu
942 1967 1052 2025 ineerta
1081 1976 1140 2037 sst3
1172 1967 1202 2023 in
1235 1983 1343 2041 prouo-

265 2051 348 2107 mine
381 2051 498 2125 quidem
531 2066 618 2107 unum
652 2050 815 2124 exemplum
844 2050 906 2121 (ΙΙ,
935 2056 990 2119 44,
1023 2048 1074 2123 11)
1107 2049 1232 2125 eripiunt
1257 2050 1290 2109 M
1311 2048 1342 2107 H

264 2134 465 2207 Rheuuuique
487 2132 582 2189 codex
602 2152 621 2189 a
642 2134 670 2191 P
691 2132 769 2207 (ipso
802 2151 820 2187 e
849 2133 977 2189 secunda
998 2150 1086 2191 mauu
1108 2131 1252 2205 correcto)
1283 2131 1341 2189 dis·
1447 2144 1451 2154 ¹

265 2227 440 2291 crepantem
470 2216 501 2273 in
525 2214 588 2273 aliis
611 2211 742 2289 sequitur
766 2212 829 2271 fere
850 2234 865 2271 o
887 2226 978 2290 autq
1005 2215 1103 2273 littera
1132 2217 1176 2286 (ut
1203 2215 1263 2284 ΙΙΙ,
1293 2218 1342 2285 55,

269 2302 325 2356 13:
347 2300 406 2355 bae
426 2300 586 2367 conmiares
608 2299 700 2369 lepte),
725 2308 758 2353 ut
779 2297 918 2371 proclivis
939 2297 1028 2355 fuerit
1048 2297 1214 2371 geminandi
1243 2314 1341 2365 error3

264 2382 371 2455 itaque
394 2383 471 2451 baa,
503 2381 596 2438 donea
619 2390 729 2438 eertum
760 2380 829 2450 erit,
859 2380 973 2439 Livium
1006 2381 1047 2437 siu
1075 2379 1201 2437 scribere
1225 2378 1341 2436 solitum

265 2482 344 2535 esse,
366 2464 460 2520 multo
481 2464 588 2520 rectius
609 2463 640 2519 in
661 2462 804 2519 vanatate
819 2463 970 2537 scripturas
991 2463 1143 2538 diligenter
1162 2470 1341 2519 annotantur
1443 2530 1447 2535 1

267 2557 299 2603 et
330 2566 349 2605 a
373 2546 575 2622 grammaticis
595 2546 626 2603 in
648 2545 820 2603 adversaris
839 2545 1014 2617 referuntur,
1037 2564 1125 2621 quam
1147 2544 1179 2601 in
1207 2543 1342 2619 exempla

905 2760 917 2769 μ

338 2823 414 2874 quan
429 2818 502 2871 porte
519 2818 546 2858 et
559 2818 633 2873 ponte
650 2810 764 2858 manem
780 2810 812 2872 (P
830 2825 866 2862 m.
889 2812 929 2873 1),
957 2815 998 2869 11,
1023 2812 1036 2859 7
1060 2808 1179 2859 Gabinan
1198 2808 1262 2857 11111111
1282 2807 1343 2870 (Μ),

339 2884 385 2935 20,
406 2883 418 2926 1
438 2879 463 2926 in
478 2880 582 2942 prienam
600 2878 705 2927 asaiam
724 2879 800 2928 anien
820 2880 882 2943 (Μ),
902 2887 945 2939 82,
965 2877 1092 2929 braidam
1108 2879 1133 2927 in
1151 2879 1229 2927 arbam
1249 2878 1341 2935 (Mml

337 2948 384 3007 Ρ),
411 2953 460 3006 st,
486 2950 562 2997 sabi
578 2965 630 2997 eam
649 2947 777 2998 remisisset
794 2949 877 3012 (ΜΡ),
903 2951 956 3000 11111.
987 2954 1017 2999 la
1037 2948 1119 3013 facile
1137 2946 1224 2997 dictum
1242 2955 1278 2995 est
1302 2944 1345 3007 (Μ

251 3042 255 3047 2
338 3018 384 3079 P).
421 3016 551 3082 Perpetua
570 3017 689 3066 confusio
716 3027 754 3066 est
779 3019 804 3066 in
824 3021 957 3068 codicibus
973 3018 1112 3067 formarum
1138 3014 1202 3065 redit
1219 3024 1245 3063 et
1273 3013 1346 3065 rediit

340 3095 368 3135 et
387 3086 518 3146 similium,
541 3102 588 3135 nee
607 3087 703 3150 ubique
722 3086 821 3135 definiri
839 3099 931 3153 potest,
951 3101 1097 3153 prmsensue
1117 3086 1143 3135 iu
1162 3086 1291 3134 narrando
1311 3100 1343 3133 sn

338 3154 486 3220 perfectum
505 3155 593 3205 Livius
612 3157 748 3218 posuerim
772 3158 820 3205 sed'
836 3169 921 3207 tamen
941 3160 998 3222 quis
1013 3156 1079 3205 ierat
1097 3157 1138 3205 edi
1156 3156 1177 3215 1,
1203 3159 1244 3213 st,
1263 3160 1291 3203 2:
1315 3170 1345 3203 ea

338 3242 380 3274 res
398 3224 529 3273 51111111-
549 3224 633 3296 eadem
652 3224 803 3289 inpedit-
825 3227 938 3292 multique
953 3227 1062 3292 per-ient
1088 3235 1133 3274 sut
1151 3225 1279 3289 quianon
1297 3225 1344 3272 mi·

339 3303 422 3348 retur.
449 3295 493 3358 qui
511 3295 545 3354 V,
565 3300 590 3353 8,
609 3300 625 3343 3
643 3309 691 3357 pro
713 3296 777 3359 perit
800 3307 892 3347 contra
916 3299 998 3347 bonos
1023 3296 1124 3345 codices
1148 3304 1216 3343 reate
1234 3294 1344 3341 tenuerit

335 3364 420 3428 periit,
441 3365 502 3425 quia
519 3365 638 3427 prasenti
651 3364 773 3414 historico
787 3367 861 3417 locus
880 3383 933 3417 non
946 3375 1021 3423 esset,
1041 3380 1099 3413 eum
1119 3379 1139 3413 a.
1163 3370 1202 3423 10,
1225 3368 1256 3413 10
1275 3376 1344 3427 spre-

338 3436 410 3482 visse
431 3432 528 3497 nequiit,
554 3435 623 3497 quod
642 3448 695 3481 nou
713 3436 797 3485 miuus
815 3438 988 3487 necessarium
1009 3436 1064 3484 esti
1089 3424 1178 3484 itihilo
1202 3432 1293 3482 melius
1311 3432 1344 3481 li·

339 3501 421 3551 brarii
441 3503 537 3553 codicis
556 3503 688 3565 archetypi
708 3508 846 3555 auctoritas
865 3507 986 3557 defendet
1002 3504 1029 3553 iu
1047 3504 1094 3563 lv,
1118 3508 1160 3561 53,
1187 3510 1203 3551 4
1221 3502 1343 3566 tempori

339 3572 633 3633 ininterrogationibus
662 3573 775 3622 eiusdem
807 3578 909 3639 generis
937 3576 1074 3639 diligenter
1101 3574 1249 3637 compositis
1276 3572 1343 3621 hano

337 3643 504 3690 varietatem:
522 3639 627 3689 cedant
651 3657 698 3689 non
715 3647 877 3711 nminpuits's?
893 3661 939 3693 non
958 3644 1081 3709 inseruerit
1099 3652 1143 3691 aut
1156 3644 1225 3691 hano
1244 3642 1343 3691 numeri

337 3711 559 3775 perturbationem
584 3711 611 3759 111
645 3709 698 3768 IV,
728 3718 777 3773 35,
809 3722 838 3765 62
868 3714 1041 3777 obseruandum
1068 3710 1247 3771 multitudinem,
1278 3710 1344 3775 quad

338 3778 503 3829 admiratione
521 3796 615 3839 eoram,
641 3796 700 3843 quos
718 3781 829 3844 odissent,
847 3796 943 3849 stupens
963 3810 994 3823 -
1013 3799 1039 3831 se
1060 3782 1116 3846 ipsa
1139 3790 1233 3830 teneret.
1274 3780 1341 3829 Nem

338 3866 356 3898 a
374 3848 532 3899 multitudines
549 3850 653 3897 uomina
677 3852 713 3899 sia
739 3853 840 3905 demum
864 3864 933 3905 recte
952 3852 1104 3903 transiretur
1121 3854 1155 3899 sd
1178 3848 1296 3911 adissent,
1320 3848 1341 3897 si

337 3934 391 3967 non
420 3926 569 3982 sequeretur
586 3912 663 3966 1111110Ι
684 3920 817 3973 interiecto
841 3934 937 3989 stupens
957 3949 988 3959 -
1008 3929 1108 3979 teneret3
1134 3918 1203 3968 nuno
1230 3924 1343 3983 apparet,

337 3986 440 4036 librarii
468 3988 554 4036 auimo
578 3986 706 4036 obiectam
731 4005 785 4042 esse
810 3994 917 4057 pluralis
947 3990 1046 4041 numeri
1074 3992 1184 4053 speciem
1209 4002 1242 4037 ex
1264 3988 1342 4036 obiur-

336 4056 449 4123 yantr’sm
467 4065 512 4105 eut
526 4072 616 4105 eoram.
702 4090 731 4145 κ
792 4044 802 4065 ⁸

207 4189 211 4195 ’
290 4167 319 4236 ¹)
338 4170 424 4219 Velut
450 4168 479 4227 Ι,
510 4175 543 4229 8,
586 4162 616 4216 11
647 4184 679 4219 ex
708 4187 760 4219 uno
787 4170 809 4220 P
835 4173 890 4221 bueo
919 4180 1061 4239 temporum
1093 4172 1210 4223 contusio
1238 4173 1343 4221 inducta

337 4248 380 4289 est
405 4239 434 4287 in
458 4238 525 4287 Livii
548 4240 705 4287 orationem:
729 4239 853 4291 addit-
873 4244 988 4293 interemit
1016 4270 1047 4282 -
1076 4242 1176 4303 adiurit5
1212 4246 1240 4303 5,
1269 4246 1282 4290 5
1309 4254 1342 4289 ex

336 4311 432 4359 eodem
459 4317 590 4372 receptum
614 4311 752 4359 contrabi
771 4311 837 4361 HL
856 4314 951 4377 aperire
974 4312 1094 4372 noluerat,
1123 4314 1155 4361 de
1180 4326 1230 4375 quo
1257 4310 1342 4361 mendi

336 4392 436 4442 genera
463 4378 516 4427 dixi
535 4378 746 4433 emandd.1drr.
770 4398 796 4446 p.
815 4387 849 4431 88
876 4398 904 4434 n.
923 4388 954 4443 23
979 4392 1028 4431 'nea
1053 4396 1137 4447 pauca
1163 4381 1257 4431 similia
1276 4388 1342 4430 sunt.
