<?xml version="1.0" encoding="UTF-8"?>
<!DOCTYPE html PUBLIC "-//W3C//DTD XHTML 1.0 Transitional//EN"
    "http://www.w3.org/TR/xhtml1/DTD/xhtml1-transitional.dtd">
<html xmlns="http://www.w3.org/1999/xhtml" xml:lang="en" lang="en">
 <head>
  <title>
</title>
<meta http-equiv="Content-Type" content="text/html;charset=utf-8" />
  <meta name='ocr-system' content='tesseract 3.04.00' />
  <meta name='ocr-capabilities' content='ocr_page ocr_carea ocr_par ocr_line ocrx_word'/>
</head>
<body>
  <div class='ocr_page' id='page_1' title='image "./titiliviihistor03ussigoog_0426.png"; bbox 0 0 3392 5084; ppageno 0'>
   <div class='ocr_carea' id='block_1_1' title="bbox 478 475 1204 542">
    <p class='ocr_par' dir='ltr' id='par_1_1' title="bbox 478 475 1204 542">
     <span class='ocr_line' id='line_1_1' title="bbox 478 475 1204 542; baseline -0.004 -13"><span class='ocrx_word' id='word_1_1' title='bbox 478 480 517 536; x_wconf 82' lang='grc'><strong>56</strong></span> <span class='ocrx_word' id='word_1_2' title='bbox 718 477 796 528; x_wconf 85' lang='lat' dir='ltr'><strong>Liber</strong></span> <span class='ocrx_word' id='word_1_3' title='bbox 813 477 872 528; x_wconf 85' lang='lat' dir='ltr'><strong>vn.</strong></span> <span class='ocrx_word' id='word_1_4' title='bbox 913 477 960 542; x_wconf 87' lang='grc' dir='ltr'><strong>(Δ.</strong></span> <span class='ocrx_word' id='word_1_5' title='bbox 970 491 996 529; x_wconf 86' lang='grc' dir='ltr'><strong>ιι.</strong></span> <span class='ocrx_word' id='word_1_6' title='bbox 1008 491 1030 530; x_wconf 89' lang='lat' dir='ltr'><strong>c.</strong></span> <span class='ocrx_word' id='word_1_7' title='bbox 1042 475 1204 540; x_wconf 72' lang='lat' dir='ltr'><strong>stt-8⁹4.)</strong></span> 
     </span>
    </p>
   </div>
   <div class='ocr_carea' id='block_1_2' title="bbox 343 660 1526 4228">
    <p class='ocr_par' dir='ltr' id='par_1_2' title="bbox 343 660 1526 4228">
     <span class='ocr_line' id='line_1_2' title="bbox 435 660 1482 737; baseline -0.003 -19"><span class='ocrx_word' id='word_1_8' title='bbox 435 669 467 719; x_wconf 90' lang='lat' dir='ltr'><strong>ut</strong></span> <span class='ocrx_word' id='word_1_9' title='bbox 487 662 666 720; x_wconf 77' lang='lat' dir='ltr'><strong>continuaret</strong></span> <span class='ocrx_word' id='word_1_10' title='bbox 689 663 885 731; x_wconf 87' lang='lat' dir='ltr'><strong>consulatum,</strong></span> <span class='ocrx_word' id='word_1_11' title='bbox 916 663 1031 720; x_wconf 86' lang='lat' dir='ltr'><strong>obviam</strong></span> <span class='ocrx_word' id='word_1_12' title='bbox 1060 663 1183 720; x_wconf 88' lang='lat' dir='ltr'><strong>eundum</strong></span> <span class='ocrx_word' id='word_1_13' title='bbox 1212 680 1310 737; x_wconf 75' lang='lat' dir='ltr'><strong>prave</strong></span> <span class='ocrx_word' id='word_1_14' title='bbox 1334 660 1482 736; x_wconf 76' lang='lat' dir='ltr'><strong>cupiditati</strong></span> 
     </span>
     <span class='ocr_line' id='line_1_3' title="bbox 405 767 1482 844; baseline -0.004 -18"><span class='ocrx_word' id='word_1_15' title='bbox 405 767 531 832; x_wconf 68' lang='lat' dir='ltr'><strong>sitierit</strong></span> <span class='ocrx_word' id='word_1_16' title='bbox 575 768 704 841; x_wconf 82' lang='lat' dir='ltr'><strong>Quoesits</strong></span> <span class='ocrx_word' id='word_1_17' title='bbox 726 787 763 826; x_wconf 88' lang='lat' dir='ltr'><strong>aa</strong></span> <span class='ocrx_word' id='word_1_18' title='bbox 788 769 913 844; x_wconf 79' lang='lat' dir='ltr'><strong>proprie</strong></span> <span class='ocrx_word' id='word_1_19' title='bbox 933 767 1050 826; x_wconf 74' lang='lat' dir='ltr'><strong>familie</strong></span> <span class='ocrx_word' id='word_1_20' title='bbox 1079 769 1144 824; x_wconf 84' lang='lat' dir='ltr'><strong>laus</strong></span> <span class='ocrx_word' id='word_1_21' title='bbox 1171 767 1308 824; x_wconf 86' lang='lat' dir='ltr'><strong>leviorem</strong></span> <span class='ocrx_word' id='word_1_22' title='bbox 1338 776 1482 823; x_wconf 81' lang='lat' dir='ltr'><strong>auctorem</strong></span> 
     </span>
     <span class='ocr_line' id='line_1_4' title="bbox 435 873 1484 948; baseline -0.004 -16"><span class='ocrx_word' id='word_1_23' title='bbox 435 873 576 932; x_wconf 88' lang='lat' dir='ltr'><strong>Licinium</strong></span> <span class='ocrx_word' id='word_1_24' title='bbox 598 874 681 943; x_wconf 84' lang='lat' dir='ltr'><strong>facit;</strong></span> <span class='ocrx_word' id='word_1_25' title='bbox 702 893 790 948; x_wconf 89' lang='lat' dir='ltr'><strong>quum</strong></span> <span class='ocrx_word' id='word_1_26' title='bbox 812 875 983 932; x_wconf 78' lang='lat' dir='ltr'><strong>mentionem</strong></span> <span class='ocrx_word' id='word_1_27' title='bbox 1004 875 1064 931; x_wconf 87' lang='lat' dir='ltr'><strong>eius</strong></span> <span class='ocrx_word' id='word_1_28' title='bbox 1079 874 1121 932; x_wconf 89' lang='lat' dir='ltr'><strong>rei</strong></span> <span class='ocrx_word' id='word_1_29' title='bbox 1134 873 1163 930; x_wconf 91' lang='lat' dir='ltr'><strong>in</strong></span> <span class='ocrx_word' id='word_1_30' title='bbox 1178 873 1384 931; x_wconf 84' lang='lat' dir='ltr'><strong>vetustioribus</strong></span> <span class='ocrx_word' id='word_1_31' title='bbox 1399 891 1484 928; x_wconf 85' lang='lat' dir='ltr'><strong>enna-</strong></span> 
     </span>
     <span class='ocr_line' id='line_1_5' title="bbox 435 979 1481 1054; baseline -0.002 -18"><span class='ocrx_word' id='word_1_32' title='bbox 435 979 510 1037; x_wconf 85' lang='lat' dir='ltr'><strong>libne</strong></span> <span class='ocrx_word' id='word_1_33' title='bbox 530 979 637 1037; x_wconf 87' lang='lat' dir='ltr'><strong>nullam</strong></span> <span class='ocrx_word' id='word_1_34' title='bbox 659 981 814 1051; x_wconf 88' lang='lat' dir='ltr'><strong>inveniam,</strong></span> <span class='ocrx_word' id='word_1_35' title='bbox 831 979 933 1054; x_wconf 86' lang='lat' dir='ltr'><strong>megia,</strong></span> <span class='ocrx_word' id='word_1_36' title='bbox 955 989 987 1036; x_wconf 87' lang='lat' dir='ltr'><strong>ut</strong></span> <span class='ocrx_word' id='word_1_37' title='bbox 1008 979 1074 1036; x_wconf 91' lang='lat' dir='ltr'><strong>belli</strong></span> <span class='ocrx_word' id='word_1_38' title='bbox 1087 979 1193 1038; x_wconf 79' lang='lat' dir='ltr'><strong>Gallici</strong></span> <span class='ocrx_word' id='word_1_39' title='bbox 1215 998 1305 1037; x_wconf 88' lang='lat' dir='ltr'><strong>cansa</strong></span> <span class='ocrx_word' id='word_1_40' title='bbox 1319 979 1481 1036; x_wconf 84' lang='lat' dir='ltr'><strong>dictatorem</strong></span> 
     </span>
     <span class='ocr_line' id='line_1_6' title="bbox 406 1081 1482 1158; baseline -0.004 -18"><span class='ocrx_word' id='word_1_41' title='bbox 406 1083 562 1142; x_wconf 71' lang='lat' dir='ltr'><strong>Get-catum</strong></span> <span class='ocrx_word' id='word_1_42' title='bbox 591 1086 730 1158; x_wconf 82' lang='lat' dir='ltr'><strong>arbitrer,</strong></span> <span class='ocrx_word' id='word_1_43' title='bbox 759 1086 878 1144; x_wconf 86' lang='lat' dir='ltr'><strong>inclinat</strong></span> <span class='ocrx_word' id='word_1_44' title='bbox 905 1083 1025 1141; x_wconf 88' lang='lat' dir='ltr'><strong>animus.</strong></span> <span class='ocrx_word' id='word_1_45' title='bbox 1066 1085 1112 1142; x_wconf 84' lang='lat' dir='ltr'><strong>Eo</strong></span> <span class='ocrx_word' id='word_1_46' title='bbox 1140 1095 1218 1142; x_wconf 89' lang='lat' dir='ltr'><strong>certe</strong></span> <span class='ocrx_word' id='word_1_47' title='bbox 1241 1103 1319 1142; x_wconf 87' lang='lat' dir='ltr'><strong>auno</strong></span> <span class='ocrx_word' id='word_1_48' title='bbox 1344 1083 1426 1142; x_wconf 90' lang='lat' dir='ltr'><strong>Galli</strong></span> <span class='ocrx_word' id='word_1_49' title='bbox 1450 1081 1482 1137; x_wconf 90' lang='lat' dir='ltr'><strong>ad</strong></span> 
     </span>
     <span class='ocr_line' id='line_1_7' title="bbox 435 1188 1485 1268; baseline -0.002 -22"><span class='ocrx_word' id='word_1_50' title='bbox 435 1190 549 1247; x_wconf 87' lang='lat' dir='ltr'><strong>tertium</strong></span> <span class='ocrx_word' id='word_1_51' title='bbox 589 1192 718 1268; x_wconf 79' lang='lat' dir='ltr'><strong>lapidosi</strong></span> <span class='ocrx_word' id='word_1_52' title='bbox 745 1193 861 1251; x_wconf 87' lang='lat' dir='ltr'><strong>Salaria</strong></span> <span class='ocrx_word' id='word_1_53' title='bbox 891 1191 940 1247; x_wconf 91' lang='lat' dir='ltr'><strong>via</strong></span> <span class='ocrx_word' id='word_1_54' title='bbox 976 1199 1056 1247; x_wconf 88' lang='lat' dir='ltr'><strong>trans</strong></span> <span class='ocrx_word' id='word_1_55' title='bbox 1092 1200 1210 1266; x_wconf 88' lang='lat' dir='ltr'><strong>pontem</strong></span> <span class='ocrx_word' id='word_1_56' title='bbox 1238 1188 1361 1248; x_wconf 80' lang='lat' dir='ltr'><strong>Anienis</strong></span> <span class='ocrx_word' id='word_1_57' title='bbox 1398 1199 1485 1246; x_wconf 84' lang='lat' dir='ltr'><strong>castra</strong></span> 
     </span>
     <span class='ocr_line' id='line_1_8' title="bbox 435 1291 1485 1371; baseline -0.004 -18"><span class='ocrx_word' id='word_1_58' title='bbox 435 1296 572 1357; x_wconf 88' lang='lat' dir='ltr'><strong>habuere.</strong></span> <span class='ocrx_word' id='word_1_59' title='bbox 632 1297 766 1356; x_wconf 76' lang='lat' dir='ltr'><strong>Dictator</strong></span> <span class='ocrx_word' id='word_1_60' title='bbox 798 1316 886 1371; x_wconf 88' lang='lat' dir='ltr'><strong>quum</strong></span> <span class='ocrx_word' id='word_1_61' title='bbox 923 1297 1061 1354; x_wconf 86' lang='lat' dir='ltr'><strong>tumultus</strong></span> <span class='ocrx_word' id='word_1_62' title='bbox 1088 1297 1194 1356; x_wconf 78' lang='lat' dir='ltr'><strong>Gallici</strong></span> <span class='ocrx_word' id='word_1_63' title='bbox 1230 1315 1322 1354; x_wconf 88' lang='lat' dir='ltr'><strong>causa</strong></span> <span class='ocrx_word' id='word_1_64' title='bbox 1351 1291 1485 1353; x_wconf 84' lang='lat' dir='ltr'><strong>iustitium</strong></span> 
     </span>
     <span class='ocr_line' id='line_1_9' title="bbox 436 1400 1526 1480; baseline -0.001 -24"><span class='ocrx_word' id='word_1_65' title='bbox 436 1400 588 1471; x_wconf 76' lang='lat' dir='ltr'><strong>edixisset,</strong></span> <span class='ocrx_word' id='word_1_66' title='bbox 619 1421 719 1460; x_wconf 85' lang='lat' dir='ltr'><strong>omnes</strong></span> <span class='ocrx_word' id='word_1_67' title='bbox 740 1403 866 1460; x_wconf 90' lang='lat' dir='ltr'><strong>iuniores</strong></span> <span class='ocrx_word' id='word_1_68' title='bbox 886 1412 1067 1459; x_wconf 87' lang='lat' dir='ltr'><strong>sacramanto</strong></span> <span class='ocrx_word' id='word_1_69' title='bbox 1089 1405 1196 1479; x_wconf 82' lang='lat' dir='ltr'><strong>adegit,</strong></span> <span class='ocrx_word' id='word_1_70' title='bbox 1220 1403 1393 1480; x_wconf 89' lang='lat' dir='ltr'><strong>ingentique</strong></span> <span class='ocrx_word' id='word_1_71' title='bbox 1412 1419 1485 1456; x_wconf 88' lang='lat' dir='ltr'><strong>exer·</strong></span> <span class='ocrx_word' id='word_1_72' title='bbox 1525 1427 1526 1432; x_wconf 15' lang='grc' dir='ltr'><strong>κ</strong></span> 
     </span>
     <span class='ocr_line' id='line_1_10' title="bbox 435 1504 1487 1585; baseline -0.003 -23"><span class='ocrx_word' id='word_1_73' title='bbox 435 1506 493 1563; x_wconf 91' lang='lat' dir='ltr'><strong>citu</strong></span> <span class='ocrx_word' id='word_1_74' title='bbox 515 1509 553 1564; x_wconf 88' lang='lat' dir='ltr'><strong>ab</strong></span> <span class='ocrx_word' id='word_1_75' title='bbox 573 1509 646 1566; x_wconf 90' lang='lat' dir='ltr'><strong>urbe</strong></span> <span class='ocrx_word' id='word_1_76' title='bbox 667 1508 814 1585; x_wconf 83' lang='lat' dir='ltr'><strong>profectus</strong></span> <span class='ocrx_word' id='word_1_77' title='bbox 834 1510 865 1564; x_wconf 91' lang='lat' dir='ltr'><strong>in</strong></span> <span class='ocrx_word' id='word_1_78' title='bbox 887 1508 1019 1565; x_wconf 86' lang='lat' dir='ltr'><strong>citeriore</strong></span> <span class='ocrx_word' id='word_1_79' title='bbox 1040 1509 1105 1581; x_wconf 85' lang='lat' dir='ltr'><strong>ripa</strong></span> <span class='ocrx_word' id='word_1_80' title='bbox 1126 1508 1247 1566; x_wconf 79' lang='lat' dir='ltr'><strong>Anienis</strong></span> <span class='ocrx_word' id='word_1_81' title='bbox 1271 1517 1368 1566; x_wconf 87' lang='lat' dir='ltr'><strong>cestre</strong></span> <span class='ocrx_word' id='word_1_82' title='bbox 1389 1504 1487 1581; x_wconf 86' lang='lat' dir='ltr'><strong>posuit</strong></span> 
     </span>
     <span class='ocr_line' id='line_1_11' title="bbox 407 1611 1487 1688; baseline -0.002 -20"><span class='ocrx_word' id='word_1_83' title='bbox 407 1613 516 1670; x_wconf 90' lang='lat' dir='ltr'><strong>7Pons</strong></span> <span class='ocrx_word' id='word_1_84' title='bbox 534 1615 563 1671; x_wconf 92' lang='lat' dir='ltr'><strong>in</strong></span> <span class='ocrx_word' id='word_1_85' title='bbox 585 1617 679 1673; x_wconf 87' lang='lat' dir='ltr'><strong>medio</strong></span> <span class='ocrx_word' id='word_1_86' title='bbox 701 1625 773 1685; x_wconf 87' lang='lat' dir='ltr'><strong>erat,</strong></span> <span class='ocrx_word' id='word_1_87' title='bbox 794 1615 902 1672; x_wconf 90' lang='lat' dir='ltr'><strong>neutris</strong></span> <span class='ocrx_word' id='word_1_88' title='bbox 924 1633 988 1670; x_wconf 88' lang='lat' dir='ltr'><strong>cum</strong></span> <span class='ocrx_word' id='word_1_89' title='bbox 1010 1613 1217 1688; x_wconf 88' lang='lat' dir='ltr'><strong>rumpentibus,</strong></span> <span class='ocrx_word' id='word_1_90' title='bbox 1238 1633 1276 1670; x_wconf 88' lang='lat' dir='ltr'><strong>na</strong></span> <span class='ocrx_word' id='word_1_91' title='bbox 1291 1613 1407 1670; x_wconf 90' lang='lat' dir='ltr'><strong>timoris</strong></span> <span class='ocrx_word' id='word_1_92' title='bbox 1422 1611 1487 1668; x_wconf 91' lang='lat' dir='ltr'><strong>indi·</strong></span> 
     </span>
     <span class='ocr_line' id='line_1_12' title="bbox 435 1718 1491 1795; baseline -0.004 -19"><span class='ocrx_word' id='word_1_93' title='bbox 435 1718 510 1776; x_wconf 87' lang='lat' dir='ltr'><strong>cium</strong></span> <span class='ocrx_word' id='word_1_94' title='bbox 536 1730 621 1782; x_wconf 84' lang='lat' dir='ltr'><strong>esset.</strong></span> <span class='ocrx_word' id='word_1_95' title='bbox 663 1721 772 1779; x_wconf 85' lang='lat' dir='ltr'><strong>Proelia</strong></span> <span class='ocrx_word' id='word_1_96' title='bbox 799 1722 836 1778; x_wconf 89' lang='lat' dir='ltr'><strong>de</strong></span> <span class='ocrx_word' id='word_1_97' title='bbox 862 1719 1030 1795; x_wconf 91' lang='lat' dir='ltr'><strong>occupando</strong></span> <span class='ocrx_word' id='word_1_98' title='bbox 1057 1727 1145 1792; x_wconf 86' lang='lat' dir='ltr'><strong>ponte</strong></span> <span class='ocrx_word' id='word_1_99' title='bbox 1172 1719 1275 1776; x_wconf 89' lang='lat' dir='ltr'><strong>crebra</strong></span> <span class='ocrx_word' id='word_1_100' title='bbox 1300 1727 1402 1787; x_wconf 65' lang='lat' dir='ltr'><strong>mant,</strong></span> <span class='ocrx_word' id='word_1_101' title='bbox 1434 1734 1491 1782; x_wconf 85' lang='lat' dir='ltr'><strong>nec,</strong></span> 
     </span>
     <span class='ocr_line' id='line_1_13' title="bbox 404 1823 1488 1900; baseline -0.002 -20"><span class='ocrx_word' id='word_1_102' title='bbox 404 1824 485 1897; x_wconf 90' lang='lat' dir='ltr'><strong>8qui</strong></span> <span class='ocrx_word' id='word_1_103' title='bbox 510 1835 690 1900; x_wconf 88' lang='lat' dir='ltr'><strong>poterentur,</strong></span> <span class='ocrx_word' id='word_1_104' title='bbox 717 1827 833 1884; x_wconf 86' lang='lat' dir='ltr'><strong>incertis</strong></span> <span class='ocrx_word' id='word_1_105' title='bbox 860 1827 970 1882; x_wconf 87' lang='lat' dir='ltr'><strong>viribus</strong></span> <span class='ocrx_word' id='word_1_106' title='bbox 997 1823 1067 1882; x_wconf 86' lang='lat' dir='ltr'><strong>satis</strong></span> <span class='ocrx_word' id='word_1_107' title='bbox 1098 1824 1221 1881; x_wconf 82' lang='lat' dir='ltr'><strong>discerni</strong></span> <span class='ocrx_word' id='word_1_108' title='bbox 1246 1834 1375 1899; x_wconf 88' lang='lat' dir='ltr'><strong>poterat.</strong></span> <span class='ocrx_word' id='word_1_109' title='bbox 1421 1825 1488 1880; x_wconf 91' lang='lat' dir='ltr'><strong>Tum</strong></span> 
     </span>
     <span class='ocr_line' id='line_1_14' title="bbox 436 1929 1489 2008; baseline 0.001 -23"><span class='ocrx_word' id='word_1_110' title='bbox 436 1930 543 1987; x_wconf 87' lang='lat' dir='ltr'><strong>eximie</strong></span> <span class='ocrx_word' id='word_1_111' title='bbox 564 1934 693 2008; x_wconf 86' lang='lat' dir='ltr'><strong>corporis</strong></span> <span class='ocrx_word' id='word_1_112' title='bbox 714 1933 911 2008; x_wconf 86' lang='lat' dir='ltr'><strong>magnitudine</strong></span> <span class='ocrx_word' id='word_1_113' title='bbox 937 1931 966 1988; x_wconf 92' lang='lat' dir='ltr'><strong>in</strong></span> <span class='ocrx_word' id='word_1_114' title='bbox 996 1948 1119 1986; x_wconf 85' lang='lat' dir='ltr'><strong>vacuum</strong></span> <span class='ocrx_word' id='word_1_115' title='bbox 1146 1941 1265 2005; x_wconf 85' lang='lat' dir='ltr'><strong>pontem</strong></span> <span class='ocrx_word' id='word_1_116' title='bbox 1291 1929 1402 1988; x_wconf 79' lang='lat' dir='ltr'><strong>Gallus</strong></span> <span class='ocrx_word' id='word_1_117' title='bbox 1429 1949 1489 2004; x_wconf 91' lang='lat' dir='ltr'><strong>pro·</strong></span> 
     </span>
     <span class='ocr_line' id='line_1_15' title="bbox 426 2015 1491 2115; baseline -0.008 -19"><span class='ocrx_word' id='word_1_118' title='bbox 426 2015 523 2096; x_wconf 61' lang='lat' dir='ltr'><strong>&#39;cessit</strong></span> <span class='ocrx_word' id='word_1_119' title='bbox 541 2048 578 2109; x_wconf 89' lang='lat' dir='ltr'><strong>et,</strong></span> <span class='ocrx_word' id='word_1_120' title='bbox 605 2049 743 2115; x_wconf 89' lang='lat' dir='ltr'><strong>quantum</strong></span> <span class='ocrx_word' id='word_1_121' title='bbox 767 2040 897 2096; x_wconf 87' lang='lat' dir='ltr'><strong>maxima</strong></span> <span class='ocrx_word' id='word_1_122' title='bbox 916 2055 988 2093; x_wconf 86' lang='lat' dir='ltr'><strong>voce</strong></span> <span class='ocrx_word' id='word_1_123' title='bbox 1009 2035 1117 2111; x_wconf 90' lang='lat' dir='ltr'><strong>potuit,</strong></span> <span class='ocrx_word' id='word_1_124' title='bbox 1148 2035 1262 2108; x_wconf 85' lang='lat' dir='ltr'><strong>„Quem</strong></span> <span class='ocrx_word' id='word_1_125' title='bbox 1282 2041 1382 2092; x_wconf 83' lang='lat' dir='ltr'><strong>nnnc“</strong></span> <span class='ocrx_word' id='word_1_126' title='bbox 1405 2034 1491 2109; x_wconf 88' lang='lat' dir='ltr'><strong>inquit</strong></span> 
     </span>
     <span class='ocr_line' id='line_1_16' title="bbox 439 2141 1489 2218; baseline -0.004 -16"><span class='ocrx_word' id='word_1_127' title='bbox 439 2145 553 2215; x_wconf 85' lang='lat' dir='ltr'><strong>,Roma</strong></span> <span class='ocrx_word' id='word_1_128' title='bbox 573 2145 667 2203; x_wconf 87' lang='lat' dir='ltr'><strong>virum</strong></span> <span class='ocrx_word' id='word_1_129' title='bbox 688 2143 877 2201; x_wconf 87' lang='lat' dir='ltr'><strong>fortissimum</strong></span> <span class='ocrx_word' id='word_1_130' title='bbox 898 2143 995 2212; x_wconf 84' lang='lat' dir='ltr'><strong>hebet,</strong></span> <span class='ocrx_word' id='word_1_131' title='bbox 1016 2141 1165 2216; x_wconf 88' lang='lat' dir='ltr'><strong>procedat,</strong></span> <span class='ocrx_word' id='word_1_132' title='bbox 1188 2160 1242 2217; x_wconf 86' lang='lat' dir='ltr'><strong>age</strong></span> <span class='ocrx_word' id='word_1_133' title='bbox 1257 2142 1340 2213; x_wconf 91' lang='lat' dir='ltr'><strong>dum,</strong></span> <span class='ocrx_word' id='word_1_134' title='bbox 1363 2143 1404 2199; x_wconf 84' lang='lat' dir='ltr'><strong>ad</strong></span> <span class='ocrx_word' id='word_1_135' title='bbox 1425 2161 1489 2218; x_wconf 85' lang='lat' dir='ltr'><strong>pug-</strong></span> 
     </span>
     <span class='ocr_line' id='line_1_17' title="bbox 436 2247 1491 2322; baseline -0.002 -19"><span class='ocrx_word' id='word_1_136' title='bbox 436 2265 519 2317; x_wconf 89' lang='lat' dir='ltr'><strong>nam,</strong></span> <span class='ocrx_word' id='word_1_137' title='bbox 547 2257 580 2304; x_wconf 92' lang='lat' dir='ltr'><strong>ut</strong></span> <span class='ocrx_word' id='word_1_138' title='bbox 599 2259 699 2307; x_wconf 88' lang='lat' dir='ltr'><strong>noster</strong></span> <span class='ocrx_word' id='word_1_139' title='bbox 718 2251 840 2307; x_wconf 89' lang='lat' dir='ltr'><strong>duorum</strong></span> <span class='ocrx_word' id='word_1_140' title='bbox 868 2257 986 2305; x_wconf 85' lang='lat' dir='ltr'><strong>eventus</strong></span> <span class='ocrx_word' id='word_1_141' title='bbox 1008 2247 1151 2316; x_wconf 87' lang='lat' dir='ltr'><strong>ostendat,</strong></span> <span class='ocrx_word' id='word_1_142' title='bbox 1179 2259 1244 2305; x_wconf 87' lang='lat' dir='ltr'><strong>ntra</strong></span> <span class='ocrx_word' id='word_1_143' title='bbox 1266 2265 1341 2322; x_wconf 87' lang='lat' dir='ltr'><strong>gens</strong></span> <span class='ocrx_word' id='word_1_144' title='bbox 1363 2248 1442 2306; x_wconf 90' lang='lat' dir='ltr'><strong>bello</strong></span> <span class='ocrx_word' id='word_1_145' title='bbox 1460 2247 1491 2302; x_wconf 87' lang='lat' dir='ltr'><strong>sit</strong></span> 
     </span>
     <span class='ocr_line' id='line_1_18' title="bbox 343 2351 1490 2431; baseline 0 -21"><span class='ocrx_word' id='word_1_146' title='bbox 343 2351 386 2420; x_wconf 80' lang='grc'><strong>10</strong></span> <span class='ocrx_word' id='word_1_147' title='bbox 435 2354 565 2412; x_wconf 86' lang='lat' dir='ltr'><strong>melior.“</strong></span> <span class='ocrx_word' id='word_1_148' title='bbox 615 2355 675 2413; x_wconf 92' lang='lat' dir='ltr'><strong>Diu</strong></span> <span class='ocrx_word' id='word_1_149' title='bbox 703 2357 777 2414; x_wconf 90' lang='lat' dir='ltr'><strong>inter</strong></span> <span class='ocrx_word' id='word_1_150' title='bbox 804 2356 944 2431; x_wconf 83' lang='lat' dir='ltr'><strong>primores</strong></span> <span class='ocrx_word' id='word_1_151' title='bbox 974 2354 1107 2410; x_wconf 89' lang='lat' dir='ltr'><strong>iuvenum</strong></span> <span class='ocrx_word' id='word_1_152' title='bbox 1129 2355 1330 2411; x_wconf 88' lang='lat' dir='ltr'><strong>Romanorum</strong></span> <span class='ocrx_word' id='word_1_153' title='bbox 1354 2354 1490 2412; x_wconf 87' lang='lat' dir='ltr'><strong>silentium</strong></span> 
     </span>
     <span class='ocr_line' id='line_1_19' title="bbox 436 2459 1491 2536; baseline -0.002 -20"><span class='ocrx_word' id='word_1_154' title='bbox 436 2459 507 2531; x_wconf 89' lang='lat' dir='ltr'><strong>fuit,</strong></span> <span class='ocrx_word' id='word_1_155' title='bbox 543 2479 630 2535; x_wconf 89' lang='lat' dir='ltr'><strong>quum</strong></span> <span class='ocrx_word' id='word_1_156' title='bbox 664 2470 692 2519; x_wconf 90' lang='lat' dir='ltr'><strong>et</strong></span> <span class='ocrx_word' id='word_1_157' title='bbox 724 2463 850 2518; x_wconf 87' lang='lat' dir='ltr'><strong>abnuere</strong></span> <span class='ocrx_word' id='word_1_158' title='bbox 883 2471 1026 2518; x_wconf 89' lang='lat' dir='ltr'><strong>certamen</strong></span> <span class='ocrx_word' id='word_1_159' title='bbox 1059 2469 1225 2517; x_wconf 83' lang='lat' dir='ltr'><strong>vererentur</strong></span> <span class='ocrx_word' id='word_1_160' title='bbox 1257 2469 1288 2516; x_wconf 91' lang='lat' dir='ltr'><strong>et</strong></span> <span class='ocrx_word' id='word_1_161' title='bbox 1318 2461 1491 2536; x_wconf 80' lang='lat' dir='ltr'><strong>praecipuam</strong></span> 
     </span>
     <span class='ocr_line' id='line_1_20' title="bbox 406 2565 1491 2644; baseline -0.004 -20"><span class='ocrx_word' id='word_1_162' title='bbox 406 2568 542 2624; x_wconf 71' lang='lat' dir='ltr'><strong>laertem</strong></span> <span class='ocrx_word' id='word_1_163' title='bbox 564 2567 682 2644; x_wconf 87' lang='lat' dir='ltr'><strong>periculi</strong></span> <span class='ocrx_word' id='word_1_164' title='bbox 700 2576 799 2642; x_wconf 88' lang='lat' dir='ltr'><strong>petere</strong></span> <span class='ocrx_word' id='word_1_165' title='bbox 820 2567 943 2638; x_wconf 86' lang='lat' dir='ltr'><strong>nollent3</strong></span> <span class='ocrx_word' id='word_1_166' title='bbox 973 2577 1032 2623; x_wconf 88' lang='lat' dir='ltr'><strong>tum</strong></span> <span class='ocrx_word' id='word_1_167' title='bbox 1055 2568 1093 2627; x_wconf 90' lang='grc' dir='ltr'><strong>Τ.</strong></span> <span class='ocrx_word' id='word_1_168' title='bbox 1116 2566 1242 2622; x_wconf 87' lang='lat' dir='ltr'><strong>Manlius</strong></span> <span class='ocrx_word' id='word_1_169' title='bbox 1264 2566 1299 2625; x_wconf 91' lang='lat' dir='ltr'><strong>L.</strong></span> <span class='ocrx_word' id='word_1_170' title='bbox 1322 2567 1420 2636; x_wconf 85' lang='lat' dir='ltr'><strong>lilius,</strong></span> <span class='ocrx_word' id='word_1_171' title='bbox 1450 2565 1491 2640; x_wconf 90' lang='lat' dir='ltr'><strong>qui</strong></span> 
     </span>
     <span class='ocr_line' id='line_1_21' title="bbox 435 2670 1490 2747; baseline -0.003 -19"><span class='ocrx_word' id='word_1_172' title='bbox 435 2680 547 2747; x_wconf 89' lang='lat' dir='ltr'><strong>patrem</strong></span> <span class='ocrx_word' id='word_1_173' title='bbox 577 2693 596 2729; x_wconf 88' lang='lat' dir='ltr'><strong>a</strong></span> <span class='ocrx_word' id='word_1_174' title='bbox 621 2672 775 2730; x_wconf 79' lang='lat' dir='ltr'><strong>vexatione</strong></span> <span class='ocrx_word' id='word_1_175' title='bbox 805 2672 958 2730; x_wconf 86' lang='lat' dir='ltr'><strong>tribunicia</strong></span> <span class='ocrx_word' id='word_1_176' title='bbox 989 2671 1201 2740; x_wconf 81' lang='lat' dir='ltr'><strong>vindicaverat,</strong></span> <span class='ocrx_word' id='word_1_177' title='bbox 1235 2691 1273 2730; x_wconf 88' lang='lat' dir='ltr'><strong>ex</strong></span> <span class='ocrx_word' id='word_1_178' title='bbox 1304 2673 1435 2730; x_wconf 87' lang='lat' dir='ltr'><strong>statione</strong></span> <span class='ocrx_word' id='word_1_179' title='bbox 1460 2670 1490 2727; x_wconf 87' lang='lat' dir='ltr'><strong>ad</strong></span> 
     </span>
     <span class='ocr_line' id='line_1_22' title="bbox 436 2777 1490 2853; baseline -0.002 -19"><span class='ocrx_word' id='word_1_180' title='bbox 436 2777 604 2835; x_wconf 86' lang='lat' dir='ltr'><strong>dictatorern</strong></span> <span class='ocrx_word' id='word_1_181' title='bbox 626 2777 728 2852; x_wconf 83' lang='lat' dir='ltr'><strong>pergit.</strong></span> <span class='ocrx_word' id='word_1_182' title='bbox 781 2778 914 2846; x_wconf 87' lang='lat' dir='ltr'><strong>,Iniussu</strong></span> <span class='ocrx_word' id='word_1_183' title='bbox 943 2783 1011 2834; x_wconf 86' lang='lat' dir='ltr'><strong>tuo“</strong></span> <span class='ocrx_word' id='word_1_184' title='bbox 1045 2778 1152 2851; x_wconf 88' lang='lat' dir='ltr'><strong>inquit,</strong></span> <span class='ocrx_word' id='word_1_185' title='bbox 1186 2778 1383 2853; x_wconf 88' lang='lat' dir='ltr'><strong>„imperatnr,</strong></span> <span class='ocrx_word' id='word_1_186' title='bbox 1418 2788 1490 2834; x_wconf 84' lang='lat' dir='ltr'><strong>extra</strong></span> 
     </span>
     <span class='ocr_line' id='line_1_23' title="bbox 436 2882 1489 2958; baseline 0 -20"><span class='ocrx_word' id='word_1_187' title='bbox 436 2883 565 2939; x_wconf 90' lang='lat' dir='ltr'><strong>ordinem</strong></span> <span class='ocrx_word' id='word_1_188' title='bbox 589 2902 735 2958; x_wconf 88' lang='lat' dir='ltr'><strong>nunquam</strong></span> <span class='ocrx_word' id='word_1_189' title='bbox 757 2884 962 2958; x_wconf 77' lang='lat' dir='ltr'><strong>pugnaverim,</strong></span> <span class='ocrx_word' id='word_1_190' title='bbox 997 2902 1055 2939; x_wconf 91' lang='lat' dir='ltr'><strong>nou</strong></span> <span class='ocrx_word' id='word_1_191' title='bbox 1085 2883 1110 2939; x_wconf 92' lang='lat' dir='ltr'><strong>si</strong></span> <span class='ocrx_word' id='word_1_192' title='bbox 1137 2893 1243 2940; x_wconf 85' lang='lat' dir='ltr'><strong>certam</strong></span> <span class='ocrx_word' id='word_1_193' title='bbox 1274 2883 1433 2940; x_wconf 86' lang='lat' dir='ltr'><strong>victoriam</strong></span> <span class='ocrx_word' id='word_1_194' title='bbox 1454 2882 1489 2938; x_wconf 86' lang='lat' dir='ltr'><strong>vi·</strong></span> 
     </span>
     <span class='ocr_line' id='line_1_24' title="bbox 406 2988 1488 3064; baseline -0.001 -21"><span class='ocrx_word' id='word_1_195' title='bbox 406 2989 535 3054; x_wconf 73' lang='lat' dir='ltr'><strong>3dcam3</strong></span> <span class='ocrx_word' id='word_1_196' title='bbox 566 2990 591 3046; x_wconf 89' lang='lat' dir='ltr'><strong>si</strong></span> <span class='ocrx_word' id='word_1_197' title='bbox 612 3000 643 3046; x_wconf 88' lang='lat' dir='ltr'><strong>tu</strong></span> <span class='ocrx_word' id='word_1_198' title='bbox 664 2990 815 3064; x_wconf 83' lang='lat' dir='ltr'><strong>permittis,</strong></span> <span class='ocrx_word' id='word_1_199' title='bbox 843 2990 911 3046; x_wconf 90' lang='lat' dir='ltr'><strong>volo</strong></span> <span class='ocrx_word' id='word_1_200' title='bbox 934 3007 988 3063; x_wconf 85' lang='lat' dir='ltr'><strong>ego</strong></span> <span class='ocrx_word' id='word_1_201' title='bbox 1009 2989 1050 3045; x_wconf 89' lang='lat' dir='ltr'><strong>illi</strong></span> <span class='ocrx_word' id='word_1_202' title='bbox 1071 2988 1162 3046; x_wconf 75' lang='lat' dir='ltr'><strong>beluae</strong></span> <span class='ocrx_word' id='word_1_203' title='bbox 1183 2989 1350 3059; x_wconf 88' lang='lat' dir='ltr'><strong>ostendere,</strong></span> <span class='ocrx_word' id='word_1_204' title='bbox 1381 2989 1488 3064; x_wconf 86' lang='lat' dir='ltr'><strong>quando</strong></span> 
     </span>
     <span class='ocr_line' id='line_1_25' title="bbox 436 3092 1488 3170; baseline 0.003 -19"><span class='ocrx_word' id='word_1_205' title='bbox 436 3095 510 3152; x_wconf 88' lang='lat' dir='ltr'><strong>adeo</strong></span> <span class='ocrx_word' id='word_1_206' title='bbox 531 3094 616 3152; x_wconf 80' lang='lat' dir='ltr'><strong>ferox</strong></span> <span class='ocrx_word' id='word_1_207' title='bbox 636 3096 785 3170; x_wconf 71' lang='lat' dir='ltr'><strong>praesultat</strong></span> <span class='ocrx_word' id='word_1_208' title='bbox 805 3095 929 3152; x_wconf 87' lang='lat' dir='ltr'><strong>hostium</strong></span> <span class='ocrx_word' id='word_1_209' title='bbox 952 3094 1050 3170; x_wconf 84' lang='lat' dir='ltr'><strong>signis,</strong></span> <span class='ocrx_word' id='word_1_210' title='bbox 1071 3113 1118 3151; x_wconf 88' lang='lat' dir='ltr'><strong>me</strong></span> <span class='ocrx_word' id='word_1_211' title='bbox 1139 3113 1174 3151; x_wconf 87' lang='lat' dir='ltr'><strong>ax</strong></span> <span class='ocrx_word' id='word_1_212' title='bbox 1197 3113 1232 3152; x_wconf 89' lang='lat' dir='ltr'><strong>ea</strong></span> <span class='ocrx_word' id='word_1_213' title='bbox 1253 3092 1371 3160; x_wconf 82' lang='lat' dir='ltr'><strong>familia</strong></span> <span class='ocrx_word' id='word_1_214' title='bbox 1394 3107 1488 3154; x_wconf 77' lang='lat' dir='ltr'><strong>ortum.</strong></span> 
     </span>
     <span class='ocr_line' id='line_1_26' title="bbox 368 3200 1489 3276; baseline -0.003 -19"><span class='ocrx_word' id='word_1_215' title='bbox 368 3213 374 3226; x_wconf 66' lang='lat'>‘</span> <span class='ocrx_word' id='word_1_216' title='bbox 406 3204 500 3275; x_wconf 80' lang='lat' dir='ltr'><strong>‹lqnae</strong></span> <span class='ocrx_word' id='word_1_217' title='bbox 514 3200 665 3260; x_wconf 83' lang='lat' dir='ltr'><strong>Gallorum</strong></span> <span class='ocrx_word' id='word_1_218' title='bbox 687 3219 791 3276; x_wconf 79' lang='lat' dir='ltr'><strong>agmen</strong></span> <span class='ocrx_word' id='word_1_219' title='bbox 811 3221 849 3258; x_wconf 89' lang='lat' dir='ltr'><strong>ex</strong></span> <span class='ocrx_word' id='word_1_220' title='bbox 865 3219 942 3274; x_wconf 82' lang='lat' dir='ltr'><strong>rupe</strong></span> <span class='ocrx_word' id='word_1_221' title='bbox 953 3200 1081 3275; x_wconf 89' lang='lat' dir='ltr'><strong>Tarpeia</strong></span> <span class='ocrx_word' id='word_1_222' title='bbox 1102 3200 1231 3257; x_wconf 82' lang='lat' dir='ltr'><strong>deiecit“</strong></span> <span class='ocrx_word' id='word_1_223' title='bbox 1269 3201 1350 3258; x_wconf 86' lang='lat' dir='ltr'><strong>Tum</strong></span> <span class='ocrx_word' id='word_1_224' title='bbox 1374 3201 1489 3258; x_wconf 85' lang='lat' dir='ltr'><strong>dictator</strong></span> 
     </span>
     <span class='ocr_line' id='line_1_27' title="bbox 371 3307 1487 3382; baseline -0.001 -19"><span class='ocrx_word' id='word_1_225' title='bbox 371 3317 375 3324; x_wconf 88' lang='lat'>&#39;</span> <span class='ocrx_word' id='word_1_226' title='bbox 438 3308 554 3374; x_wconf 88' lang='lat' dir='ltr'><strong>,Macte</strong></span> <span class='ocrx_word' id='word_1_227' title='bbox 587 3308 710 3364; x_wconf 85' lang='lat' dir='ltr'><strong>virtute“</strong></span> <span class='ocrx_word' id='word_1_228' title='bbox 744 3307 837 3381; x_wconf 90' lang='lat' dir='ltr'><strong>inquit</strong></span> <span class='ocrx_word' id='word_1_229' title='bbox 869 3325 922 3374; x_wconf 83' lang='lat' dir='ltr'><strong>,ac</strong></span> <span class='ocrx_word' id='word_1_230' title='bbox 955 3307 1062 3382; x_wconf 87' lang='lat' dir='ltr'><strong>pietate</strong></span> <span class='ocrx_word' id='word_1_231' title='bbox 1094 3307 1122 3362; x_wconf 89' lang='lat' dir='ltr'><strong>in</strong></span> <span class='ocrx_word' id='word_1_232' title='bbox 1155 3316 1268 3381; x_wconf 87' lang='lat' dir='ltr'><strong>petrem</strong></span> <span class='ocrx_word' id='word_1_233' title='bbox 1302 3308 1487 3381; x_wconf 84' lang='lat' dir='ltr'><strong>patriamqne</strong></span> 
     </span>
     <span class='ocr_line' id='line_1_28' title="bbox 436 3410 1488 3487; baseline -0.001 -19"><span class='ocrx_word' id='word_1_234' title='bbox 436 3412 471 3469; x_wconf 92' lang='lat' dir='ltr'><strong>T.</strong></span> <span class='ocrx_word' id='word_1_235' title='bbox 494 3413 601 3480; x_wconf 89' lang='lat' dir='ltr'><strong>Manli,</strong></span> <span class='ocrx_word' id='word_1_236' title='bbox 629 3423 701 3472; x_wconf 88' lang='lat' dir='ltr'><strong>esto.</strong></span> <span class='ocrx_word' id='word_1_237' title='bbox 743 3415 838 3487; x_wconf 81' lang='lat' dir='ltr'><strong>Perge</strong></span> <span class='ocrx_word' id='word_1_238' title='bbox 869 3421 897 3468; x_wconf 89' lang='lat' dir='ltr'><strong>et</strong></span> <span class='ocrx_word' id='word_1_239' title='bbox 917 3430 1020 3468; x_wconf 88' lang='lat' dir='ltr'><strong>nomen</strong></span> <span class='ocrx_word' id='word_1_240' title='bbox 1043 3413 1207 3468; x_wconf 88' lang='lat' dir='ltr'><strong>Romanum</strong></span> <span class='ocrx_word' id='word_1_241' title='bbox 1228 3410 1372 3468; x_wconf 89' lang='lat' dir='ltr'><strong>invictum</strong></span> <span class='ocrx_word' id='word_1_242' title='bbox 1394 3414 1488 3469; x_wconf 82' lang='lat' dir='ltr'><strong>iuran-</strong></span> 
     </span>
     <span class='ocr_line' id='line_1_29' title="bbox 406 3516 1488 3594; baseline 0 -20"><span class='ocrx_word' id='word_1_243' title='bbox 406 3517 512 3574; x_wconf 83' lang='lat' dir='ltr'><strong>5tibus</strong></span> <span class='ocrx_word' id='word_1_244' title='bbox 533 3518 588 3575; x_wconf 88' lang='lat' dir='ltr'><strong>diis</strong></span> <span class='ocrx_word' id='word_1_245' title='bbox 608 3523 742 3594; x_wconf 76' lang='lat' dir='ltr'><strong>presta.“</strong></span> <span class='ocrx_word' id='word_1_246' title='bbox 791 3522 917 3575; x_wconf 85' lang='lat' dir='ltr'><strong>Armant</strong></span> <span class='ocrx_word' id='word_1_247' title='bbox 944 3519 1011 3574; x_wconf 89' lang='lat' dir='ltr'><strong>inde</strong></span> <span class='ocrx_word' id='word_1_248' title='bbox 1032 3518 1164 3573; x_wconf 88' lang='lat' dir='ltr'><strong>invenem</strong></span> <span class='ocrx_word' id='word_1_249' title='bbox 1185 3516 1331 3590; x_wconf 75' lang='lat' dir='ltr'><strong>equales3</strong></span> <span class='ocrx_word' id='word_1_250' title='bbox 1363 3519 1488 3594; x_wconf 83' lang='lat' dir='ltr'><strong>pedestre</strong></span> 
     </span>
     <span class='ocr_line' id='line_1_30' title="bbox 435 3622 1525 3700; baseline -0.001 -22"><span class='ocrx_word' id='word_1_251' title='bbox 435 3631 546 3679; x_wconf 89' lang='lat' dir='ltr'><strong>scutum</strong></span> <span class='ocrx_word' id='word_1_252' title='bbox 569 3624 661 3700; x_wconf 87' lang='lat' dir='ltr'><strong>capit,</strong></span> <span class='ocrx_word' id='word_1_253' title='bbox 691 3624 824 3699; x_wconf 89' lang='lat' dir='ltr'><strong>Hispano</strong></span> <span class='ocrx_word' id='word_1_254' title='bbox 857 3625 979 3699; x_wconf 83' lang='lat' dir='ltr'><strong>cingitur</strong></span> <span class='ocrx_word' id='word_1_255' title='bbox 993 3623 1122 3699; x_wconf 73' lang='lat' dir='ltr'><strong>‘gladio,</strong></span> <span class='ocrx_word' id='word_1_256' title='bbox 1155 3623 1192 3678; x_wconf 89' lang='lat' dir='ltr'><strong>ad</strong></span> <span class='ocrx_word' id='word_1_257' title='bbox 1213 3624 1384 3698; x_wconf 87' lang='lat' dir='ltr'><strong>propiorem</strong></span> <span class='ocrx_word' id='word_1_258' title='bbox 1406 3622 1487 3681; x_wconf 87' lang='lat' dir='ltr'><strong>habili</strong></span> <span class='ocrx_word' id='word_1_259' title='bbox 1524 3661 1525 3691; x_wconf 48' lang='lat'>1</span> 
     </span>
     <span class='ocr_line' id='line_1_31' title="bbox 435 3725 1486 3804; baseline -0.003 -20"><span class='ocrx_word' id='word_1_260' title='bbox 435 3747 572 3803; x_wconf 88' lang='lat' dir='ltr'><strong>pugnam.</strong></span> <span class='ocrx_word' id='word_1_261' title='bbox 624 3732 778 3787; x_wconf 85' lang='lat' dir='ltr'><strong>Armatum</strong></span> <span class='ocrx_word' id='word_1_262' title='bbox 809 3730 1039 3804; x_wconf 89' lang='lat' dir='ltr'><strong>adornatumque</strong></span> <span class='ocrx_word' id='word_1_263' title='bbox 1072 3728 1211 3784; x_wconf 87' lang='lat' dir='ltr'><strong>adversus</strong></span> <span class='ocrx_word' id='word_1_264' title='bbox 1237 3725 1361 3787; x_wconf 88' lang='lat' dir='ltr'><strong>Gallum</strong></span> <span class='ocrx_word' id='word_1_265' title='bbox 1393 3727 1486 3786; x_wconf 87' lang='lat' dir='ltr'><strong>stolide</strong></span> 
     </span>
     <span class='ocr_line' id='line_1_32' title="bbox 435 3834 1525 3910; baseline -0.004 -20"><span class='ocrx_word' id='word_1_266' title='bbox 435 3834 531 3891; x_wconf 83' lang='lat' dir='ltr'><strong>laetum</strong></span> <span class='ocrx_word' id='word_1_267' title='bbox 553 3844 582 3892; x_wconf 89' lang='lat' dir='ltr'><strong>et</strong></span> <span class='ocrx_word' id='word_1_268' title='bbox 602 3837 751 3910; x_wconf 86' lang='lat' dir='ltr'><strong>(quoniam</strong></span> <span class='ocrx_word' id='word_1_269' title='bbox 772 3836 802 3892; x_wconf 91' lang='lat' dir='ltr'><strong>id</strong></span> <span class='ocrx_word' id='word_1_270' title='bbox 824 3853 939 3910; x_wconf 87' lang='lat' dir='ltr'><strong>quoque</strong></span> <span class='ocrx_word' id='word_1_271' title='bbox 962 3835 1101 3891; x_wconf 81' lang='lat' dir='ltr'><strong>mernoria</strong></span> <span class='ocrx_word' id='word_1_272' title='bbox 1123 3834 1238 3910; x_wconf 87' lang='lat' dir='ltr'><strong>dignum</strong></span> <span class='ocrx_word' id='word_1_273' title='bbox 1255 3835 1386 3910; x_wconf 88' lang='lat' dir='ltr'><strong>antiquis</strong></span> <span class='ocrx_word' id='word_1_274' title='bbox 1400 3834 1483 3891; x_wconf 85' lang='lat' dir='ltr'><strong>visum</strong></span> <span class='ocrx_word' id='word_1_275' title='bbox 1524 3867 1525 3902; x_wconf 69' lang='lat'>3</span> 
     </span>
     <span class='ocr_line' id='line_1_33' title="bbox 406 3938 1484 4018; baseline -0.002 -23"><span class='ocrx_word' id='word_1_276' title='bbox 406 3938 491 4015; x_wconf 73' lang='lat' dir='ltr'><strong>dest)</strong></span> <span class='ocrx_word' id='word_1_277' title='bbox 517 3941 644 4017; x_wconf 86' lang='lat' dir='ltr'><strong>linguam</strong></span> <span class='ocrx_word' id='word_1_278' title='bbox 674 3942 760 3998; x_wconf 89' lang='lat' dir='ltr'><strong>etiam</strong></span> <span class='ocrx_word' id='word_1_279' title='bbox 788 3941 825 3998; x_wconf 88' lang='lat' dir='ltr'><strong>ab</strong></span> <span class='ocrx_word' id='word_1_280' title='bbox 854 3940 938 4018; x_wconf 84' lang='lat' dir='ltr'><strong>irrisu</strong></span> <span class='ocrx_word' id='word_1_281' title='bbox 967 3949 1144 3996; x_wconf 83' lang='lat' dir='ltr'><strong>exserentem</strong></span> <span class='ocrx_word' id='word_1_282' title='bbox 1177 3939 1352 4013; x_wconf 86' lang='lat' dir='ltr'><strong>producunt.</strong></span> <span class='ocrx_word' id='word_1_283' title='bbox 1409 3939 1484 3998; x_wconf 86' lang='lat' dir='ltr'><strong>Reci-</strong></span> 
     </span>
     <span class='ocr_line' id='line_1_34' title="bbox 433 4043 1483 4123; baseline -0.004 -20"><span class='ocrx_word' id='word_1_284' title='bbox 433 4046 517 4123; x_wconf 90' lang='lat' dir='ltr'><strong>piunt</strong></span> <span class='ocrx_word' id='word_1_285' title='bbox 536 4047 604 4105; x_wconf 87' lang='lat' dir='ltr'><strong>inde</strong></span> <span class='ocrx_word' id='word_1_286' title='bbox 626 4066 658 4104; x_wconf 91' lang='lat' dir='ltr'><strong>se</strong></span> <span class='ocrx_word' id='word_1_287' title='bbox 683 4047 719 4104; x_wconf 86' lang='lat' dir='ltr'><strong>ad</strong></span> <span class='ocrx_word' id='word_1_288' title='bbox 734 4047 899 4113; x_wconf 89' lang='lat' dir='ltr'><strong>stationem,</strong></span> <span class='ocrx_word' id='word_1_289' title='bbox 922 4055 949 4102; x_wconf 91' lang='lat' dir='ltr'><strong>et</strong></span> <span class='ocrx_word' id='word_1_290' title='bbox 969 4045 1027 4102; x_wconf 91' lang='lat' dir='ltr'><strong>duo</strong></span> <span class='ocrx_word' id='word_1_291' title='bbox 1041 4046 1070 4102; x_wconf 91' lang='lat' dir='ltr'><strong>in</strong></span> <span class='ocrx_word' id='word_1_292' title='bbox 1087 4044 1181 4101; x_wconf 85' lang='lat' dir='ltr'><strong>medio</strong></span> <span class='ocrx_word' id='word_1_293' title='bbox 1196 4046 1313 4119; x_wconf 84' lang='lat' dir='ltr'><strong>armati,</strong></span> <span class='ocrx_word' id='word_1_294' title='bbox 1334 4043 1483 4122; x_wconf 82' lang='lat' dir='ltr'><strong>spectaculi</strong></span> 
     </span>
     <span class='ocr_line' id='line_1_35' title="bbox 433 4145 1482 4228; baseline -0.003 -20"><span class='ocrx_word' id='word_1_295' title='bbox 433 4153 527 4228; x_wconf 84' lang='lat' dir='ltr'><strong>magis</strong></span> <span class='ocrx_word' id='word_1_296' title='bbox 549 4171 629 4208; x_wconf 90' lang='lat' dir='ltr'><strong>more</strong></span> <span class='ocrx_word' id='word_1_297' title='bbox 650 4170 737 4226; x_wconf 87' lang='lat' dir='ltr'><strong>quam</strong></span> <span class='ocrx_word' id='word_1_298' title='bbox 758 4152 823 4226; x_wconf 86' lang='lat' dir='ltr'><strong>lege</strong></span> <span class='ocrx_word' id='word_1_299' title='bbox 850 4150 934 4220; x_wconf 90' lang='lat' dir='ltr'><strong>belli,</strong></span> <span class='ocrx_word' id='word_1_300' title='bbox 968 4150 1176 4220; x_wconf 85' lang='lat' dir='ltr'><strong>destituuntur,</strong></span> <span class='ocrx_word' id='word_1_301' title='bbox 1211 4145 1398 4226; x_wconf 75' lang='lat' dir='ltr'><strong>nequaquam</strong></span> <span class='ocrx_word' id='word_1_302' title='bbox 1426 4151 1482 4206; x_wconf 82' lang='lat' dir='ltr'><strong>vien</strong></span> 
     </span>
    </p>
   </div>
   <div class='ocr_carea' id='block_1_3' title="bbox 405 4233 1524 4332">
    <p class='ocr_par' dir='ltr' id='par_1_3' title="bbox 405 4233 1524 4332">
     <span class='ocr_line' id='line_1_36' title="bbox 405 4233 1524 4332; baseline -0.002 -21"><span class='ocrx_word' id='word_1_303' title='bbox 405 4259 469 4314; x_wconf 80' lang='lat' dir='ltr'><strong>lac</strong></span> <span class='ocrx_word' id='word_1_304' title='bbox 502 4257 598 4332; x_wconf 88' lang='lat' dir='ltr'><strong>specie</strong></span> <span class='ocrx_word' id='word_1_305' title='bbox 632 4256 837 4314; x_wconf 77' lang='lat' dir='ltr'><strong>estimantibus</strong></span> <span class='ocrx_word' id='word_1_306' title='bbox 874 4275 969 4331; x_wconf 88' lang='lat' dir='ltr'><strong>pares.</strong></span> <span class='ocrx_word' id='word_1_307' title='bbox 1031 4245 1158 4332; x_wconf 60' lang='lat' dir='ltr'><strong>Corpus*</strong></span> <span class='ocrx_word' id='word_1_308' title='bbox 1179 4256 1262 4314; x_wconf 84' lang='lat' dir='ltr'><strong>alteri</strong></span> <span class='ocrx_word' id='word_1_309' title='bbox 1293 4255 1481 4331; x_wconf 86' lang='lat' dir='ltr'><strong>magnitudine</strong></span> <span class='ocrx_word' id='word_1_310' title='bbox 1523 4233 1524 4278; x_wconf 70' lang='lat' dir='ltr'><strong>i</strong></span> 
     </span>
    </p>
   </div>
   <div class='ocr_carea' id='block_1_4' title="bbox 0 0 1700 5084">
    <p class='ocr_par' dir='ltr' id='par_1_4' title="bbox 0 0 1700 5084">
     <span class='ocr_line' id='line_1_37' title="bbox 0 0 1700 5084; baseline 0 3"><span class='ocrx_word' id='word_1_311' title='bbox 0 0 1700 5084; x_wconf 95' lang='lat' dir='ltr'><strong> </strong></span> 
     </span>
    </p>
   </div>
  </div>
 </body>
</html>
