3392 5084
709 340 725 375 0

537 531 613 579 Liber
629 530 660 579 V.
699 531 746 591 (a,
761 529 808 579 ch.
823 531 897 591 eoo.)
1145 534 1198 588 stt

205 713 379 786 sexagesimus
403 713 519 787 quintus
548 732 639 771 annus
669 714 761 782 urbis,
792 713 935 787 Quirites,
962 713 1070 788 agitur3
1100 712 1175 770 inter
1201 722 1246 769 tot

204 817 349 875 veterrimos
372 818 498 895 populos
528 826 586 875 tam
617 819 665 875 diu
693 818 770 876 bella
790 818 904 895 geritis,
936 837 1024 893 quum
1052 816 1179 886 interae,
1209 836 1245 874 ne

204 924 309 999 singulas
329 924 438 997 loquer
459 924 561 994 urbes,
588 942 646 981 non
673 924 816 983 coniuncti
838 942 902 981 eum
924 923 1032 997 AEquis
1054 922 1172 989 Volsci,
1201 930 1245 979 tot

203 1038 248 1085 un
265 1030 364 1087 valida
383 1027 509 1103 oppida,
531 1048 589 1086 non
610 1028 746 1085 universa
766 1028 900 1099 Etruria,
923 1037 1033 1085 tantum
1055 1037 1134 1085 terra
1156 1027 1243 1084 mari·

204 1151 245 1207 que
261 1134 370 1209 pollens
395 1143 483 1208 atque
500 1134 575 1191 inter
596 1133 654 1191 duo
676 1134 770 1191 meria
789 1133 970 1191 latitudinem
992 1109 1124 1191 bbtinens
1142 1131 1243 1204 Itelioe,

202 1238 259 1295 bello
280 1239 361 1297 vobis
385 1258 442 1315 par
464 1247 516 1300 est.
560 1239 646 1313 Quod
670 1258 755 1315 quum
778 1240 820 1297 ita
840 1239 893 1309 sit,
921 1258 994 1315 quse,
1016 1239 1139 1309 melum,
1167 1238 1274 1294 ratiob
1321 1277 1334 1302 ,

202 1348 232 1396 est
242 1327 391 1417 paxpertis
400 1337 436 1418 ¹),
453 1344 511 1415 alia
522 1344 656 1419 experiri,
679 1362 777 1419 quum,
798 1344 856 1401 iam
868 1353 901 1401 ut
911 1344 1002 1401 virtus
1013 1352 1111 1403 vestra
1121 1342 1244 1400 transire

202 1445 244 1501 alio
262 1448 362 1521 possit,
386 1446 507 1507 fortune
527 1458 604 1507 eerte
624 1449 682 1507 loci
703 1449 787 1507 huius
808 1448 958 1507 transferri
978 1468 1036 1507 non
1052 1448 1162 1525 possit?
1187 1448 1273 1505 Hier

201 1546 357 1625 Capitolium
389 1564 447 1626 est,
474 1554 524 1612 ubi
548 1555 693 1629 quondam
718 1554 812 1631 eapite
836 1556 963 1612 humano
985 1555 1102 1612 invento
1123 1572 1243 1628 respon·

200 1672 246 1712 sum
265 1668 324 1729 est,
347 1678 385 1716 eo
407 1659 473 1717 loeo
495 1669 583 1736 eaput
605 1679 701 1717 rerum
723 1678 924 1735 summamque
944 1659 1058 1735 imperii
1078 1659 1142 1717 fore
1149 1679 1158 1734 3
1188 1658 1244 1728 hie,

199 1778 266 1833 quum
288 1774 437 1840 augurato
461 1765 633 1823 liberaretur
653 1764 845 1842 Capitolium,
873 1766 1011 1824 Iuventas
1032 1766 1244 1841 Terminusque

198 1866 305 1924 maximo
328 1870 442 1944 gaudio
463 1878 577 1946 patrum
605 1879 768 1927 nostrorum
797 1872 908 1929 moveri
933 1890 965 1927 se
989 1890 1048 1927 non
1073 1870 1167 1945 passi3
1197 1870 1245 1927 hie

199 1968 276 2029 Veste
301 1973 405 2049 ignes,
442 1975 489 2033 hie
524 1976 628 2035 aneilla
655 1976 724 2034 eaelo
753 1977 893 2048 demissa,
926 1977 974 2034 hie
998 1994 1098 2033 omnes
1126 1974 1244 2050 propitii

197 2078 361 2135 manentibus
385 2080 471 2136 vobis
493 2079 561 2141 dii.“
1254 2141 1258 2147 .

262 2184 397 2241 Movisse
419 2202 469 2241 eos
494 2182 632 2242 Camillus
655 2204 742 2260 quum
765 2186 822 2243 alia
847 2185 993 2256 oratione,
1014 2194 1075 2243 tum
1098 2204 1150 2257 ee,
1179 2203 1244 2259 que
1294 2182 1337 2263 55

196 2286 223 2378 ed
241 2287 397 2363 religiones
418 2289 590 2365 pertinebat,
612 2290 738 2347 maxime
760 2291 877 2360 dieitur3
898 2291 949 2348 sed
970 2311 1031 2348 rem
1054 2290 1171 2347 dubiem
1192 2290 1243 2346 de·

196 2394 267 2449 erevit
286 2413 350 2451 vox
374 2404 540 2470 opportune
562 2394 681 2464 emissa,
704 2397 791 2470 quod,
815 2415 902 2471 quum
926 2406 1043 2454 senatus
1067 2403 1135 2471 post
1153 2395 1243 2470 paulo

195 2496 221 2553 la
238 2499 277 2556 his
298 2502 392 2557 rebus
415 2498 445 2554 in
466 2498 546 2555 ouria
567 2498 695 2557 Hostilia
715 2500 879 2573 haberetur,
901 2503 1092 2577 cohortesque
1113 2520 1151 2558 ex
1168 2518 1243 2576 prae·

195 2602 257 2659 eidiis
280 2611 466 2663 revertentes
490 2602 566 2662 forte
594 2606 708 2681 agmine
734 2605 831 2664 forum
858 2607 1029 2679 transirent,
1059 2606 1187 2665 centurio
1214 2606 1243 2661 in

195 2707 291 2766 comitio
314 2709 511 2765 exclamavit:
536 2708 695 2784 „Signifer,
722 2718 816 2768 statue
838 2712 966 2787 signum3
993 2713 1040 2770 hie
1065 2712 1275 2773 manebimus2

195 2813 310 2885 optima“
365 2814 437 2886 Qua
458 2832 531 2871 voce
554 2814 668 2884 audita,
698 2825 726 2872 et
749 2824 865 2873 senatus
894 2817 1025 2892 aoeipere
1046 2836 1078 2875 se
1101 2836 1186 2875 omen
1208 2834 1245 2874 ex

194 2917 256 2975 auria
282 2937 425 2995 egressus
454 2918 663 2991 conclamavit,
694 2929 722 2978 et
751 2920 833 2996 plebs
860 2920 1035 2979 circumfusa
1058 2922 1242 2998 approbavit.

193 3020 339 3097 Antiquata
363 3003 472 3081 deinde
494 3023 566 3100 lege,
589 3026 732 3101 promisee
754 3029 822 3084 urbs
842 3005 976 3084 aeditleari
991 3037 1095 3104 coepta.
1130 3028 1275 3104 Tegula3

192 3125 286 3195 publice
307 3127 441 3205 praebita
465 3138 522 3199 est3
549 3131 615 3189 saxi
636 3132 821 3207 materiaeque
843 3133 1000 3237 eadendae,
1025 3134 1244 3207 undequaque

192 3228 270 3301 vellet,
290 3233 336 3291 ius
360 3232 486 3305 factum,
510 3234 655 3310 praedibus
677 3238 811 3313 acceptis,
834 3256 869 3295 eo
891 3256 967 3295 anno
990 3237 1112 3296 aedilicia
1131 3238 1243 3313 perfee-

192 3340 263 3393 toros.
309 3337 482 3397 Festinatio
513 3322 611 3397 eurem
643 3344 749 3400 exemit
769 3343 850 3400 vieos
871 3343 1021 3418 dirigendi,
1043 3344 1111 3400 dum
1135 3343 1275 3405 omissos

191 3438 224 3495 tui
242 3442 389 3517 alienique
413 3443 578 3503 discrimine
600 3447 629 3503 in
651 3466 745 3505 vacuo
767 3448 918 3506 aedifioant.
960 3450 1007 3507 Ea
1028 3457 1072 3506 est
1093 3466 1191 3521 eausa,
1212 3456 1274 3512 ot5

191 3554 283 3605 veteres
304 3549 431 3619 eloaoae,
453 3550 548 3623 primo
569 3570 622 3626 per
635 3553 780 3628 publicum
796 3554 898 3624 duetae,
919 3555 1121 3629 nuneprivats
1135 3554 1243 3629 passim
1316 3554 1328 3561 ”

192 3650 295 3711 subeant
317 3660 414 3724 tecta,
437 3652 590 3729 formaque
611 3658 690 3715 urbis
712 3660 750 3716 sit
771 3669 919 3735 oocupatoe
940 3660 1033 3735 magis
1045 3678 1132 3734 quam
1145 3658 1245 3717 ‹livisoe

191 3752 280 3815 anuis.

214 3975 233 4042 ¹)
248 3982 371 4034 Fortasse
393 3954 409 4030 ὲ
427 3980 543 4043 vestigiis
561 3982 636 4031 codd.
657 3982 753 4047 aliquot
771 3986 847 4036 scrib.
868 3985 1018 4051 expertis
1036 3986 1150 4048 iratos,
