3392 5084
463 499 609 553 moerus
646 493 692 562 (Δ.
712 497 762 549 cu
779 501 939 557 ses-tes.)
1140 501 1193 558 127

202 685 412 764 populationibus
431 685 704 760 incursionibusque
714 682 851 742 meliores
861 701 935 759 esee,
956 695 989 742 et
1003 683 1109 742 nutus
1130 683 1238 759 passim

204 812 278 850 umus
313 811 402 867 quem
440 810 577 868 magnam
607 790 713 850 molam
742 788 826 846 unius
855 789 996 875 macutus
1028 790 1133 850 rectius
1164 791 1241 850 bella

202 918 285 974 gerere
327 897 446 960 Relicto·
463 897 564 973 itaque
584 896 687 956 casteis
708 895 852 972 presidio,
872 894 980 970 egressi
1000 903 1081 956 tunto
1107 915 1173 956 cnm
1194 905 1239 956 tu·
1313 893 1335 964 8

205 1005 269 1062 uultu
289 1004 427 1062 invasos-e
446 1005 519 1062 fines
540 1005 707 1073 Romanos,
730 1010 764 1060 nt
783 1001 822 1060 ad
842 1001 942 1062 urbem
965 1017 1080 1076 quoque
1100 1013 1240 1062 terrorem

203 1109 356 1185 pertulerint.
409 1110 596 1186 Necopineta
633 1108 721 1166 etiem
757 1125 804 1166 res
836 1106 901 1182 plus
934 1107 1133 1182 trepidationis
1164 1109 1271 1179 foniti

203 1218 258 1292 quod
278 1215 351 1274 nihil
372 1215 477 1283 minus,
499 1233 587 1288 quem
609 1233 646 1272 ne
667 1213 760 1272 victus
777 1230 915 1290 acprope
935 1212 965 1270 in
986 1213 1088 1272 cestris
1108 1215 1243 1274 obaesnn

203 1323 271 1380 hostis
296 1339 412 1380 memor
442 1317 638 1394 populationis
660 1328 752 1389 esset,
783 1319 879 1378 timeuu'
899 1328 1027 1395 potemt3
1058 1328 1273 1396 agrestesquett

203 1430 279 1504 pavidi
298 1428 461 1487 incidentes
480 1425 574 1502 portis
594 1443 653 1484 non
675 1425 891 1505 populationem
914 1445 967 1482 nee
988 1426 1155 1502 pnoedonum
1177 1445 1244 1502 par·

204 1555 237 1594 us
255 1553 371 1605 manns,
391 1533 454 1602 sed,
475 1532 575 1590 omnia
597 1549 674 1589 vano
695 1539 835 1606 augentes
857 1531 969 1602 timore,
990 1533 1132 1594 uentus
1155 1541 1185 1590 et
1205 1534 1246 1592 le·
1311 1611 1317 1622 ἡ

203 1643 283 1715 giones
303 1641 410 1698 adesse
429 1639 556 1696 hostium
576 1648 607 1696 et
626 1637 732 1696 infesto
754 1637 871 1712 agmine
891 1656 977 1696 unere
998 1637 1034 1694 ad
1056 1640 1166 1708 urbem,
1188 1639 1247 1698 cle·

204 1749 312 1804 nubant.
371 1746 422 1803 Ab
443 1744 489 1804 his
509 1743 635 1820 proximi
659 1743 759 1801 ondita
779 1742 889 1801 incerta
913 1761 1006 1817 eoque
1029 1744 1152 1802 uaniora
1171 1743 1278 1807 foret

204 1854 326 1910 udalios.
373 1849 485 1910 Cursus
505 1850 675 1925 clamorque
689 1849 855 1908 vocantium
871 1849 908 1906 ad
922 1867 1006 1906 orme
1026 1849 1106 1906 hsud
1128 1850 1248 1910 multum

205 1976 335 2034 epnvore
356 1966 451 2032 ceptae
473 1955 552 2013 urbis
573 1956 685 2015 abesse.
729 1957 819 2014 Forte
840 1955 878 2012 ab
896 1953 1006 2030 Algido
1019 1954 1169 2026 Quinctius
1181 1975 1250 2014 oon-

205 2065 236 2121 ml
253 2065 379 2123 redierat
400 2065 534 2121 Romam.
585 2062 621 2120 Id
650 2061 809 2120 remedium
837 2060 933 2120 timori
960 2059 1033 2130 iuit3
1069 2061 1280 2137 tumultuque5

205 2170 299 2238 mam,
320 2170 415 2226 victos
436 2168 531 2225 timeri
553 2168 706 2245 increpans
720 2169 829 2242 hostes,
851 2165 1090 2242 praesidispoutis
1105 2167 1250 2244 imposuit.

208 2274 305 2332 iocata
325 2273 393 2330 dein
413 2281 533 2355 senatu,
557 2292 647 2348 quum
675 2293 713 2331 ex
738 2273 910 2332 auctoritate
933 2282 1048 2348 patrum
1075 2273 1183 2330 iustitio
1196 2275 1280 2342 ,iu-6

207 2379 269 2436 dioto
288 2379 436 2456 profectus
458 2379 496 2435 ad
521 2379 659 2437 tutandos
681 2381 753 2438 fines
782 2388 875 2450 osset,
907 2378 944 2452 Q.
969 2376 1092 2439 Servilio
1113 2377 1250 2454 praefecto

209 2486 274 2542 urbis
292 2486 403 2556 mlicto‚
426 2486 540 2547 hostem
560 2485 591 2543 in
611 2485 690 2560 egris
711 2504 771 2542 uon
790 2483 908 2542 invenit.
952 2486 1002 2544 Ab
1024 2482 1116 2543 altero
1138 2485 1283 2554 eonsulep

210 2609 247 2647 res
260 2601 343 2666 geste
363 2591 481 2667 egregie
500 2601 558 2664 est;
583 2592 642 2667 qui,
664 2611 723 2666 qua
739 2601 891 2648 venturum
914 2592 1026 2648 hostem
1048 2591 1167 2662 sciebat,
1188 2609 1255 2666 gue-

210 2714 263 2754 uen
291 2699 390 2774 praeda
428 2717 522 2772 eoque
547 2697 730 2774 impeditiore
756 2697 871 2770 agmine
892 2697 1069 2756 incedentem
1092 2715 1255 2772 aggmssus,

213 2800 338 2862 inuestem
358 2802 577 2879 populationem
597 2803 675 2862 iecit.
720 2803 814 2862 Pauci
833 2801 959 2861 hostium
988 2822 1107 2862 evueoue
1128 2823 1166 2862 ex
1185 2803 1286 2864 inuia-8

215 2905 272 2978 diis3
290 2910 390 2985 prede
410 2909 506 2978 omnis
526 2919 645 2986 recepta
665 2918 719 2971 eet.
761 2908 811 2967 Sic
831 2909 916 2966 finem
936 2907 1063 2979 iustitio,
1085 2888 1257 2985 quodque·

214 3011 321 3072 uiduum
341 3014 407 3085 init,
426 3015 537 3074 reditus
555 3014 683 3089 Quinctii
703 3014 829 3072 consulis
849 3014 880 3072 in
901 3015 1002 3072 urbem
1024 3013 1101 3074 decit.
1147 3015 1288 3079 consuet

214 3116 301 3178 deinde
338 3129 421 3180 actus
457 3132 487 3179 et
529 3121 677 3188 conditum
714 3121 752 3178 ab
785 3120 921 3194 Qumotin
952 3120 1084 3182 lustrum.
1163 3121 1259 3180 Consu

214 3222 304 3284 ciuium
324 3225 422 3304 capita
444 3236 559 3286 centum
580 3236 719 3303 quattuor
730 3227 820 3285 millia
834 3227 1017 3303 septingenta
1029 3226 1259 3302 quattuordecim

215 3327 331 3391 dicuntur
351 3339 458 3410 prater
479 3333 569 3390 orbos
588 3333 742 3407 orbaeque.
786 3332 824 3389 In
847 3333 957 3407 AEquie
982 3332 1053 3392 nihii
1076 3331 1180 3390 deinde
1200 3349 1260 3390 me·
1277 3341 1311 3396 ιο

216 3437 340 3496 notabile
352 3445 466 3508 ectum3
486 3437 517 3495 in
535 3437 644 3515 oppidu
657 3456 712 3496 sua
723 3456 756 3494 se
772 3457 917 3514 recepere,
934 3439 984 3506 uui
996 3457 1052 3498 sun
1071 3436 1261 3514 popularique

218 3540 292 3612 possi.
331 3541 442 3601 Consul
456 3560 545 3618 quum
567 3543 720 3618 aliquoties
739 3563 793 3620 per
814 3563 929 3603 omnem
949 3543 1197 3618 hostiuunaguum
1218 3543 1261 3600 in·

220 3641 282 3702 festo
300 3649 415 3723 agmine
434 3648 660 3724 populabundus
679 3650 760 3721 isset,
782 3665 847 3708 cum
868 3649 977 3725 ingenti
999 3650 1085 3708 leude
1107 3649 1262 3724 predaque

221 3749 327 3810 Remum
350 3755 444 3812 rediit

289 3857 427 3918 Consules
452 3860 521 3918 inde
552 3863 591 3919 A.
611 3859 781 3918 Postumius
809 3861 923 3931 Albus,
955 3861 1007 3937 Sp.
1028 3861 1134 3921 Furius
1158 3863 1262 3920 Fusus.
1338 3865 1360 3935 4

224 3957 312 4021 Furios
332 3966 438 4024 Fusios
458 3965 600 4042 scripsere
619 3965 757 4040 quidam
781 3965 815 4023 id
834 3967 995 4038 admoneo,
1017 3987 1053 4024 ne
1075 3966 1140 4041 quis
1160 3967 1263 4024 immu·
1277 3955 1438 4078 {neg-{gff-

224 4068 344 4130 tationem
370 4073 500 4132 motum
527 4071 657 4148 ipsorum
687 4089 770 4140 esse,
802 4089 867 4146 quau
901 4073 1049 4130 nominum
1078 4081 1137 4143 ost,
1174 4081 1262 4148 putet.
1304 4061 1312 4077 ⁰
1365 4067 1370 4080 '
1431 4069 1437 4082 “

225 4169 300 4232 Haud
321 4179 437 4238 dubium
459 4186 536 4247 eret,
569 4176 638 4252 quin
658 4195 724 4234 cum
745 4177 855 4251 AEquis
884 4178 958 4236 ulter
988 4178 1137 4242 consulum
1158 4177 1295 4238 bellent

224 4291 330 4346 timrei·
369 4285 473 4359 Itaque
493 4283 588 4359 AEqui
608 4284 646 4341 ab
661 4283 814 4342 Ecetranis
834 4282 951 4350 Volscis
965 4283 1129 4358 praesidium
1144 4283 1266 4358 petiere3
