3392 5084
463 501 523 558 234
753 495 832 552 Liber
850 495 886 545 X.
922 495 972 559 (Δ.
985 507 1009 543 n
1021 508 1043 542 c.
1055 497 1129 549 460.)
1208 526 1216 532 .

386 685 463 744 itus
496 679 604 750 iectus3
645 678 744 753 iteque
778 686 897 754 coptum
927 676 1115 751 questorium
1154 684 1341 750 quaterque
1373 672 1415 730 ibi
1443 672 1475 728 L.

323 786 367 854 33
410 783 552 861 'Opimius
572 785 674 844 Panse
697 785 818 842 occisus.
863 782 1086 841 conclamatum
1110 781 1178 840 iude
1204 782 1243 838 cd
1266 798 1360 838 srmu
1402 776 1474 836 Con·

417 893 473 962 sul,
494 889 618 948 tumultu
640 889 761 958 excitus,
789 892 925 948 cohortes
947 889 1021 946 dues
1042 887 1198 956 sociorum,
1220 887 1371 943 Lucanum
1391 883 1473 942 Sues-

418 1013 593 1070 sanamque,
616 1013 681 1069 quae
701 995 844 1072 proximos
865 993 941 1052 forte
962 1002 1060 1063 erent,
1089 993 1164 1050 tueri
1192 991 1360 1066 proetorium
1386 989 1472 1053 iubet3

343 1211 347 1218 '
418 1207 525 1280 optetis
548 1205 637 1262 ermis
658 1205 688 1264 in
709 1205 824 1264 ordines
846 1212 917 1262 eunt
947 1212 978 1262 et
1001 1204 1130 1262 clemen
1157 1203 1253 1277 magis
1281 1218 1368 1275 quum
1389 1197 1472 1254 ousiis

417 1313 530 1368 hostem
551 1319 689 1380 noscunt,
721 1329 789 1383 nec,
820 1318 946 1384 quantus
966 1327 1104 1368 numerus
1131 1310 1184 1380 sit,
1210 1307 1350 1366 monteri
1376 1313 1472 1380 potest.

388 1413 534 1474 SCeduut
564 1415 670 1490 primo,
695 1415 797 1476 incerti
827 1415 952 1474 fortune
979 1433 1053 1484 susc,
1087 1425 1117 1472 et
1136 1415 1251 1472 hostem
1272 1410 1472 1470 innorsuurin

418 1519 515 1578 medie
536 1529 633 1578 eastm
657 1521 817 1596 occipiunt;
849 1521 926 1589 inde,
948 1537 1038 1594 quum
1059 1519 1161 1577 consul
1180 1517 1399 1587 vociferaretur,
1427 1535 1471 1572 ex-

419 1623 531 1700 pulsine
561 1634 646 1682 extre
676 1627 786 1684 vellum
813 1634 911 1686 cestre
939 1624 1045 1682 ddnde
1068 1642 1125 1680 sue
1149 1623 1347 1698 oppugnaturi
1375 1630 1474 1689 essent,

389 1727 844 1804 trogitens,clam0reeub1at0
866 1731 984 1789 connixi
1004 1730 1099 1805 primo
1125 1729 1278 1811 resistunt,
1313 1727 1414 1784 deinde
1433 1727 1472 1783 in·

418 1833 515 1892 ferunt
540 1835 644 1911 pedem
671 1843 868 1911 urgentque..
885 1844 915 1892 et
945 1835 1087 1908 impulsos
1113 1833 1203 1890 semel
1236 1842 1348 1891 terrore
1377 1832 1472 1889 eodem

420 1937 556 2016 [egunt],
588 1959 646 2014 quo
679 1950 843 2016 coeperant,
876 1940 1025 2015 expellunt
1052 1947 1137 1996 extre
1165 1947 1282 2012 portem
1304 1937 1471 2010 vallumque.

364 2045 491 2102 ‚elude
512 2060 634 2120 pergere
655 2063 691 2102 cc
710 2045 856 2120 persequi,
886 2045 956 2120 quic
976 2045 1094 2106 turbida
1117 2043 1169 2101 lux
1199 2052 1307 2100 metum
1335 2043 1410 2100 cirm
1430 2043 1470 2099 iu-

307 2213 312 2224 ,
419 2149 557 2206 sidiurum
579 2148 720 2218 faciebat,
747 2167 805 2205 uon
828 2149 905 2220 ausi,
929 2149 1065 2206 iiberstis
1087 2149 1190 2207 castris
1218 2149 1346 2206 contenti
1365 2165 1471 2222 recepe·

389 2259 486 2314 (irunt
506 2273 538 2312 se
557 2255 636 2312 intra
656 2255 776 2324 vallum,
796 2255 933 2312 trecentis
953 2253 1046 2311 ferme
1065 2255 1193 2312 hostium
1220 2252 1331 2312 occisis.
1370 2254 1471 2312 Rome-

419 2377 522 2416 norum
545 2358 677 2416 stationis
702 2359 802 2434 primae
825 2359 1005 2434 vigilumque
1030 2367 1197 2429 eteorum,
1225 2359 1277 2433 qui
1297 2357 1375 2414 circs
1399 2374 1471 2430 quse·
1538 2422 1540 2441 Ι

420 2464 541 2522 sterium
562 2464 704 2539 oppressi,
725 2463 837 2539 periere
860 2465 899 2520 ed
915 2463 1114 2538 septingentos
1135 2463 1262 2537 triginta.

390 2572 405 2624 7
503 2568 629 2626 Animos
655 2568 722 2626 inde
745 2567 925 2628 Samnitibus
953 2587 1013 2625 nou
1040 2566 1143 2625 infelix
1169 2567 1295 2626 audacio
1326 2569 1418 2636 unxit,
1448 2575 1474 2622 et

419 2691 478 2728 nou
508 2673 595 2730 modo
623 2674 755 2750 proferre
784 2671 852 2730 inde
880 2681 979 2728 costra
1006 2675 1189 2742 Romanum,
1218 2673 1270 2730 sed
1292 2691 1330 2728 ne
1350 2671 1475 2748 pabulari

420 2777 535 2850 quidem
559 2797 611 2852 per
632 2797 719 2853 agros
746 2795 816 2835 suos
844 2777 1046 2851 potiebantur,
1071 2787 1150 2834 retro
1178 2777 1209 2834 in
1236 2787 1373 2853 pecatum
1394 2777 1475 2834 Sors·

301 2904 305 2919 (
390 2883 487 2938 8num
511 2901 612 2957 egsum
635 2883 822 2958 pabulatores
843 2882 933 2938 ibent.
982 2883 1114 2955 Quorum
1135 2900 1232 2938 rerum
1254 2881 1352 2952 ieme,
1380 2881 1475 2938 tumul·

420 2987 531 3044 tuosior
554 2988 639 3045 etiem
663 3005 750 3062 quam
773 3000 823 3044 ree
840 2996 938 3056 erent,
967 2988 1082 3062 perlate
1099 2987 1227 3044 Romam
1252 2987 1349 3060 coegit
1368 2987 1402 3043 L
1422 2987 1475 3042 Po·

388 3092 557 3150 9stumium
580 3092 726 3150 consulem
750 3090 1021 3150 vixdum‘vulidum
1043 3091 1188 3166 proficisci
1210 3109 1248 3148 ex
1270 3089 1352 3151 urbe.
1397 3089 1475 3148 Prius

420 3203 517 3252 temen
546 3215 633 3271 quem
663 3197 770 3267 exiret,
799 3196 938 3254 militibus
961 3196 1055 3254 edicto
1081 3195 1187 3255 Soram
1214 3196 1303 3252 iussis
1322 3195 1476 3259 convenire,

419 3300 481 3374 ipse
504 3301 593 3358 sedem
610 3301 757 3370 Victorise,
780 3319 868 3374 quom
888 3300 981 3356 sedilis
1003 3301 1110 3358 curulis
1127 3319 1165 3358 ex
1179 3299 1343 3358 multaticia
1363 3299 1476 3374 pecunie

372 3407 406 3461 10
419 3402 582 3460 faciendam
607 3413 775 3474 curaverat,
800 3404 954 3461 dedicavit.
1010 3407 1060 3463 Ite
1085 3407 1123 3461 ed
1145 3406 1305 3463 exercitum
1328 3403 1476 3479 profectus

420 3509 457 3562 eb
480 3506 557 3565 Sors
577 3509 607 3566 in
629 3509 780 3568 Samnium
802 3509 841 3565 ud
861 3518 960 3566 cestra
981 3510 1099 3586 collegae
1123 3511 1262 3585 perrexit.
1307 3510 1382 3567 Inde
1404 3515 1477 3583 post·

420 3628 507 3683 qnam
530 3611 686 3682 Samnites,
708 3613 933 3672 diffisi’duobns
955 3615 1129 3673 exercitibus
1151 3616 1248 3672 resisti
1269 3633 1366 3690 posse,
1387 3630 1477 3670 reces-

418 3724 538 3785 serunt,¹
555 3717 662 3774 diversi
683 3718 816 3775 consules
838 3720 877 3776 ad
898 3720 1059 3777 vastandos
1081 3737 1169 3793 agros
1195 3719 1343 3793 urbesque
1372 3733 1477 3794 oppug-

326 3812 372 3881 34
419 3819 532 3876 uundss
546 3821 713 3880 ¹discedunt.
741 3847 743 3852 ¹
773 3824 942 3880 Postumius
969 3824 1132 3881 Milionium
1164 3841 1337 3898 oppugnare
1367 3823 1478 3879 udonus
1538 3902 1540 3907 Ι

418 3924 448 3979 vi
467 3924 561 3998 primo
582 3935 669 4000 etque
690 3927 808 4000 impetu,
830 3925 907 3996 dein,
928 3936 1084 4001 postquem
1102 3947 1139 3984 en
1157 3947 1261 4002 perum
1278 3929 1478 4003 pmeeuebeut
1538 3918 1540 3967 !

389 4029 406 4083 2
416 4045 508 4104 opere
531 4047 566 4086 ec
587 4028 681 4087 vineis
701 4028 816 4086 demum
840 4031 975 4088 uiuncfis
998 4050 1081 4089 muro
1103 4033 1189 4107 cepit
1238 4033 1296 4101 Ibi,
1318 4043 1408 4108 cepte
1427 4033 1477 4088 iem
1538 4014 1540 4055 ¹

348 4113 352 4118 ’
419 4133 500 4201 urbe,
522 4135 560 4192 ab
578 4135 653 4190 horo
677 4142 781 4207 quarta
802 4152 895 4208 usque
919 4134 958 4192 cd
979 4145 1116 4193 octcvsm
1137 4137 1200 4194 fere
1222 4139 1329 4194 horem
1352 4138 1478 4194 omuibus

419 4237 550 4310 partibus
581 4238 661 4295 urbis
690 4238 739 4295 diu
771 4237 883 4296 incerto
918 4249 1023 4298 eventu
1051 4249 1215 4317 pugnatum
1243 4250 1302 4311 eet;
1336 4251 1478 4318 postremo
1538 4298 1540 4313 Ε
