3392 5084
540 464 619 516 Liber
634 412 712 517 VILI
733 467 776 528 (A.
788 463 837 516 Cb.
850 471 922 532 att.)
1178 469 1217 526 87

209 666 234 713 et
252 655 328 710 omni
348 655 460 711 honora
480 650 626 710 tribunum
652 651 763 710 consuli
794 653 986 727 aquantibus.
1032 652 1091 712 Ubi
1119 653 1157 710 od
1185 655 1290 728 pra-9

210 761 306 820 terium
333 771 451 818 ventum
478 768 536 827 eet,
569 759 671 816 consul
698 759 820 816 classico
846 759 885 814 ad
905 758 1079 814 ,contionem
1108 768 1258 828 convocat,

210 885 344 941 orsusque
364 866 482 923 meritas
504 865 588 922 Decii
614 865 729 935 laudes,
756 862 913 922 interfante
938 863 1002 938 ipso
1032 863 1124 921 Decio
1151 864 1261 921 distulit

210 973 380 1041 contionem
401 971 451 1046 qui
466 980 571 1028 auctor
584 970 682 1027 omnia
696 969 898 1045 posthabendi,
919 970 986 1026 dum
1010 971 1125 1051 occasiq
1146 971 1177 1027 in
1198 973 1310 1028 msa-10

208 1080 284 1135 nibus
308 1087 396 1149 esset,
424 1077 550 1153 perpulit
571 1077 733 1147 consulem,
763 1086 796 1134 ut
815 1078 914 1133 hostes
936 1085 965 1132 et
986 1085 1127 1133 nocturno
1149 1094 1260 1150 pavore

208 1185 342 1242 attonitos
371 1192 397 1240 et
424 1185 502 1241 circa
524 1182 627 1240 collem
655 1182 825 1240 castellatim
855 1181 1010 1257 dissipatos
1041 1183 1260 1257 aggrederetur:

208 1292 318 1349 credere
343 1289 437 1360 etism,
459 1289 574 1363 aliquos
601 1288 640 1345 ad
668 1305 700 1345 se
726 1289 904 1364 sequendum
925 1287 1046 1344 emissos
1073 1307 1126 1363 per
1154 1287 1258 1344 saltum

208 1397 313 1472 rugari.
359 1396 446 1453 Imssr
460 1394 587 1470 legiones
602 1411 685 1450 arma
699 1410 813 1468 capere,
835 1411 1016 1470 egressaque
1038 1393 1148 1462 castris,
1170 1411 1258 1466 quum
1275 1394 1307 1449 ll

207 1523 252 1578 per
279 1502 481 1578 exploratores
510 1500 606 1557 notior
637 1498 710 1556 iam'
728 1498 819 1556 saltus
841 1511 932 1569 esset,
959 1501 1008 1559 via
1034 1499 1194 1578 patentiore
1221 1497 1259 1554 ad

207 1611 314 1666 hostem
351 1607 506 1677 dumntur3
537 1624 623 1682 quem
654 1605 801 1662 incautum
829 1605 989 1680 improviso
1014 1607 1136 1677 adortae,
1170 1605 1310 1678 quum12

207 1715 290 1791 palati
312 1712 421 1789 passin
442 1711 616 1769 Samnitium
637 1710 756 1780 milites,
783 1708 914 1786 plerique
934 1712 1075 1786 inermes,
1100 1729 1153 1768 nec
1181 1711 1259 1768 coire

207 1820 345 1876 inunum
367 1836 421 1875 nec
439 1837 523 1874 arma
547 1835 653 1892 capere
679 1835 733 1873 nec
753 1816 881 1892 recipere
909 1818 985 1876 intra
1006 1819 1114 1876 vallum
1136 1837 1168 1876 ee
1191 1837 1257 1894 pos·

208 1938 273 1998 sent,
292 1934 447 2002 paventen
466 1923 604 1998 primum
624 1922 655 1978 in
683 1930 781 1979 castra
808 1923 998 1997 compellunt,
1029 1924 1131 1981 deinde
1163 1934 1259 1982 castra

208 2034 280 2108 ipsa,
316 2029 439 2089 turbat-it
466 2027 653 2098 stationibus,
689 2028 815 2103 capiunt.
873 2028 1023 2086 Perfertur
1042 2031 1128 2113 ¹circa
1157 2031 1259 2088 collem
1275 2029 1310 2084 ts

208 2139 315 2196 clamor
355 2135 491 2210 fugatque
528 2153 566 2191 ex
602 2135 661 2192 suis
695 2153 840 2209 quemque
873 2135 1023 2218 presidiis,
1076 2137 1129 2204 Ita,
1152 2154 1259 2211 magna

208 2265 272 2319 pare
309 2241 427 2301 absenti
455 2240 533 2298 hosti
569 2239 668 2308 cessit3
705 2259 778 2315 quos
813 2241 891 2298 intra
926 2241 1034 2298 vallum
1071 2253 1170 2318 egerat
1205 2261 1258 2318 pa.

209 2371 258 2409 vor
290 2344 390 2426 (fuera
420 2357 517 2431 artem!
542 2347 581 2404 ad
611 2345 731 2422 triginta
764 2347 883 2421 millia),
917 2367 1016 2406 omnes
1050 2349 1131 2418 caesi3
1163 2357 1259 2406 castra

209 2458 327 2535 direpta.

286 2564 337 2621 Ita
360 2562 448 2618 rebus
460 2559 558 2635 gestis,
578 2559 689 2629 consul,
708 2560 853 2618 advocata
875 2560 1018 2633 contione,
1039 2562 1076 2619 P.
1098 2560 1182 2618 Decii
1201 2580 1259 2618 non
1310 2549 1353 2618 37

210 2680 316 2746 coeptas
338 2669 434 2726 solum
455 2676 524 2736 ante,
546 2667 597 2723 ssd
619 2666 779 2723 cumulatae
799 2685 878 2724 nova
890 2667 996 2724 virtute
1016 2667 1116 2724 laudes
1137 2667 1259 2742 peragit,

212 2787 236 2834 ct
255 2789 367 2851 praeter
387 2771 517 2830 militaria
544 2772 602 2829 alia
632 2772 709 2828 dona
737 2791 828 2830 auree
854 2791 963 2830 corona
995 2792 1059 2831 eum
1090 2783 1118 2830 et
1146 2785 1259 2832 centum

210 2884 301 2941 bubus
331 2877 491 2952 eximioque
522 2896 581 2934 uno
616 2877 684 2934 albo
717 2879 815 2953 opimo
849 2879 958 2936 auratis
992 2880 1127 2938 cornibus
1160 2881 1259 2940 donat.

210 2990 334 3057 Milites,
364 2985 414 3060 qui
439 2985 460 3041 ir
490 2983 625 3058 prasidio
650 2983 736 3040 simul
763 2983 892 3050 fuerant,
925 2983 1032 3059 duplici
1057 2987 1201 3044 frumento
1230 2985 1289 3045 ini

210 3105 392 3172 perpetuum,
413 3092 443 3148 in
457 3089 607 3164 prasentia
620 3089 740 3165 singulis
760 3090 853 3148 bubus
874 3089 1005 3164 binisque
1026 3092 1128 3148 tunicis
1150 3093 1259 3155 donati.

211 3202 377 3261 Secundum
400 3196 514 3254 consulis
543 3195 727 3252 donationem
756 3195 884 3270 legiones
912 3195 1091 3270 gramineam
1121 3216 1259 3258 coronam

212 3307 392 3374 obsidialem,
414 3303 531 3359 clanore
551 3302 659 3358 donum
683 3303 886 3377 approbantes,
908 3301 1001 3358 Decio
1022 3301 1185 3378 imponunt;
1217 3303 1259 3359 al·

212 3423 270 3471 tera
291 3430 415 3477 corona,
435 3407 554 3464 eusdem
575 3407 693 3465 honoris
713 3407 815 3478 index,
844 3424 863 3462 a
890 3406 1024 3482 praesidio
1046 3425 1098 3463 suo
1122 3407 1259 3483 imposita

213 3513 278 3581 est.⁵
305 3518 365 3576 His
385 3516 528 3573 decoetus
555 3511 715 3586 insignibus
745 3514 850 3570 bovem
880 3511 1015 3568 eximium
1040 3513 1130 3569 Marti
1155 3513 1288 3572 inimo-3

212 3623 294 3696 lavit,
324 3609 440 3681 centnm
459 3620 549 3677 boves
578 3617 715 3675 militibus
736 3617 813 3674 dono
840 3617 933 3689 dedit,
961 3616 1010 3691 qui
1037 3635 1134 3675 secum
1156 3619 1185 3674 in
1206 3639 1257 3676 ex·

213 3730 360 3804 peditione
379 3706 493 3785 iuermt.
540 3724 647 3781 Iisdem
677 3723 815 3782 militibus
841 3705 975 3799 legiones*
998 3724 1088 3782 libras
1114 3723 1200 3781 farris
1230 3735 1257 3783 et

215 3834 358 3892 sextarios
392 3830 453 3889 vini
475 3819 670 3900 contulerunt3
708 3830 864 3905 omniaque
900 3850 934 3888 ea
969 3830 1078 3907 ingenti
1108 3831 1258 3889 alacritate

216 3960 264 4015 per
294 3942 454 4000 clamorem
474 3937 642 4004 militarem,
674 3935 797 3994 indicem
832 3938 959 3999 omnium
992 3954 1142 4008 assensus,
1174 3955 1257 4012 gere·

216 4048 327 4107 bantur.
715 4106 719 4115 ,

296 4150 401 4210 Tertia
426 4166 514 4224 pugna
541 4148 580 4205 ad
601 4145 768 4206 Suessulam
795 4145 950 4204 commissa
971 4155 1028 4215 eet,
1056 4165 1115 4221 qua
1141 4146 1289 4223 fugatusd

220 4276 237 4313 a
261 4259 302 4316 M.
330 4254 453 4314 Valerio
470 4253 641 4313 Samnitium
672 4251 829 4323 exercitus,
863 4252 941 4308 omni
972 4251 1078 4309 robore
1103 4251 1258 4309 iuventutis
