3392 5084
564 488 644 539 Liber
658 490 693 543 v.
731 488 777 555 (Δ.
792 488 924 551 onass.)
1174 490 1234 547 2⁷ss

219 674 312 739 postea
335 679 440 727 eventa
462 688 523 727 rem
547 672 773 731 coniectantibus
794 675 889 731 visum
904 672 943 729 ad
957 671 1173 729 damnationem
1186 671 1278 747 ipsius

218 769 334 841 Camilli,
358 785 452 849 captae
474 776 578 835 deinde
600 778 679 835 urbis
701 781 851 849 Romanas,
874 778 952 851 quod
967 784 1160 851 postponens
1174 777 1280 834 assidit

217 894 317 947 annos,
348 880 472 938 cladem.
516 883 618 957 Atque
645 883 694 941 ille
723 883 784 941 dies
811 883 890 940 caede
909 881 1035 943 hostiurn
1058 898 1094 938 so
1115 882 1276 957 direptione
1293 889 1327 943 ll

217 981 286 1037 urbis
306 984 536 1057 opulentissimae
556 998 602 1046 est
618 998 826 1065 sonsumptns;
845 996 963 1064 postero
986 986 1033 1044 die
1046 985 1275 1062 liberacorpora
1326 986 1373 1056 22

214 1084 330 1143 dictatur
351 1090 408 1146 sub
432 1108 541 1150 corona
568 1094 707 1157 vendidit.
754 1094 801 1151 Ea
830 1093 895 1151 sola
921 1092 1044 1167 mannia
1068 1091 1099 1149 in
1126 1092 1273 1166 publionm

213 1191 354 1266 redigitur,
380 1196 461 1253 haud
482 1197 545 1255 sine
565 1198 610 1255 ira
632 1198 741 1275 plebis3
762 1207 791 1255 et
812 1198 892 1272 qnod
912 1196 1037 1253 retulere
1048 1204 1147 1253 secum
1159 1196 1274 1271 praedas,

212 1314 257 1351 nee
276 1297 354 1369 duni,
380 1300 431 1373 qui
454 1302 491 1358 ad
514 1314 657 1376 senatum,
678 1303 868 1379 malignitatis
880 1314 1014 1360 auctores
1026 1300 1191 1375 querendo,
1211 1296 1275 1357 rem

213 1400 314 1457 arbitrii
337 1404 385 1459 sni
406 1406 562 1480 reiecisset,
584 1428 638 1467 nee
660 1410 782 1481 senatui,
804 1408 856 1465 sed
867 1406 986 1492 Licinias
1006 1402 1134 1475 familiar,
1155 1422 1193 1461 ex
1214 1408 1304 1479 qual

210 1502 287 1560 ilius.
302 1508 342 1563 ad
374 1519 509 1567 senatum
540 1514 702 1585 retulisset,
736 1521 821 1589 pater
852 1522 913 1571 tarn
945 1508 1096 1586 popularis
1124 1507 1273 1564 sententiis

211 1612 432 1685 auetorfuisset,
455 1626 605 1691 acceptum
627 1617 802 1679 referebant.
847 1617 944 1691 Quum
965 1617 1024 1673 iam
1045 1617 1179 1671 humana
1200 1618 1303 1688 opens

210 1722 305 1787 egesm
321 1716 374 1795 [a]
391 1720 474 1777 Veiis
489 1730 593 1791 essent,
616 1723 801 1781 amoliritum
824 1724 909 1780 deum
932 1722 1010 1779 dona
1031 1721 1170 1795 ipsosque
1189 1719 1272 1789 deos,

209 1820 251 1874 sed
271 1822 432 1880 nolentium
456 1825 549 1901 magis
562 1828 834 1903 quamrapientium
847 1828 945 1898 modo,
967 1843 1091 1902 coepere.
1133 1824 1303 1898 Namqust

210 1924 301 1983 delenti
323 1948 363 1985 ex
389 1930 468 1985 omni
492 1931 619 1989 exereitu
641 1932 776 2001 invenes,
797 1949 871 2009 pure
890 1930 978 1987 lautis
1000 1930 1180 2004 corporibus,
1201 1946 1271 1987 ean-

209 2030 267 2087 dida
292 2046 394 2105 veste,
424 2035 529 2109 quibus
550 2036 732 2112 deportanda
752 2036 878 2093 Romam
899 2034 1002 2111 regina
1022 2036 1098 2092 luno
1120 2034 1271 2108 assignata

209 2134 269 2205 e'rat,
291 2138 496 2197 venerabundi
517 2141 656 2215 templum
678 2140 783 2211 iniere,
807 2141 903 2215 primo
925 2140 1060 2214 religiose
1081 2139 1270 2195 admoventes

208 2258 309 2314 nauus,
332 2244 416 2317 quod
437 2245 466 2301 id
488 2244 601 2321 signum
625 2264 705 2303 more
725 2247 852 2304 Etrusco
872 2245 928 2302 nisi
949 2253 1035 2301 certas
1056 2242 1151 2318 gentis
1172 2246 1300 2301 saner-5

208 2345 252 2403 dos
275 2358 437 2407 attrectare
458 2370 517 2408 non
546 2360 622 2409 esset
653 2352 764 2409 solitus.
813 2352 891 2409 Dein
920 2368 1009 2425 quum
1042 2348 1178 2423 quidam,
1216 2365 1269 2403 ssu

208 2451 298 2524 spiritu
327 2454 431 2511 divino
459 2463 554 2513 tactus
583 2474 633 2513 sen
660 2457 787 2515 iuvenali
815 2458 899 2527 ioco,
936 2455 1047 2525 ,Visne
1068 2456 1193 2512 Romam
1214 2453 1267 2524 ire,

208 2555 308 2613 lunu?“
341 2560 483 2631 dixisset,
510 2562 645 2619 annuisse
668 2564 756 2620 ceteri
778 2564 863 2619 deam
885 2560 1148 2617 conclamaverunt
1193 2559 1300 2617 Inded

207 2659 303 2720 labulae
328 2666 476 2723 adiectum
508 2674 565 2737 est,
592 2685 695 2725 vocem
726 2686 843 2743 qnoque
868 2665 990 2723 dieentis
1018 2664 1094 2721 velle
1121 2665 1267 2733 auditam

208 2778 305 2826 motam
329 2778 410 2828 certe
432 2772 501 2829 sede
521 2790 576 2829 sna
596 2774 681 2847 parvi
708 2772 868 2830 molimenti
897 2770 1093 2840 adminiculis,
1120 2770 1267 2844 sequentis

208 2875 283 2931 modo
306 2876 477 2950 accepimns
498 2876 591 2934 levem
616 2896 651 2935 ae
673 2877 788 2936 facilem
811 2878 919 2933 tralatu
939 2874 1045 2945 fuisse,
1065 2853 1309 2951 integramqusl‘

206 2976 230 3031 in
248 2981 441 3049 Aventinum,
463 2990 600 3039 aeternnm
620 2984 721 3040 sedem
744 3000 837 3052 suam,
860 3000 919 3056 quo
940 2990 1012 3039 vota
1026 2981 1153 3039 Romani
1175 2980 1267 3040 diota·

207 3084 266 3139 turis
287 3094 481 3156 vocaverant,
503 3087 661 3160 perlatam,
691 3088 740 3143 ubi
761 3086 903 3161 templum
923 3087 951 3143 ei
971 3096 1075 3161 postea
1094 3086 1187 3156 idem,
1216 3086 1267 3159 qui

207 3198 328 3260 voverat,
350 3190 494 3271 Camrllns
516 3190 671 3261 dedicarit,
714 3191 772 3248 Hie
794 3191 935 3247 Veiorum
957 3210 1078 3249 oeoasus
1099 3190 1163 3260 luit,
1185 3190 1299 3249 urbisd

208 3294 424 3365 opulentissimae
445 3296 562 3353 Etrusci
583 3296 718 3368 nominis,
739 3297 967 3372 magnitudinem
989 3314 1073 3352 suam
1094 3294 1142 3351 vel
1163 3293 1266 3351 ultima

207 3397 278 3456 clade
296 3390 466 3472 indic‘antis,
488 3401 567 3475 quod
591 3402 688 3458 decem
711 3410 826 3458 aestates
847 3402 1015 3474 hiemesque
1035 3398 1188 3456 continuas
1208 3397 1265 3455 eir·

209 3520 359 3577 ramsessa,
385 3524 474 3580 quum
492 3506 558 3581 plus
583 3506 733 3579 aliquanto
755 3484 880 3565 cladium
902 3505 1046 3562 intulisset
1065 3524 1154 3579 quam
1181 3523 1264 3563 aeae·

208 3604 300 3679 pisset,
329 3617 499 3683 postremo,
526 3611 585 3667 ism
608 3610 670 3668 fato
693 3629 809 3687 qnoque
831 3621 968 3687 urgente,
997 3611 1135 3688 openlrus
1155 3621 1264 3682 tamen,

207 3726 255 3766 non
274 3715 304 3771 vi
325 3724 498 3789 expugnata
520 3726 571 3773 est.
1180 3705 1192 3741 ⁹

278 3814 406 3877 Romam
436 3828 470 3877 ut
497 3821 658 3877 nuntiatum
683 3832 742 3893 est,
773 3822 865 3879 Veios
894 3832 1012 3897 captos,
1041 3840 1208 3898 quanquam
1236 3831 1266 3880 et
1313 3816 1358 3887 28

208 3919 330 3997 prodigia
365 3934 526 3998 procurate
561 3924 678 3982 fuerant
715 3936 744 3983 et
772 3936 873 3984 vatum
906 3944 1049 4002 rasponus
1077 3935 1106 3983 et
1133 3927 1264 4003 Pythion

209 4032 289 4083 sortes
308 4037 401 4098 nota,
435 4039 481 4101 et,
509 4037 648 4104 quantum
670 4030 804 4088 humanis
826 4032 961 4088 adiuvari
981 4031 1108 4088 consiliis
1129 4042 1265 4106 potuerat

208 4145 254 4200 res,
273 4134 375 4191 ducem
398 4134 441 4191 M.
461 4134 593 4204 Furium,
615 4135 773 4193 maximnm
795 4136 1005 4211 irnperatorum
1026 4136 1170 4207 omnium„
1186 4137 1265 4210 lege·

209 4246 278 4308 rant,
304 4246 414 4309 tamem
440 4239 510 4314 quia
531 4248 575 4297 tot
596 4241 680 4297 annis
701 4241 783 4298 varie
803 4242 845 4299 alii
865 4241 1005 4299 bodasem
1026 4251 1090 4299 erat
1110 4241 1294 4329 multaequal
