3392 5084
553 487 631 538 Liber
648 488 695 540 11
730 488 779 552 (A.
790 487 837 538 Oh.
847 488 921 552 stt.)
1170 493 1226 548 145

207 677 373 732 Romamn
396 690 431 729 uc
452 670 612 732 Samnitem
632 691 716 747 raquo
737 671 846 730 foedere
868 673 1021 744 victurum
1055 673 1100 730 his
1123 672 1297 732 condicio-5

207 780 291 836 nibus
313 787 448 855 puratum
476 795 507 833 se
529 795 593 834 esse
617 777 712 835 foedus
740 799 804 836 cum
828 779 993 836 consulibus
1021 778 1121 849 ferire;
1151 778 1267 852 siquid

206 904 310 942 eorum
336 883 501 958 displiceat,
536 883 649 958 legatos
675 885 770 943 redire
799 885 838 942 ud
866 903 897 941 se
928 885 1027 944 vetuit.
1076 886 1149 942 Haec
1176 889 1299 960 quumb

206 992 315 1066 legatio
334 990 562 1068 renuntiaretur,
593 999 690 1048 tentus
718 991 840 1065 gemitus
868 987 995 1048 omnium
1024 991 1119 1048 subito
1149 1003 1267 1050 exortus

206 1107 247 1152 ast
271 1106 415 1171 tantaque
435 1096 569 1153 mestitia
588 1096 718 1165 incessit,
748 1105 860 1152 utnon
881 1096 998 1170 gravius
1021 1098 1166 1171 accepturi
1186 1098 1267 1156 vide·

207 1212 320 1272 rentur,
351 1202 376 1258 si
397 1201 592 1272 nuntiaretur,
622 1201 755 1259 omnibus
783 1221 818 1259 eo
838 1201 905 1257 loco
929 1211 1050 1259 mortem
1074 1205 1267 1277 oppetendam

207 1327 277 1366 esse.
323 1308 422 1382 Quum
443 1306 492 1362 diu
513 1306 656 1364 silentium
679 1306 790 1377 fuisset,
810 1325 865 1364 nec
879 1307 1011 1364 consules
1026 1317 1076 1364 aut
1090 1328 1143 1383 pro
1159 1308 1267 1368 foedere
1281 1307 1296 1359 7

207 1424 265 1471 turn
289 1414 368 1489 turpi
391 1422 442 1470 out
463 1420 564 1469 contra
585 1411 679 1470 foedus
705 1422 765 1470 tam
792 1413 986 1470 necessarium
1007 1413 1117 1470 hiscere
1138 1401 1267 1490 possent,

206 1530 265 1606 tum
290 1522 327 1580 L.
349 1517 507 1586 Lentulus,
528 1518 578 1592 qni
600 1516 690 1596 [tum]
712 1519 846 1594 princeps
871 1518 1032 1594 legatorum
1054 1520 1159 1578 virtute
1180 1531 1268 1597 etque

207 1627 365 1685 honoribus
388 1636 460 1692 erat,
483 1625 620 1692 ,Patrem
636 1630 750 1683 meum“
771 1624 872 1699 inquit,
897 1626 1056 1696 „consules,
1078 1645 1153 1702 saepe
1169 1620 1298 1685 audivi8

208 1742 424 1800 memorantem,
446 1726 478 1786 se
496 1729 526 1785 in
548 1727 692 1804 Capitolio
714 1749 802 1786 unum
817 1748 875 1786 non
889 1729 979 1786 fuisse
994 1741 1140 1788 auctorem
1156 1733 1268 1790 senatui

207 1838 382 1895 redimendae
405 1854 477 1893 auro
499 1855 518 1892 u
539 1835 634 1895 Gallis
656 1835 790 1902 civitatis,
817 1836 933 1910 quando
956 1855 1009 1892 nec
1030 1835 1111 1894 fossa
1131 1839 1267 1914 valloque

209 1946 243 2000 ab
271 1943 460 2020 ignavissimo
492 1943 530 2000 ad
559 1960 649 2017 opere
669 1960 705 1998 ac
724 1941 910 1998 muniendum
943 1942 1026 1998 hoste
1054 1942 1143 2000 eleusi
1173 1953 1268 2001 essent

207 2059 235 2103 et
255 2068 415 2124 erumpere,
446 2049 550 2105 sinon
580 2047 642 2104 aine
667 2065 773 2121 magno
803 2046 949 2122 pericu10,
981 2055 1078 2104 tamen
1107 2048 1168 2109 sine
1188 2060 1268 2107 certa

208 2155 333 2228 pernicie
364 2163 490 2230 possent.
550 2153 637 2226 Quod
657 2151 697 2224 si,
724 2161 758 2209 ut
787 2152 843 2209 illis
872 2153 1023 2210 decurrere
1054 2171 1091 2210 ex
1123 2152 1299 2230 Capitolini)

208 2261 328 2318 armatis
341 2261 372 2317 in
389 2261 502 2316 hostem
522 2258 611 2327 licuit,
634 2277 692 2332 quo
714 2276 791 2333 soepe
812 2260 900 2316 modo
922 2259 1033 2316 obsessi
1053 2259 1082 2316 in
1104 2260 1268 2320 obsidentes

208 2373 379 2441 eruperunt,
409 2365 451 2421 ita
473 2365 556 2422 nobis
577 2382 660 2438 atquo
683 2374 733 2421 eut
751 2365 851 2440 iniquo
873 2366 938 2422 loco
964 2365 1119 2422 dimicandi
1142 2374 1268 2424 tuntum·

209 2473 295 2528 modo
317 2490 382 2529 cum
406 2472 491 2528 hoste
511 2471 595 2544 copia
617 2478 707 2542 esset,
734 2491 793 2529 non
816 2472 886 2530 mihi
910 2471 1022 2548 paterni
1048 2470 1135 2528 animi
1156 2471 1267 2530 indoles

209 2573 379 2634 inconsilio
400 2577 497 2634 dando
519 2577 639 2634 deesset.
681 2577 827 2652 Equidem
849 2587 970 2634 mortem
994 2595 1047 2651 pro
1076 2577 1173 2653 patrie
1193 2597 1267 2653 prae·
1284 2571 1320 2625 10

208 2681 315 2739 cleram
338 2699 401 2739 esse
421 2680 534 2752 fateor,
565 2693 594 2740 et
614 2705 662 2744 me
682 2686 729 2744 vel
754 2687 898 2742 devovere
924 2703 978 2759 pro
1000 2683 1109 2758 populo
1133 2685 1268 2742 Romano

210 2786 426 2863 legionibusque
440 2789 487 2844 vel
501 2788 531 2845 in
545 2791 654 2849 medios
678 2790 752 2869 [me]
764 2791 931 2848 immittere
944 2791 1042 2846 hostes
1056 2791 1176 2864 paratus
1191 2808 1268 2858 sum3

209 2895 258 2951 sed
279 2896 326 2952 hic
347 2893 472 2970 patriam
494 2894 587 2965 video,
609 2897 655 2955 hic
677 2898 812 2974 quicquid
833 2900 1031 2956 Romanarum
1051 2895 1197 2970 legionum
1212 2905 1268 2965 est;
1286 2888 1317 2982 11

210 3017 272 3073 qure
299 3001 359 3058 nisi
381 3019 435 3076 pro
457 3017 489 3056 se
508 3000 579 3076 ipsis
601 3003 639 3059 ad
667 3013 789 3061 mortem
810 3023 895 3060 ruere
915 3003 1029 3069 volunt,
1062 3001 1132 3076 quid
1152 3002 1268 3070 habent,

212 3107 288 3177 quod
309 3116 404 3163 morte
424 3123 479 3162 suu
499 3105 637 3162 serrem?
685 3110 778 3167 Tecta
799 3109 889 3180 urbis,
913 3108 991 3164 dicat
1012 3106 1124 3180 aliquis,
1146 3115 1176 3164 ct
1197 3099 1320 3164 moe-12

212 3210 258 3268 nia
289 3222 318 3268 et
346 3231 412 3270 cem
443 3213 574 3281 turbam,
604 3232 622 3269 a
653 3232 711 3288 qua
739 3216 809 3272 urbs
835 3212 977 3272 incolitur.
1031 3213 1125 3268 Immo
1153 3212 1269 3270 hercule

212 3319 371 3388 produntur
407 3335 444 3373 ea
476 3317 587 3388 omnia,
622 3318 716 3376 deleto
747 3320 804 3375 hoc
834 3317 979 3387 exercitu,
1014 3335 1071 3373 non
1107 3327 1267 3376 servantur.

213 3419 281 3493 Quis
317 3423 393 3480 enim
426 3441 463 3479 aa
493 3422 639 3480 tuebitur?
698 3424 827 3493 Lmbellis
862 3424 996 3481 videlicet
1031 3432 1117 3496 atque
1151 3423 1268 3482 inermis
1285 3415 1320 3471 13

213 3529 371 3588 multitudo.
425 3528 501 3584 Tam
521 3529 646 3598 hercule,
670 3549 757 3604 quam
779 3550 798 3587 ιι
819 3530 972 3590 Gallorum
1002 3528 1110 3603 impetu
1132 3528 1269 3586 defendit.

214 3635 259 3690 An
281 3632 404 3692 u'Veiis
424 3634 581 3692 exercitum
604 3633 816 3710 Camillumque
836 3636 938 3692 ducem
959 3633 1175 3710 implorabunt?
1210 3635 1269 3692 Hic
1285 3629 1321 3684 14

214 3756 309 3797 omnes
330 3757 398 3816 spes
420 3758 548 3815 opesque
569 3751 649 3811 sunt,
680 3760 753 3816 quas
783 3741 927 3798 servando
955 3741 1079 3815 patriam
1107 3757 1268 3811 servemus,

213 3842 341 3904 dedendo
364 3847 403 3903 ud
423 3863 522 3902 necem
543 3842 669 3922 patriain
690 3847 848 3904 deser-lmus
872 3865 906 3906 nc
927 3845 1084 3923 prodimus.
1127 3848 1169 3904 ht
1190 3844 1269 3904 foeda

214 3961 297 4027 atque
317 3951 513 4028 ignominiosa
535 3952 641 4010 deditio
664 3960 716 4013 est.
762 3953 821 4012 Sed
853 3972 888 4010 ea
909 3951 1014 4010 caritas
1036 3951 1137 4026 patriar
1158 3960 1210 4021 est,
1237 3959 1269 4007 ut
1286 3947 1320 4002 15

215 4063 270 4115 tem
291 4056 453 4134 ignominia
474 4075 537 4113 eam
559 4073 647 4131 quam
669 4068 762 4116 morte
781 4070 891 4131 nostra,
913 4059 938 4117 si
959 4075 1032 4132 opus
1046 4058 1092 4128 ait,
1111 4075 1268 4115 servemus.

218 4162 358 4224 Subeatur
379 4181 450 4238 argo
472 4163 538 4232 ista,
569 4174 792 4239 quantacunque
813 4173 865 4236 est,
893 4163 1048 4240 indignitas
1077 4172 1106 4220 et
1132 4171 1270 4239 parentur
1286 4159 1321 4214 16

217 4269 388 4340 necessitati,
424 4287 512 4343 quam
548 4288 585 4326 ne
615 4270 656 4327 dii
687 4270 802 4344 quidem
835 4275 982 4346 superant.
1034 4269 1096 4336 lte,
1128 4268 1270 4336 consules,

240 4380 494 4430 tornamuuvrgn.
519 4380 542 4418 ιι.
614 4439 620 4450 ⁸
1040 4377 1071 4421 to
