3392 5084
483 497 539 559 132
725 493 803 544 tiber
818 491 869 544 11L
905 491 992 555 [su.
1011 507 1033 542 e.
1052 492 1214 555 aer-sss.)

410 678 583 754 'lSulpieius
616 678 695 736 curio
725 677 882 747 maximus,
914 687 942 733 et
969 696 1022 752 per
1052 678 1153 752 ignota
1180 678 1277 754 capita
1304 675 1362 734 late
1389 685 1488 751 vagata

435 780 484 842 'est
509 784 553 842 vis
574 783 676 842 morbi.
723 783 869 858 inopsque
890 792 1007 840 senatus
1030 783 1132 842 auxilii
1152 783 1270 840 humani
1292 784 1330 840 ad
1352 782 1424 840 deos
1444 802 1487 857 po

440 891 539 968 pulum
561 909 597 948 ac
617 898 687 961 vota
710 889 813 958 vertit;
834 889 905 948 iussi
933 907 996 946 curn
1017 889 1186 964 coniugibus
1209 909 1243 946 ac
1267 888 1365 948 liberis
1386 888 1488 964 suppli·

411 1002 536 1058 Scotum
557 995 601 1052 ire
623 1013 784 1070 pacemque
795 1011 951 1068 exposcere
973 993 1068 1052 deum.
1111 995 1161 1053 Ad
1183 995 1222 1063 id,
1238 995 1317 1070 quod
1332 1013 1385 1052 suu
1397 1013 1488 1069 quern-

441 1116 497 1178 que
518 1101 597 1160 mala
617 1100 768 1176 cogebant,
792 1099 964 1158 auctoritate
984 1100 1102 1175 publica
1123 1101 1236 1158 evocati
1259 1102 1359 1160 omnia
1378 1101 1489 1172 delubra

332 1206 337 1216 '
439 1209 568 1285 implent.
612 1207 717 1268 Stratus
737 1205 847 1281 passim
869 1215 984 1276 matres,
1008 1205 1133 1264 crinibus
1148 1206 1257 1282 templa
1271 1217 1429 1276 verrentes,
1448 1227 1488 1262 ve

403 1291 411 1296 “
441 1314 519 1373 uiam
540 1313 650 1372 irarum
671 1310 825 1371 caelestium
846 1313 990 1386 finemque
1011 1312 1085 1386 pesti
1106 1322 1275 1389 exposcunt.
1320 1363 1322 1370 .

348 1419 372 1488 8
524 1421 597 1478 Inde
626 1416 784 1494 paulatim,
815 1435 867 1474 seu
898 1435 970 1492 pace
1001 1417 1086 1476 deum
1107 1418 1262 1494 impetrata
1291 1439 1342 1478 seu
1364 1418 1490 1494 graviore

425 1514 573 1601 'tempore
594 1523 662 1582 unni
682 1522 742 1580 ium
764 1522 952 1592 circumacto,
985 1522 1120 1582 demuma
1141 1525 1249 1582 morbis
1271 1541 1398 1598 corpora
1421 1522 1490 1578 salu-

411 1630 540 1688 2briora
564 1646 628 1686 esse
647 1628 792 1704 incipere,
824 1629 973 1704 versisque
1000 1629 1105 1690 animis
1131 1630 1191 1688 iam
1218 1631 1256 1688 ad
1282 1629 1429 1706 publicam
1449 1645 1489 1684 cu·

266 1710 429 1836 nm}
441 1756 514 1807 ram,
537 1754 624 1809 quum
647 1735 757 1810 aliquot
778 1736 944 1810 interregna
965 1735 1108 1804 exissent,
1128 1736 1164 1793 P.
1188 1734 1324 1794 Valerius
1348 1733 1490 1794 Publicola

305 1867 309 1874 ·
442 1842 528 1901 tertio
549 1842 605 1912 die,
626 1861 714 1917 quam
735 1841 928 1916 interregnum
952 1841 1064 1910 inierat,
1088 1841 1220 1898 consules
1241 1852 1322 1899 creat
1345 1842 1489 1900 nauem·

443 1948 514 2006 tium
536 1946 738 2023 Tricipitinum
759 1957 788 2004 et
808 1947 846 2008 T.
869 1948 1021 2006 Veturium
1036 1946 1202 2017 Geminum,
1224 1947 1285 2004 sive
1300 1945 1348 2005 ille
1361 1946 1490 2004 Vetusius

413 2054 506 2114 afuit
559 2056 638 2112 Ante
667 2053 743 2111 diem
775 2054 890 2112 tertium
922 2053 986 2112 idus
1020 2052 1144 2112 Sextiles
1180 2052 1360 2112 consulatum
1391 2054 1489 2113 ineunt

442 2161 501 2220 iam
519 2161 590 2218 satis
611 2159 710 2216 valida
730 2160 856 2229 civitate,
881 2168 913 2218 ut
933 2176 991 2216 non
1014 2158 1106 2216 solum
1123 2177 1221 2216 arcere
1243 2159 1359 2231 bellum,
1379 2162 1432 2218 sed
1454 2159 1489 2216 ul-

412 2269 488 2324 4tro
517 2266 604 2323 etiem
633 2265 739 2323 inferre
768 2276 898 2349 posset..
936 2266 1029 2341 Igitur
1057 2264 1255 2322 nuntiantibus
1284 2268 1437 2336 Hernicis,
1467 2268 1488 2323 iu

443 2374 513 2430 fines
535 2390 604 2430 suos
622 2371 835 2430 transcendisse
860 2373 976 2440 hostes,
997 2372 1120 2448 impigre
1146 2371 1319 2447 promissum
1350 2373 1488 2430 auxilium.

444 2479 513 2536 Duo
535 2477 701 2536 consulares
722 2477 865 2536 exercitus
886 2478 994 2553 scripti.
1042 2477 1181 2536 Veturius
1196 2476 1299 2536 missus
1322 2478 1352 2536 in
1377 2477 1490 2536 Volscos
1524 2455 1525 2490 ¹

415 2584 484 2642 bad
504 2583 611 2641 bellum
632 2583 710 2642 ultro
731 2583 925 2652 inferendum
948 2583 1134 2658 Tricipitinus
1156 2582 1391 2658 populationibus
1403 2603 1490 2642 arcem

446 2689 490 2746 dis
510 2689 655 2748 sociorum
677 2708 749 2766 agro
771 2690 921 2766 oppositus
942 2708 1001 2746 non
1021 2689 1098 2748 ultra
1120 2708 1206 2764 quam
1229 2689 1258 2747 in
1271 2678 1415 2748 Heinicos
1435 2707 1490 2765 pro
1523 2695 1524 2750 l

415 2795 528 2855 boedit.
574 2796 713 2855 Veturius
733 2795 828 2872 primo
851 2795 953 2870 proelio
980 2797 1078 2854 hostes
1098 2793 1194 2854 fundit
1214 2793 1368 2872 fugatque3
1394 2796 1489 2852 Lucre·

443 2903 536 2972 tium,
557 2902 624 2960 dum
645 2903 676 2960 iu
696 2903 831 2962 Hernicis
852 2901 951 2972 sedet,
977 2901 1145 2977 praedonum
1165 2917 1269 2976 agmen
1290 2899 1393 2960 fefellit
1414 2917 1490 2976 supra
1522 2971 1523 2984 χ

445 3017 557 3067 montes
574 3008 767 3067 Praenestinos
782 3008 909 3075 ductum,
926 3006 993 3066 inde
1012 3007 1167 3066 demissum
1181 3008 1354 3084 incempos.
1395 3010 1489 3066 Veste·
1522 2987 1523 3014 ¹

445 3135 514 3174 vere
528 3133 616 3190 agros
626 3113 835 3173 Praenestinum
857 3112 1077 3187 Gabinumque3
1098 3132 1136 3172 ex
1149 3112 1269 3172 Gabino
1280 3113 1310 3172 in
1321 3115 1489 3174 Tusculanos

416 3220 552 3280 iflexere
572 3217 669 3276 colles.
730 3219 805 3280 Urbi
830 3237 947 3294 quoque
977 3219 1079 3278 Roma
1107 3220 1208 3298 iugens
1234 3221 1374 3298 praebitus
1401 3233 1489 3286 terror,

446 3325 538 3400 magis
558 3323 589 3382 iu
609 3343 642 3381 re
661 3325 758 3382 subita
785 3343 874 3400 quam
900 3324 980 3399 quod
1004 3324 1041 3381 ed
1072 3327 1227 3386 arcendam
1255 3328 1314 3388 rim
1331 3345 1438 3403 parum
1456 3325 1489 3382 vi·
1521 3361 1522 3368 κ

445 3432 520 3490 rium
548 3438 633 3488 esset.
691 3429 727 3504 Q.
762 3430 872 3488 Fabius
905 3439 1029 3504 preerat
1056 3432 1132 3502 urbi;
1162 3433 1189 3490 is
1216 3443 1331 3494 armata
1359 3433 1490 3491 iuventute

418 3534 651 3612 8dispositisque
676 3535 817 3610 praesidiis
838 3543 900 3594 tutu
923 3536 1021 3594 omnia
1041 3556 1077 3594 ac
1098 3538 1254 3614 tranquilla
1274 3538 1353 3602 feeit.
1400 3541 1489 3612 Itaque

447 3642 553 3710 hostes,
575 3641 674 3716 prada
695 3659 732 3699 ex
753 3641 892 3716 proximis
913 3641 985 3700 locis
1005 3651 1100 3717 rapta,
1123 3645 1358 3721 appropinquare
1372 3645 1434 3703 urbi
1443 3659 1488 3700 non

447 3747 525 3819 ausi,
557 3765 644 3822 quum
671 3747 845 3804 circumacto
873 3747 991 3821 agmine
1013 3748 1154 3819 redirent,
1190 3759 1300 3825 quanto
1326 3751 1438 3827 longius
1459 3747 1488 3804 sb
1520 3785 1521 3802 ,

447 3854 519 3912 urbe
539 3852 887 3923 hostinmabscederent,
910 3871 945 3910 eo
967 3853 1104 3913 solutiore
1126 3874 1206 3924 cura,
1227 3855 1258 3941 in
1274 3855 1436 3918 Lucretium
1454 3853 1488 3910 in·

448 3959 545 4016 cidunt
566 3958 722 4028 consulem,
743 3957 801 4014 iam
823 3967 891 4016 ante
913 3959 1072 4035 exploratis
1082 3959 1231 4020 itineribus
1243 3961 1313 4032 suis,
1335 3963 1486 4020 instmctun
1519 4033 1520 4036 Ἴ

418 4064 476 4121 bet
497 4065 536 4122 ad
556 4073 702 4122 certamen
725 4063 875 4120 intentum.
916 4064 1011 4140 Igitur
1030 4066 1200 4142 preparatis
1232 4067 1336 4124 animis
1356 4065 1487 4143 repentino

448 4188 558 4246 pavore
578 4170 726 4246 perculsos
746 4169 842 4228 adorti
866 4169 1014 4245 aliquanto
1041 4172 1192 4247 pauciores
1225 4172 1430 4230 multitudinem
1454 4171 1486 4228 iu·
1519 4231 1520 4240 χ

448 4283 562 4348 gentem
583 4272 706 4330 fundunt
728 4265 888 4350 fugantque
911 4285 940 4332 et
956 4277 1119 4350 compulsos
1139 4277 1170 4335 in
1187 4296 1275 4336 cavas
1293 4278 1393 4348 valles,
1416 4295 1484 4353 quun
1519 4255 1520 4345 l

401 4380 437 4434 10
450 4378 543 4434 exitus
564 4378 643 4436 haud
663 4378 694 4439 in
716 4378 795 4436 facili
816 4389 919 4450 essent,
942 4381 1175 4442 circumveniunt.
1222 4383 1269 4441 Ibi
1290 4384 1428 4442 Volscum
1446 4401 1486 4440 no·
1518 4395 1519 4414 *
