3392 5084
489 526 544 582 106
773 521 851 570 Liber
869 519 942 570 VIII.
977 521 1019 582 (A.
1034 535 1059 570 u.
1070 535 1092 570 c.
1106 519 1179 584 414.)

442 707 568 781 college,
583 724 615 762 se
628 705 763 764 devotum
784 725 838 782 pro
853 706 990 776 exercitu,
1004 706 1151 774 nuntiare3
1173 705 1236 781 ipse
1250 705 1382 763 incinctus
1395 703 1470 760 cinctu
1518 744 1519 777 ,

443 811 577 881 Gabino,
608 821 736 870 armatus
764 812 793 868 in
822 831 927 887 equum
951 811 1058 869 insiluit
1090 831 1125 869 ac
1154 830 1185 869 se
1212 813 1241 868 in
1269 811 1374 869 medios
1393 810 1472 865 hostes
1518 871 1519 882 χ

395 916 574 986 lbimmisit,
606 928 776 995 conspectus
809 918 847 975 ab
876 928 999 992 utraque
1029 918 1100 974 acie.
1160 918 1320 992 Aliquanto
1347 915 1473 990 augustior
1518 969 1519 988 ξ

442 1024 569 1080 humano
590 1023 678 1092 visus,
700 1023 775 1080 sicut
795 1024 865 1080 caelo
888 1023 991 1081 missus
1013 1023 1158 1098 piaculum
1180 1025 1274 1098 omnis
1296 1023 1408 1079 deomm
1427 1021 1474 1088 ira,
1518 1061 1519 1093 ,

394 1137 427 1192 11
444 1129 493 1204 qui
517 1126 627 1204 pestem
660 1130 697 1186 ab
724 1129 782 1186 suia
814 1147 948 1186 aversam
978 1129 1009 1184 in
1046 1129 1144 1186 hostes
1173 1127 1270 1185 ferret.
1310 1127 1375 1185 ‘Ita
1400 1126 1474 1182 omnis
1518 1166 1519 1199 3

443 1244 536 1292 terror
555 1253 705 1311 pavorque
726 1253 790 1292 cum
810 1234 861 1291 illo
882 1235 958 1291 latus
981 1235 1064 1309 signa
1087 1235 1182 1317 primo
1205 1233 1375 1291 Latinorum
1394 1233 1476 1288 turba·
1518 1273 1519 1282 ,

395 1348 428 1403 12
442 1341 492 1411 vit,
515 1341 617 1398 deinde
637 1341 667 1396 in
688 1348 778 1396 totam
800 1340 913 1415 penitus
944 1341 1033 1398 aciem
1055 1341 1193 1415 pervasit.
1242 1339 1476 1398 Evidentissimnn
1518 1381 1519 1386 1

440 1446 470 1503 id
492 1445 561 1516 fuit,
592 1447 679 1520 quod,
707 1465 877 1521 quacunque
909 1463 983 1520 equo
1008 1446 1138 1504 invectus
1160 1456 1212 1516 est,
1248 1447 1291 1502 ibi
1317 1447 1394 1504 haud
1412 1462 1477 1500 secus
1518 1488 1519 1519 3

441 1572 528 1628 quam
546 1551 682 1628 pestifero
704 1553 796 1609 sidere
817 1553 867 1608 icti
886 1554 1049 1627 pavebant3
1083 1552 1132 1608 ubi
1152 1571 1222 1608 vero
1246 1552 1358 1609 corruit
1379 1551 1477 1606 obrutus
1518 1593 1519 1612 ,

440 1659 521 1728 telis,
552 1659 620 1716 inde
650 1659 708 1714 iam
734 1659 811 1715 haud
840 1657 926 1716 dubie
955 1666 1145 1715 consternatae
1173 1659 1308 1715 cohortes
1330 1657 1478 1714 Latinorum

392 1771 428 1827 13
441 1764 540 1838 fugam
562 1782 597 1820 ac
617 1763 781 1820 vastitatem
801 1764 859 1820 late
875 1763 1014 1821 iecerunt.
1060 1763 1152 1822 Simul
1166 1774 1194 1821 et
1208 1763 1347 1833 Romani,
1362 1759 1479 1819 exsolutis
1518 1789 1519 1841 3

441 1870 579 1945 religione
600 1869 711 1942 apimis,
732 1869 812 1926 velut
831 1878 892 1926 turn
917 1869 1042 1944 primum
1056 1869 1139 1944 signo
1154 1870 1232 1941 dato,
1255 1871 1352 1928 coorti
1373 1887 1480 1946 pugnam
1518 1911 1519 1944 3

393 1985 428 2038 11
441 1977 582 2050 integram
624 1975 788 2051 ediderunt3
838 1993 905 2032 nam
951 1982 980 2030 et
1022 1976 1126 2032 rorarii
1169 1978 1383 2051 procurrebant
1424 1975 1481 2031 inter

442 2081 637 2156 antepilanos,
670 2081 897 2154 addiderantque
923 2081 999 2136 vires
1015 2079 1151 2138 ‘hastatis
1179 2101 1213 2139 ac
1243 2081 1435 2158 principibus,
1461 2087 1481 2134 et
1518 2125 1519 2156 ἶ

441 2185 532 2243 triarii
566 2203 641 2260 genu
670 2187 772 2243 dextro
800 2186 890 2242 innixi
918 2196 1017 2242 nutum
1048 2188 1171 2244 consulis
1205 2189 1244 2245 ad
1266 2187 1482 2262 consurgendum
1518 2215 1519 2264 3

441 2293 656 2366 exspectabant.
698 2292 878 2349 Procedente
899 2291 1002 2348 deinde
1024 2295 1188 2362 certamine,
1209 2313 1301 2368 quum
1323 2293 1389 2349 aliis
1410 2291 1482 2366 parti-
1518 2337 1519 2341 ,

440 2398 494 2454 bns
521 2398 672 2455 multitudo
699 2405 848 2472 superaret
869 2397 1056 2468 Latinorum,
1096 2398 1222 2455 Manlius
1254 2399 1375 2467 consul,
1401 2397 1483 2454 audito
1518 2473 1519 2476 Ἰ

440 2513 543 2560 eventu
564 2503 690 2578 collegae,
713 2522 809 2578 quum,
834 2511 866 2558 ut
886 2503 931 2559 ius
953 2502 1056 2577 fasque
1077 2513 1147 2574 erat,
1168 2502 1297 2561 lacrimis
1320 2525 1382 2562 non
1406 2504 1483 2560 minus

440 2627 527 2682 quam
548 2609 681 2666 laudibus
712 2609 814 2666 debitis
840 2618 1009 2684 prosecutus
1040 2619 1099 2666 tam
1128 2609 1348 2666 memorabilem
1379 2619 1484 2666 mortem
1518 2657 1519 2689 3

409 2716 522 2784 lesset,
549 2714 696 2790 paulisper
718 2715 906 2798 addubitavit,
936 2699 973 2771 an
1001 2714 1190 2788 consurgendi
1211 2714 1270 2770 iam
1294 2715 1405 2772 triariis
1426 2723 1485 2770 tem·
1514 2739 1515 2746 ¹

437 2837 492 2894 pus
515 2829 607 2888 esset3
631 2820 734 2877 deinde
756 2820 855 2876 melius
877 2829 966 2891 ratus,
987 2822 1115 2896 integros
1130 2837 1180 2877 eos
1195 2821 1232 2877 ad
1247 2818 1385 2877 ultimum
1400 2818 1485 2875 ducu-
1515 2807 1519 2878 J

438 2942 504 2980 men
528 2925 647 2994 servari,
670 2944 806 2983 accensos
829 2927 866 2982 ab
882 2927 1039 2984 novissima
1062 2926 1122 2983 acie
1144 2934 1210 2982 ante
1234 2925 1320 2999 signa
1342 2923 1486 2999 procedere
1513 2925 1519 3002 2,

408 3029 524 3087 diabet.
584 3029 642 3102 Qui
663 3031 711 3088 ubi
733 3031 854 3100 subiere,
884 3031 1029 3106 extemplo
1051 3030 1157 3100 Latini,
1184 3040 1324 3104 tanquam
1348 3032 1425 3088 idem
1445 3029 1485 3084 ad·

374 3159 383 3173 ν
438 3135 559 3192 versarii
587 3133 735 3205 fecissent,
768 3135 882 3192 triarios
903 3154 972 3192 suos
1002 3136 1215 3206 excitaverunt3
1246 3137 1296 3210 qui
1319 3136 1485 3212 aliquamdiu
1518 3179 1519 3218 ,

437 3257 536 3314 pugna
564 3243 655 3298 atroci
681 3259 768 3315 quum
799 3250 827 3297 et
856 3251 946 3298 semet
977 3241 1034 3316 ipsi
1060 3241 1231 3317 fatigassent
1260 3255 1290 3299 et
1317 3245 1420 3300 hastas
1446 3253 1485 3295 ant
1518 3231 1519 3236 ἵ

437 3343 649 3419 praefregissent
679 3355 728 3402 aut
762 3348 961 3415 hebetasseut,
997 3346 1191 3422 pelleremque
1219 3348 1338 3404 tandem
1375 3350 1485 3406 hostem.
1516 3399 1517 3432 ἦ

438 3449 610 3506 debellatum
632 3452 690 3508 iam
712 3452 768 3508 rati
788 3439 1015 3527 perventumque
1043 3453 1081 3509 ad
1109 3462 1267 3510 extremam
1291 3454 1401 3524 aciem,
1436 3463 1484 3508 tun
1516 3475 1517 3486 ¹

407 3556 538 3613 lconsul
568 3557 674 3614 triariis
708 3532 898 3633 „consurgite
928 3562 1021 3615 nunc“
1057 3557 1163 3632 inquit,
1202 3559 1325 3634 „integri
1356 3561 1485 3616 adversus

436 3658 546 3730 fessos,
580 3680 721 3722 memores
742 3651 855 3741 patriae·
871 3671 1080 3738 parentumque
1102 3674 1130 3720 et
1151 3666 1305 3740 coniugum
1330 3685 1367 3722 ac
1388 3665 1484 3722 libero·

436 3783 510 3835 rum,
537 3785 678 3826 memores
700 3768 824 3828 consulis
845 3789 900 3845 pro
920 3779 1017 3826 vestra
1039 3769 1274 3828 victoria-morte
1295 3770 1482 3828 occubanti:

407 3872 496 3932 5Ubi
517 3873 608 3931 triarii
636 3885 877 3934 consurrexerunt
903 3874 1025 3950 integri,
1055 3874 1261 3950 refulgentibus
1282 3877 1388 3945 ermis,
1419 3891 1484 3933 nova

437 3980 651 4055 exinproviso
674 3993 776 4040 exorta
792 3983 877 4051 ecies,
898 3982 1021 4055 receptis
1043 3982 1071 4038 in
1086 3982 1239 4038 intervalla
1257 3982 1392 4040 ordinum
1414 3993 1483 4038 ante·

408 4087 549 4162 bpilanis,
574 4088 700 4144 clamore
714 4089 828 4146 sublato
843 4086 984 4164 principia
995 4087 1164 4145 Latinorum
1186 4089 1365 4162 perturbant,
1388 4086 1482 4144 hastis·

437 4211 493 4266 que
521 4211 573 4249 ora
602 4190 760 4262 fodientes,
796 4194 890 4268 primo
917 4195 1024 4250 robore
1049 4193 1175 4250 virorum
1210 4211 1301 4262 caeso,
1334 4211 1389 4268 per
1420 4191 1481 4248 elios

436 4297 598 4372 manipulos
621 4297 699 4354 velut
719 4293 841 4355 inermes
862 4317 954 4374 prope
976 4299 1076 4356 intecti
1098 4316 1224 4368 evasere,
1253 4307 1394 4373 tantaque
1414 4296 1480 4355 caede
