3392 5084
533 530 612 585 Liber
628 532 664 587 Ὺ.
700 531 749 594 (n
762 532 894 597 cnseo.)
1012 597 1014 604 Ι
1147 536 1210 595 299

204 714 306 771 flammis
326 732 363 773 sc
384 714 476 772 ruinis
497 724 614 790 aequata
634 714 790 788 vidissent,
818 718 953 793 quamvis
975 717 1092 793 inopem
1113 736 1252 793 parvum·

206 838 256 893 que,
274 838 357 894 quem
379 822 537 893 tenebant,
558 822 662 881 oolltm
683 822 812 909 libertati
831 820 964 879 relictum
988 820 1096 881 virtute
1116 822 1252 882 defende·

204 934 264 994 rmt;
289 935 317 981 et
335 924 413 995 iam,
438 944 526 1001 quum
549 928 652 989 eodem
675 928 803 1004 quotidie
826 927 1006 998 acciderent,
1034 929 1115 987 velut
1143 928 1282 987 murus

205 1030 269 1086 molis
289 1030 530 1093 abalienaverant
557 1033 595 1093 ab
623 1052 708 1091 sensu
738 1052 835 1093 rerum
862 1052 980 1091 suerum
1008 1034 1139 1105 animos,
1169 1054 1252 1094 mma

204 1142 294 1191 tuntum
320 1135 491 1213 ferrumque
518 1137 549 1199 in
577 1138 687 1195 dextris
713 1138 795 1196 velut
822 1140 902 1197 solas
934 1121 1074 1215 reliquias
1102 1141 1166 1216 spei
1192 1159 1252 1201 snae

204 1240 335 1301 intuentes.

267 1345 345 1405 Galli
373 1366 506 1425 quoque,
536 1367 589 1424 per
615 1348 727 1424 aliquot
750 1348 812 1408 diss
840 1350 871 1408 in
892 1358 969 1409 tecta
990 1351 1078 1409 modo
1100 1350 1180 1408 urbis
1200 1368 1251 1409 ne·
1301 1336 1344 1406 43

204 1452 336 1526 quicquam
365 1452 445 1515 batto
474 1464 572 1528 gesto,
601 1472 692 1529 quum
720 1454 796 1513 inter
823 1456 957 1514 incendis
978 1474 1015 1513 ac
1037 1455 1137 1513 ruinas
1158 1464 1252 1542 cpptse

204 1558 264 1615 urbis
283 1558 355 1617 nihil
375 1576 529 1637 superesse
551 1568 656 1634 prater
677 1570 808 1619 armatos
832 1561 932 1619 hostes
958 1561 1104 1633 viderent,
1133 1563 1251 1638 nequie-

204 1682 272 1737 quam
292 1674 335 1723 tot
357 1664 492 1727 elntlibus
511 1666 629 1724 territos
652 1685 705 1723 nec
724 1667 853 1725 flexuros
874 1667 913 1723 ed
934 1666 1110 1725 deditionem
1127 1669 1250 1740 animos,

203 1770 225 1825 ui
241 1770 278 1827 vis
298 1771 496 1842 adhiberetur,
517 1772 644 1847 experiri
668 1770 771 1831 ultima
791 1782 820 1829 et
840 1772 981 1847 impetum
995 1770 1093 1831 facem
1107 1773 1137 1831 in
1154 1792 1250 1833 arcem

203 1884 319 1936 statuunt.
372 1874 476 1934 Prima
502 1877 566 1935 lnce
595 1876 679 1953 signo
706 1878 777 1935 dato
809 1877 963 1935 multitudo
996 1877 1090 1944 omnis
1118 1878 1149 1938 in
1184 1878 1280 1939 ioro2

203 1978 346 2051 instruitur3
373 1982 444 2040 inde
471 1982 599 2041 clamore
629 1982 745 2041 sublato
774 2000 810 2039 ac
836 1982 981 2042 testudine
1009 1983 1088 2041 facta
1114 1986 1248 2045 subeunt.

204 2086 333 2147 Adversus
356 2106 433 2162 quos
453 2089 580 2146 Romani
606 2088 678 2145 nihil
706 2096 815 2146 temere
842 2104 896 2145 nee
925 2087 1050 2164 trepide;
1078 2090 1118 2146 ed
1149 2108 1250 2149 omnes

203 2193 279 2249 aditus
299 2194 475 2251 stationibus
495 2194 627 2262 firmatis,
649 2182 708 2268 qua
729 2194 815 2269 signs
834 2192 906 2251 ferri
926 2194 1075 2261 videbant,
1097 2195 1251 2253 esrobore

203 2297 309 2356 virorum
320 2300 470 2377 opposito,
485 2300 624 2357 scandere
637 2300 753 2359 hostem
768 2298 876 2369 sinunt,
897 2317 958 2373 quo
971 2300 1142 2357 sueoeeserit
1156 2301 1250 2376 magis

204 2402 225 2458 iu
245 2407 380 2477 arduum,
411 2424 446 2463 eo
473 2405 542 2482 pelli
567 2422 655 2481 posse
676 2423 730 2481 per
749 2405 881 2480 proclive
903 2404 1017 2463 facilius
1038 2407 1106 2465 rati.
1150 2406 1280 2464 Medici

204 2508 248 2566 lere
266 2510 338 2569 clivo
362 2511 496 2569 restitere
503 2533 512 2586 ;
540 2522 628 2586 atque
648 2510 716 2568 inde
740 2494 778 2569 er't
801 2510 878 2567 loco'
888 2510 1054 2585 superiore,
1081 2511 1132 2585 qui
1158 2531 1250 2588 prope

204 2628 243 2669 sus
261 2626 362 2691 sponte
383 2616 414 2672 in
443 2617 556 2673 hostem
587 2616 747 2688 inferebat,
774 2616 886 2692 impetu
913 2614 994 2673 iacto
1024 2626 1124 2691 strsge
1152 2634 1186 2673 eo
1214 2635 1250 2674 so

205 2719 268 2776 ruina
282 2720 384 2779 fudere
397 2719 511 2790 Gallos,
533 2728 565 2777 ut
585 2740 735 2796 nunqnam
757 2730 862 2797 postea
882 2740 936 2779 nee
957 2740 1027 2798 pars
1048 2740 1102 2778 nec
1121 2722 1251 2781 universi

205 2828 357 2883 oraverint
387 2826 447 2883 tale
473 2842 579 2901 puguae
608 2844 709 2900 genus.
754 2824 874 2885 Omissa
901 2827 1002 2901 itaque
1027 2844 1080 2901 spe
1110 2845 1163 2901 per
1190 2827 1279 2885 viml

206 2936 273 3001 etque
293 2952 376 2989 arma
398 2931 554 3001 subeundi,
575 2930 756 2989 obsidionem
778 2941 900 3007 parant,
922 2932 1003 2989 euius
1024 2932 1115 2989 adid
1136 2942 1251 3008 tempus

205 3029 367 3093 inmemores
390 3047 428 3108 et,
450 3037 529 3111 quod
550 3038 580 3094 in
601 3037 674 3093 urbe
694 3034 792 3093 fuerat
808 3035 998 3109 «frumentum,
1019 3033 1160 3097 incendiis
1170 3037 1250 3097 urbis

206 3138 420 3217 absumpserant,
448 3152 477 3198 et
505 3160 543 3198 ex
564 3142 643 3216 agris
669 3161 723 3217 per
753 3160 798 3199 eos
828 3143 910 3217 ipsos
933 3144 996 3201 dies
1026 3152 1142 3218 raptum
1164 3158 1251 3201 omne

207 3239 276 3302 Veios
297 3257 369 3305 erat.
416 3246 511 3322 Igitur
530 3246 658 3305 exercitu
680 3248 775 3305 diviso
797 3248 903 3323 partito
925 3266 979 3323 per
993 3248 1135 3305 finitimos
1155 3247 1279 3321 popu-5

206 3340 238 3402 ¹⁰⁸
258 3350 378 3425 predari
408 3351 532 3427 placuit,
561 3354 667 3427 partim
697 3354 832 3412 obsidere
860 3370 968 3421 arcem,
998 3361 1032 3409 ut
1051 3351 1250 3409 obsidentibus

207 3448 358 3514 frumentum
380 3456 571 3532 populatores
592 3476 732 3533 agrorum
754 3459 926 3534 praeberent.

270 3561 487 3620 Proficiscentes
507 3557 613 3621 Gallos
633 3565 673 3621 ab
694 3565 767 3621 urbe
788 3564 827 3621 sd
848 3565 1014 3622 Romanam
1044 3561 1281 3639 experiendemd

209 3661 319 3724 dnunm
339 3667 458 3725 lortutnt
479 3668 545 3743 ipse
566 3669 708 3736 Ardeam,
729 3668 780 3725 ubi
801 3666 943 3725 Camillus
964 3668 1250 3740 exsulabat,.duxit,

209 3769 382 3837 euidentior
403 3774 444 3831 ibi
462 3772 581 3831 fortuna
601 3772 719 3849 publica
740 3791 828 3846 quam
852 3792 915 3843 sua,
938 3793 1026 3849 quum
1049 3776 1105 3834 diis
1123 3774 1278 3833 homiui-t

210 3870 297 3950 busque
317 3880 488 3937 accusandis
509 3888 689 3948 senesceret,
710 3877 890 3952 indignando
912 3878 1112 3957 mirandoque,
1134 3881 1185 3937 ubi
1206 3880 1249 3938 illi

209 3977 250 4036 tiri
267 3998 369 4056 esseut,
398 3986 449 4061 qui
469 4003 566 4043 secum
579 3983 680 4041 ‘Veios
703 3983 895 4058 Faleriosque
925 3985 1083 4060 cepissent,
1111 3985 1162 4060 qni
1189 3983 1274 4070 alin

211 4078 268 4142 tela
289 4087 390 4151 fortius
411 4108 527 4167 semper
551 4109 639 4166 quem
671 4087 782 4147 felicius
811 4089 982 4163 gessissent,
1011 4100 1130 4166 repente
1157 4090 1280 4161 audit,8

211 4182 339 4251 Gallorum
367 4195 526 4274 exercitum
550 4194 710 4253 adventare
731 4204 821 4269 atque
840 4196 878 4253 de
897 4211 935 4253 eo
957 4196 1081 4271 pavidos
1102 4193 1249 4255 Ardentes
