3392 5084
550 521 629 570 Liber
650 519 685 568 11.
731 520 778 583 (s.
797 519 846 570 cu.
867 522 939 584 soa.)
1197 527 1232 581 71

229 703 308 760 stibus
320 703 405 771 dedit,
426 704 458 760 ni
471 721 546 760 unus
567 703 613 760 vir
632 703 744 775 luisset,
765 704 907 762 Horatius
928 702 1047 774 Cooles;
1067 703 1097 762 id
1119 704 1279 762 munimen·

230 819 280 864 tum
305 809 352 866 illo
385 808 432 864 die
460 807 579 866 forturm
623 808 703 866 urbis
728 810 870 866 Romanae
896 809 1006 866 habuit.
1077 808 1136 882 Qui
1166 808 1310 884 positus3

230 912 464 970 lortoiustatione
482 914 589 988 pontis,
612 932 700 988 quum
723 925 840 988 captum
862 913 1011 988 repentino
1033 914 1142 988 impetu
1163 913 1278 971 Ianicu·

230 1019 278 1073 lum
299 1027 383 1092 atque
406 1018 475 1075 inde
497 1018 601 1075 citatos
624 1019 777 1076 decurrere
800 1020 899 1076 hostes
921 1018 1055 1088 vidisset,
1077 1018 1279 1093 trepidamque

229 1125 327 1180 turbam
347 1142 468 1180 suorum
488 1142 571 1180 arma
593 1122 767 1196 ordinesque
787 1124 963 1198 relinquere,
990 1125 1200 1199 reprehensans
1221 1125 1278 1181 sin·
1357 1108 1358 1121 ¹

228 1229 312 1302 gulos,
345 1229 489 1286 obsistens
524 1229 732 1302 obtestansque
753 1229 840 1286 deum
861 1239 890 1286 et
911 1229 1061 1286 homiuum
1081 1229 1169 1288 fldem
1189 1239 1278 1286 teste-

229 1334 314 1404 batnr,
344 1335 540 1408 nequicquam
561 1334 675 1390 deserto
697 1334 832 1408 prasidio
856 1352 905 1390 eos
927 1332 1046 1408 fugerc;
1079 1333 1103 1390 si
1124 1335 1309 1394 transitnml

228 1450 329 1513 pontem
351 1460 370 1498 a
393 1448 477 1514 tergo
497 1438 689 1512 reliquissent,
711 1439 771 1495 ism
792 1439 858 1514 plus
879 1438 1006 1497 hostium
1029 1439 1059 1495 in
1081 1439 1197 1496 Palatio
1220 1438 1278 1496 Ca·

227 1545 370 1619 pitolioque
392 1563 481 1619 quam
502 1543 532 1600 in
552 1541 686 1601 Ianiculo
707 1542 781 1600 fore.
828 1545 933 1618 ltaque
954 1563 1091 1614 mouere,
1112 1544 1277 1619 praedicere,

228 1661 255 1705 ut
270 1660 382 1724 pontem
403 1650 493 1718 ferro,
515 1648 585 1722 igni,
609 1667 782 1722 quacunque
803 1648 834 1706 vi
855 1650 975 1724 possint,
997 1649 1223 1722 interrumpent;
1246 1665 1277 1704 se

226 1755 350 1830 impetum
371 1754 508 1823 hostium,
531 1761 669 1827 quantum
692 1773 817 1829 corpore
838 1773 896 1810 uno
919 1764 1018 1828 posset
1039 1752 1149 1821 obsisti,
1172 1771 1276 1828 excep-

226 1871 317 1918 turum.
362 1860 457 1918 Vadit
476 1860 544 1916 inde
566 1859 596 1916 in
617 1860 741 1935 primum
764 1860 873 1916 aditum
896 1858 1006 1934 pontis,
1032 1857 1210 1934 insignisque
1231 1859 1308 1922 in·5

225 1976 264 2022 ter
290 1975 443 2042 conspecte
477 1964 645 2040 cedentium
667 1984 767 2040 pugna
795 1976 879 2039 terga
910 1964 1040 2021 obversis
1073 1963 1203 2022 cominus
1238 1965 1276 2021 ad

226 2071 367 2128 ineundum
388 2071 532 2146 proelium
553 2070 663 2140 armis,
683 2071 748 2145 ipso
770 2069 910 2127 miraculo
933 2069 1062 2126 audacis
1083 2067 1275 2143 obstupefecit

225 2175 317 2236 hostes.
362 2177 449 2233 Duos
478 2187 664 2232 tamencum
686 2176 839 2249 eopudor
864 2174 974 2244 tenuit,
1006 2173 1058 2249 Sp.
1080 2173 1218 2232 Larcium
1241 2192 1276 2230 ac
1289 2187 1306 2234 u

225 2280 256 2338 T.
276 2281 464 2349 Herminium,
486 2281 589 2338 ambos
611 2280 707 2337 claros
728 2298 834 2354 genero
855 2279 1008 2353 factisque.
1053 2277 1127 2336 Cum
1148 2279 1193 2335 his
1215 2279 1305 2352 pri-7

226 2403 290 2441 nram
316 2385 436 2461 periculi
473 2385 631 2461 procellam
666 2396 695 2442 et
732 2386 811 2459 quod
842 2384 1132 2442 tumultuosissimum
1171 2395 1282 2459 pugnae

225 2499 290 2558 erat,
316 2508 474 2564 parumper
494 2491 643 2560 sustinuit;
670 2490 774 2547 deinde
805 2509 856 2546 eos
888 2508 1004 2564 quoquo
1034 2490 1133 2565 ipsos,
1168 2489 1275 2564 exigua

225 2607 294 2666 parte
313 2596 409 2670 pontis
431 2597 547 2665 relicta,
568 2594 782 2665 revocantibus,
805 2596 856 2669 qui
876 2595 1091 2664 rescindebant,
1119 2595 1221 2651 cedere
1243 2595 1274 2650 in

225 2709 302 2756 tutum
322 2700 428 2774 coegit.
473 2699 686 2759 circumferens
719 2699 786 2755 iude
816 2709 911 2756 truces
938 2701 1088 2758 minaciter
1110 2700 1209 2756 oculos
1234 2701 1304 2763 ad8

226 2823 344 2876 proceres
367 2807 567 2875 Etruseorum,
588 2821 664 2860 nuno
682 2804 813 2878 singulos
833 2824 1005 2878 provocare,
1025 2823 1102 2862 nuno
1122 2804 1273 2880 increpare

226 2927 324 2970 onnes:
349 2910 470 2968 servitia
489 2928 591 2985 regum
613 2911 820 2984 superborum,
852 2928 912 2968 aute
932 2911 1074 2968 libertatis
1090 2911 1275 2968 immemores

226 3014 335 3073 alienam
355 3024 557 3092 oppugnatum
584 3014 692 3073 venire.
740 3012 875 3070 Cunctati
898 3016 1076 3090 aliquamdiu
1097 3023 1173 3082 sunt,
1202 3014 1305 3077 'dun19

226 3119 287 3176 alius
300 3122 396 3191 alium,
417 3130 450 3177 ut
470 3120 613 3195 proelium
627 3118 775 3193 incipiant,
787 3118 1040 3195 circumspectant,
1062 3119 1157 3194 pudor
1171 3118 1274 3175 deinde

225 3227 367 3282 commovit
388 3226 495 3294 aciem,
517 3235 546 3282 et
567 3225 695 3282 clamore
714 3224 830 3280 sublato
853 3226 978 3299 undique
1000 3225 1028 3280 in
1050 3241 1137 3288 unum
1160 3223 1274 3279 hostem

227 3327 442 3387 telaconiioiunt
491 3329 564 3402 Quae
586 3347 674 3403 quum
696 3328 726 3385 in
748 3328 862 3386 obiecto
884 3341 987 3386 cuncta
1008 3337 1090 3386 scuto
1115 3326 1273 3396 haesissent,
1290 3337 1325 3391 10

186 3467 190 3477 ·
227 3449 304 3506 neque
324 3435 372 3492 ille
393 3435 488 3491 minus
517 3433 679 3490 obstinatus
709 3434 819 3508 ingenti
851 3444 969 3510 pontem
996 3432 1139 3488 obtineret
1170 3432 1273 3506 gradu,

227 3533 274 3593 iam
300 3541 407 3616 impetu
436 3540 618 3596 conabantur
640 3538 792 3596 detrudere
814 3540 918 3609 virum,
940 3557 1028 3614 quum
1060 3537 1145 3594 simul
1174 3537 1275 3610 fragor

228 3643 290 3714 rupti
308 3646 403 3718 pontis
424 3642 511 3700 simul
531 3642 643 3698 clamor
656 3644 868 3715 Romanorum,
889 3643 1039 3701 alacritate
1061 3641 1182 3717 perlecti
1204 3659 1274 3716 ope·

228 3742 260 3798 tlt
276 3749 416 3821 sublatus,
446 3767 558 3824 pavore
581 3731 679 3804 subito
710 3749 850 3823 impetum
880 3748 1023 3806 sustinuit.
1071 3749 1147 3804 Tum
1171 3744 1274 3804 Cocles
1290 3758 1322 3810 ιι

231 3849 367 3912 „Tiberine
380 3859 484 3931 pater“
507 3852 622 3926 iuquit,
645 3862 693 3921 „te
714 3864 814 3910 sancte
828 3873 941 3929 precor,
962 3855 1024 3912 haec
1045 3871 1128 3910 arma
1150 3861 1179 3908 et
1199 3853 1275 3908 hune

230 3953 329 4015 militem
348 3960 477 4034 propitio
508 3958 626 4015 flumine
655 3959 812 4033 accipias“.
868 3961 917 4016 Ita
949 3958 990 4015 sic
1019 3968 1148 4016 armatus
1170 3958 1199 4014 in
1223 3957 1275 4014 Ti-

233 4054 303 4118 berim
320 4065 449 4136 desiluit,
483 4064 637 4137 multisque
667 4065 946 4139 superincidentibus
977 4064 1040 4120 telis
1063 4063 1214 4120 incolumis
1236 4062 1274 4118 ad

172 4200 173 4206 κ
233 4175 286 4220 ⁸⁰0⁸
303 4170 442 4240 tranavit,
471 4188 532 4226 rem
563 4186 651 4225 ausus
683 4169 749 4243 plus
775 4168 862 4226 famae
893 4169 1059 4226 habituram
1081 4169 1119 4226 ad
1140 4178 1273 4242 posteros

233 4280 303 4336 quam
320 4274 393 4330 fidei.
440 4273 537 4333 Grata
559 4291 630 4348 erga
651 4282 763 4329 tantam
789 4273 924 4330 virtutem
957 4273 1060 4330 civitas
1081 4271 1149 4342 fuit3
1176 4284 1274 4330 statua
1288 4277 1326 4332 12
