3392 5084
511 492 589 542 niter
605 493 669 546 m
703 489 980 556 (monson-asi.)
1192 489 1230 544 55

207 673 377 730 communis
406 676 490 734 Mars
521 677 589 734 belli
621 677 730 748 aufert,
771 677 920 754 multiplex
951 693 1036 750 quem
1069 691 1123 748 pro
1153 688 1272 728 numero

207 776 350 836 damnum
381 789 434 840 cst.
488 783 600 858 Vulgus
629 784 706 840 aliud
733 793 924 853 armatorum,
951 782 1031 840 velut
1057 780 1190 854 delegate
1214 776 1272 852 pti·

207 884 342 942 moribus
359 903 472 960 pugna,
487 897 630 945 ‘eventum
653 907 735 946 suum
757 889 787 944 in
815 889 921 946 virtute
943 888 1036 946 aliene
1055 884 1146 961 ponit.
1188 881 1273 940 Multi

207 988 347 1063 utrinque
383 992 508 1062 cadunt,
545 992 644 1069 plures
673 994 794 1050 vulnera
823 993 980 1068 accipiunt;
1018 991 1134 1049 tandem
1163 986 1302 1063 equiteei

206 1092 281 1150 alius
306 1095 401 1154 alium
422 1097 618 1174 increpantes,
653 1099 721 1174 quid
749 1099 852 1156 deinde
876 1109 1012 1169 restaret,
1049 1095 1217 1172 quaerendo,
1248 1093 1273 1149 si

205 1218 302 1276 neque
326 1221 367 1258 ex
398 1203 481 1276 equis
509 1204 688 1279 pepulissent
712 1206 823 1262 hostem
855 1223 949 1280 neque
980 1204 1090 1280 pedites
1107 1199 1271 1274 quicquam

204 1309 350 1366 momenti
381 1307 525 1378 facerent,
555 1328 642 1383 quem
670 1311 784 1367 tertiam
809 1320 1011 1386 exspectarent
1032 1325 1174 1384 pugnarn,
1203 1306 1271 1380 quid

204 1422 273 1468 aute
314 1414 405 1490 signa
442 1413 556 1472 feroces
586 1415 784 1490 prosiluissent
819 1427 848 1473 et
882 1417 976 1474 alieno
1007 1421 1169 1490 pugnarent
1197 1411 1272 1482 loco,

201 1518 246 1573 his
279 1519 364 1576 inter
398 1539 431 1577 se
466 1521 587 1577 vocibus
621 1522 771 1591 concitati,
812 1523 940 1580 clamore
970 1529 1109 1580 renovato
1146 1515 1301 1574 inferunt3
1364 1594 1366 1602 ,

202 1625 323 1698 pedem,
347 1637 378 1682 ct
398 1627 523 1702 primum
546 1627 639 1702 gradu
664 1628 816 1684 moverunt
829 1630 953 1698 hostem,
975 1625 1077 1684 deinde
1092 1623 1271 1698 pepulerunt,

201 1741 362 1803 postremo
382 1733 442 1790 iam
466 1734 545 1790 haud
574 1733 661 1790 dubie
687 1742 836 1803 avertunt;
869 1749 977 1808 neque,
1004 1741 1064 1788 tam
1094 1731 1169 1786 vires
1187 1729 1303 1803 peres4
1341 1763 1342 1768 κ

201 1855 266 1910 quae
290 1838 482 1913 superaverit
495 1856 551 1908 res,
572 1836 658 1894 facile
672 1836 749 1894 dictu
763 1847 816 1906 est,
837 1837 893 1894 nisi
912 1838 989 1912 quod
1003 1848 1142 1912 perpetus
1156 1834 1273 1892 fortune

200 1943 364 2016 utriusque
386 1943 487 2019 populi
507 1953 537 2000 et
557 1943 696 2000 extollere
717 1942 828 1999 animos
853 1953 882 2002 et
895 1943 1023 2000 minuere
1037 1940 1138 2024 potuit.
1170 1941 1302 2015 Usque5

201 2048 237 2104 ad
262 2040 374 2106 castra
402 2048 546 2122 fugientes
571 2049 714 2106 Hernicos
740 2049 889 2106 Romanus
928 2047 1071 2122 sequitur3
1111 2039 1277 2104 castrorum

199 2154 448 2230 oppugnatione,
479 2154 549 2229 qnia
573 2171 671 2210 serum
705 2161 768 2210 erat
794 2153 868 2224 diei,
903 2153 1076 2212 abstinuere.
1125 2152 1185 2208 Diu
1213 2170 1272 2208 non

197 2261 378 2334 perlitatum
403 2268 535 2318 tenuerat
556 2260 736 2328 dictatorem,
756 2275 794 2314 ue
814 2267 881 2316 ante
895 2258 1042 2316 meridiem
1065 2259 1177 2334 signnm
1201 2259 1272 2315 dare

198 2375 323 2440 posset3
361 2383 398 2421 eo
427 2365 458 2421 in
486 2375 601 2424 noctem
627 2373 750 2421 tractum
781 2375 845 2423 erat
870 2374 1024 2424 certamen.
1072 2366 1196 2422 Postero
1225 2363 1301 2421 died

198 2470 323 2528 deserta
345 2469 422 2545 fuge
447 2481 545 2528 castra
565 2471 772 2542 Hernicorum,
804 2480 833 2528 et
854 2471 943 2529 saucii
970 2469 1060 2528 relicti
1089 2469 1205 2544 quidam
1226 2469 1270 2526 iu·

199 2577 296 2647 venti3
330 2595 501 2651 agmenque
520 2577 690 2653 fngientium
712 2578 750 2634 ab
772 2577 909 2652 Signinis,
931 2595 1018 2650 quum
1040 2586 1145 2650 praeter
1166 2575 1272 2632 moenis

198 2698 303 2738 eorum
340 2679 541 2755 infrequentia
569 2692 725 2758 conspecta
760 2684 844 2758 signe
880 2691 990 2752 esseut,
1030 2681 1125 2740 fusum
1159 2699 1193 2737 nc
1219 2699 1272 2756 psr

200 2805 288 2860 agros
315 2786 438 2861 trepide
458 2786 531 2862 fuga
550 2787 679 2863 palatum
702 2796 754 2846 est.
796 2789 860 2846 Nec
881 2787 1021 2848 Romanis
1041 2788 1190 2844 incruenta
1211 2787 1299 2844 vic-7

200 2893 275 2948 toria
310 2891 389 2948 fuit:
424 2903 532 2966 quarta
557 2910 627 2967 pars
655 2893 775 2950 militum
798 2894 916 2962 amissa,
943 2902 980 2962 et,
1008 2893 1056 2950 ubi
1078 2894 1155 2950 haud
1178 2893 1271 2950 minus

198 2997 324 3056 iacturae
350 2995 417 3067 fuit,
439 2997 552 3070 aliquot
572 2997 681 3070 equites
706 3000 831 3057 Romani
853 2999 988 3057 cecidere.

282 3102 465 3176 Insequenti
488 3121 564 3160 anno
586 3121 675 3177 quum
697 3103 731 3165 C.
754 3104 897 3179 Sulpicius
919 3114 947 3162 et
969 3103 1002 3162 C.
1018 3104 1145 3162 Licinius
1161 3103 1269 3162 Calvus
1342 3097 1364 3166 9

1282 3187 1436 3256 A.u.c.3tt³.

1280 3257 1433 3316 monesi.

199 3333 270 3389 agro
294 3315 448 3383 hostibus,
469 3314 656 3370 Ferentinum
679 3315 779 3371 urbem
801 3333 902 3371 eorum
930 3315 959 3371 vi
986 3315 1141 3389 cepissent,
1170 3335 1269 3374 rever·
1327 3335 1332 3346 ¹

199 3209 340 3266 eonsules
373 3208 406 3264 in
428 3207 572 3264 Hernicos
599 3210 755 3267 exercitum
784 3210 947 3273 duxissent,
979 3229 1071 3284 neque
1094 3209 1216 3266 inventis
1237 3210 1267 3267 in

197 3421 330 3480 tentibus
363 3419 434 3476 inde
461 3419 503 3476 eis
530 3421 667 3477 Tiburtes
694 3429 794 3495 portes
826 3421 966 3482 clausere.
1014 3421 1061 3478 Ea
1087 3421 1189 3478 ultima
1214 3421 1300 3484 fuist

198 3544 308 3597 causa,
343 3545 437 3600 quum
460 3527 558 3582 multae
584 3537 652 3584 ente
683 3527 868 3602 querimoniae
898 3527 974 3583 ult-ro
1004 3527 1135 3601 citroque
1156 3527 1270 3586 iactata

199 3644 317 3703 essent,
349 3651 405 3690 eur
426 3651 483 3707 per
502 3631 616 3689 fetiales
636 3634 722 3690 rebus
744 3633 872 3708 repetitis
894 3633 999 3690 bellum
1024 3633 1140 3690 Tiburti
1161 3635 1269 3710 populo

199 3737 393 3799 indiceretur.

282 3844 476 3902 Dictatorem
499 3843 536 3900 T.
560 3841 725 3915 Quinctium
746 3843 879 3900 Pennum
901 3863 935 3900 eo
961 3863 1036 3902 enno
1065 3845 1169 3918 fuisse,
1198 3846 1298 3906 setis3

202 3960 327 4020 constat,
360 3959 392 4006 et
414 3947 585 4022 magistrum
608 3948 735 4022 equiturn
758 3948 820 4006 Ser.
843 3947 1007 4008 Cornelium
1030 3953 1268 4029 Maluginensem,

202 4053 304 4112 Macer
319 4054 455 4112 Licinius
469 4052 651 4110 comitiorum
667 4054 865 4110 habendorum
877 4073 966 4112 causa
985 4069 1014 4114 et
1028 4059 1065 4116 ab
1079 4060 1189 4117 Licinio
1201 4080 1269 4118 con·
1282 4062 1299 4116 4

203 4161 263 4219 sule
275 4163 390 4220 dictum
406 4157 518 4230 scribit,
531 4158 609 4232 quia,
620 4158 732 4233 collega
745 4159 862 4218 comitia
875 4162 951 4219 bello
961 4161 1097 4237 preferre
1108 4165 1270 4239 festinante,
