3392 5084
512 524 589 574 cicer
607 525 656 575 vr.
691 526 739 589 (a.
755 525 803 580 cu.
815 528 978 593 aee-scs.)
1199 536 1235 590 rr

212 706 335 781 imperio
366 708 494 765 tutabor.
542 708 647 783 Itaque
673 710 698 766 si
731 708 765 771 C.
788 710 917 768 Licinius
946 721 975 768 et
996 712 1032 769 L.
1054 711 1171 772 Sextius
1192 708 1311 772 inter-'7

212 811 336 868 cessioni
350 811 528 887 collegarum
545 815 659 885 cedunt,
678 815 751 873 nihil
766 816 921 891 patricium
936 817 1138 891 magistratum
1153 820 1279 877 inseram

211 916 335 973 concilio
363 916 474 991 plebis;
509 918 534 975 si
568 919 709 977 adversus
738 919 975 978 intercessionem
1010 933 1152 997 tanquam
1188 933 1280 999 captas
1379 908 1383 920 ⁵

210 1022 322 1079 civitati
351 1022 432 1099 leges
463 1020 613 1098 imponere
641 1025 773 1095 tendent,
803 1027 863 1084 vim
893 1026 1077 1085 tribuniciam
1108 1047 1127 1084 a
1155 1047 1187 1085 se
1214 1028 1280 1103 ipsa

210 1126 331 1184 dissolvi
353 1146 413 1185 non
435 1130 561 1204 patiar.“
608 1132 762 1189 Adversus
792 1150 827 1189 ea
849 1150 938 1207 quum
960 1132 1146 1207 contemptim
1172 1133 1311 1191 tribuniss

208 1232 300 1307 plebis
324 1251 386 1290 rem
409 1234 502 1291 nihilo
515 1237 631 1311 segnius
653 1246 835 1312 peragerent,
857 1248 919 1295 tum
940 1224 1066 1312 percitus
1080 1237 1126 1293 ira
1140 1235 1279 1294 Camillus

208 1338 340 1409 lictores,
374 1340 424 1413 qui
453 1342 607 1400 demedio
639 1342 753 1419 plebem
786 1352 966 1414 emoverem,
999 1342 1079 1399 misit
1108 1352 1138 1398 et
1169 1341 1280 1398 addidit

208 1442 320 1513 ninas,
354 1444 380 1500 si
409 1455 577 1522 pergerent,
613 1454 796 1505 sacramento
827 1466 927 1506 omnes
951 1448 1079 1506 iuniores
1108 1446 1279 1503 adacturum

208 1548 429 1623 exercitumque
460 1552 606 1627 extemplo
639 1570 676 1609 ex
707 1553 780 1609 urbe
812 1554 991 1612 educturum.
1047 1555 1203 1611 Terrorem
1234 1545 1309 1608 ἱππ-9

206 1664 322 1726 gentem
345 1654 509 1713 incusserat
533 1657 626 1732 plebi3
649 1657 770 1715 ducibus
791 1659 884 1734 plebis
907 1660 1039 1717 accendit
1070 1658 1164 1733 magis
1184 1668 1277 1715 certa·

207 1758 279 1817 mine
295 1759 414 1817 animos
437 1780 524 1836 quam
548 1760 659 1819 minuit.
709 1762 768 1821 Sed
782 1780 815 1819 re
829 1771 932 1821 neutro
954 1764 1091 1821 inclinata
1106 1763 1278 1837 magistratu

206 1882 234 1919 se
254 1864 419 1935 abdicavit,
441 1884 492 1923 scu
518 1867 586 1941 quie
608 1868 680 1925 vitio
702 1876 816 1925 oreatus
838 1879 910 1938 eret,
934 1878 967 1926 ut
987 1869 1129 1943 scripsere
1142 1868 1277 1942 guidam,

205 1986 252 2025 sou
276 1971 350 2045 quia
373 1970 481 2028 tribuni
502 1972 595 2047 plebis
617 1972 743 2047 tulerunt
772 1973 809 2030 ad
831 1973 944 2049 plebem
966 1974 1054 2047 idque
1082 1972 1165 2047 plebs
1184 1971 1277 2040 scirit,

205 2083 243 2145 ut,
265 2076 291 2132 si
306 2078 352 2133 M.
369 2077 477 2134 Furius
492 2096 546 2153 pro
561 2078 703 2136 dictatore
727 2078 796 2153 quid
811 2078 925 2152 egisset,
948 2078 1135 2153 quingentum
1157 2077 1277 2133 millium

204 2182 228 2237 ei
250 2181 346 2238 multa
370 2191 462 2253 esset;
485 2182 537 2241 sed
559 2184 695 2259 auspiciis
719 2184 813 2258 magis
837 2202 925 2267 quam
949 2183 1020 2239 novi
1041 2181 1167 2255 exempli
1187 2198 1276 2255 roga·
1293 2180 1329 2234 10
1374 2239 1376 2242 ,

204 2285 280 2343 tione
303 2286 476 2369 deterritum
498 2298 531 2345 ut
546 2288 643 2363 potius
663 2290 790 2360 credam,
812 2308 900 2363 quum
921 2288 1013 2365 ipsius
1034 2285 1090 2344 viri
1110 2284 1182 2342 facit
1195 2279 1277 2360 inge-
1335 2282 1341 2288 ’

205 2387 291 2459 nium,
318 2400 381 2448 tum
398 2394 478 2465 quod
492 2394 519 2450 ei
538 2392 676 2451 suffectus
701 2403 746 2451 est
766 2395 913 2470 extemplo
936 2397 972 2451 P.
993 2392 1122 2451 Manlius
1142 2377 1276 2462 dictator,
1300 2474 1308 2484 ,

207 2511 290 2567 quem
323 2495 394 2570 quid
417 2499 510 2555 creari
541 2500 684 2557 attinebat
716 2500 753 2557 ad
774 2499 804 2556 id
826 2508 987 2569 cenoman,
1023 2516 1081 2572 quo
1103 2498 1145 2553 M.
1170 2497 1277 2553 Furius
1293 2494 1324 2548 ll
1372 2504 1375 2507 ’

206 2600 297 2657 rictus
321 2600 421 2659 esset?
441 2611 470 2659 et
492 2606 571 2678 quod
585 2604 708 2662 eundem
730 2605 771 2661 M.
786 2604 908 2661 Furium
931 2603 1100 2660 dictatorem
1121 2602 1277 2675 insequens

208 2722 297 2763 annus
320 2707 439 2775 habuit,
461 2710 541 2767 haud
561 2711 624 2768 sine
644 2710 756 2787 pudore
777 2719 857 2767 certe
877 2708 1002 2765 fractum
1028 2707 1126 2783 priore
1148 2725 1224 2763 anno
1246 2707 1276 2762 in

208 2826 235 2865 se
256 2810 415 2885 imperium
439 2814 643 2889 repetiturum3
669 2815 756 2872 simul
786 2816 865 2889 quod
890 2834 924 2871 eo
946 2824 1093 2888 tempore,
1126 2830 1184 2886 quo
1206 2829 1276 2886 pro·
1294 2812 1328 2868 12

208 2916 368 2991 mulgetum
393 2918 429 2975 de
450 2920 543 2977 multa
564 2920 625 2977 eius
647 2920 787 2990 traditur,
815 2928 868 2977 aut
889 2929 918 2977 et
938 2920 1006 2977 hnic
1026 2915 1190 2991 rogationi,
1217 2934 1276 2988 qua

207 3038 235 3077 se
265 3023 296 3079 in
331 3023 462 3083 ordinem
485 3026 550 3102 cogi
585 3025 720 3093 videbat,
757 3024 898 3081 obsistere
931 3023 1027 3099 potuit
1058 3030 1110 3079 aut
1142 3040 1189 3078 ne·
1210 3020 1275 3076 illas

208 3126 339 3198 quidem,
372 3138 493 3205 propter
524 3148 598 3205 quas
632 3138 660 3187 et
686 3130 748 3185 haeo
769 3128 830 3185 late
853 3137 925 3198 erat,
946 3127 1103 3202 impedire,
1136 3125 1167 3180 et
1197 3122 1275 3197 quod
1293 3128 1326 3183 13

209 3250 297 3307 usque
326 3233 366 3291 ad
394 3236 564 3293 memoriam
586 3242 717 3293 nostram
742 3233 903 3291 tribuniciis
931 3232 1189 3303 consularibusque
1213 3246 1274 3284 cer·

209 3346 298 3397 tatum
322 3340 434 3411 ritibus
456 3348 509 3411 est,
530 3342 680 3399 dictaturae
702 3356 817 3414 semper
841 3338 927 3393 altius
947 3335 1096 3409 fastigium
1118 3333 1182 3390 fuit.

289 3445 372 3501 lutei
393 3446 521 3519 priorem
544 3446 717 3504 dictaturam
743 3443 909 3502 abdicatam
933 3458 1100 3513 novumque
1123 3458 1141 3495 a
1162 3437 1274 3495 Manlio
1324 3436 1370 3505 39

208 3548 307 3605 initam
323 3550 362 3607 ab
383 3550 508 3609 tribunis
525 3551 604 3608 velut
625 3569 678 3625 per
699 3549 896 3623 interregnum
918 3546 1041 3603 concilio
1055 3544 1150 3621 plebis
1164 3544 1274 3612 habito,
1366 3574 1370 3579 ·

209 3654 359 3730 apparuit,
387 3672 452 3729 quae
481 3674 518 3713 ex
543 3654 735 3731 promulgetis
756 3654 851 3729 plebi,
884 3671 949 3728 quae
975 3651 1118 3708 latoribus
1145 3650 1275 3725 gratiora

209 3772 312 3821 essent.
358 3762 437 3836 Nam
461 3763 497 3820 de
527 3760 628 3819 fenore
655 3769 743 3835 atque
774 3778 847 3835 agro
869 3748 1037 3833 rogationes
1058 3756 1211 3825 iubebant,
1239 3754 1306 3814 del

210 3867 320 3941 plebeio
352 3868 471 3925 consule
504 3867 709 3941 antiquabant;
742 3875 770 3923 et
796 3864 928 3942 perfec-ta
957 3873 1081 3937 utraque
1112 3880 1160 3919 res
1191 3868 1275 3927 esset,

211 3974 237 4031 ni
269 3974 376 4031 tribuni
413 3992 445 4029 se
480 3973 509 4029 in
542 3970 759 4046 omniaxsimul
791 3970 941 4027 consulere
977 3969 1090 4043 plebem
1126 3966 1275 4023 dixissent.

211 4079 242 4136 P.
263 4078 391 4141 Manlius
413 4078 516 4135 deinde
538 4077 663 4135 dictator
694 4094 755 4133 rem
786 4076 816 4132 in
847 4092 967 4131 causam
996 4072 1090 4148 plebis
1118 4069 1307 4139 inclinavitd

212 4181 243 4239 C.
265 4183 387 4254 Licinio,
410 4183 460 4257 qui
481 4182 613 4239 tribunus
641 4180 764 4237 militurn
786 4179 898 4247 fuerat,
926 4178 1067 4253 magistro
1089 4174 1218 4249 equitum
1240 4174 1276 4229 de

212 4288 292 4361 plebe
312 4287 398 4346 dioto.
451 4288 487 4345 ld
507 4305 585 4361 segre
607 4294 704 4363 patres
731 4300 835 4359 passos
857 4283 983 4357 accipio,
1014 4282 1184 4339 dictatorern
1207 4289 1306 4354 pro-4
