3392 5084
488 569 542 626 190
776 565 855 614 Libat
871 563 919 614 111.
957 561 1003 624 (A.
1016 578 1041 614 u.
1055 577 1075 611 c.
1089 561 1163 622 308.)

442 753 479 810 od
502 751 656 827 populum,
687 749 759 806 scita
782 749 875 824 plebis
895 749 1023 805 iniuncta
1043 747 1186 823 patribus,
1206 747 1262 802 sub
1282 746 1366 804 titulo
1385 764 1479 819 equan-

393 861 428 916 10
442 859 543 916 darum
564 857 660 932 legum
683 864 782 913 nostra
808 855 873 912 iura
901 871 1041 930 oppressa
1064 853 1182 911 tulimus
1211 862 1240 909 et
1265 850 1396 911 ierimus.
1437 849 1480 922 Qui
1515 906 1516 929 2

441 964 506 1021 finis
518 963 572 1020 erit
583 959 810 1020 discordiarum?
832 960 982 1033 ecquando
992 975 1082 1016 unam
1095 957 1196 1016 urbem
1209 960 1329 1028 habere,
1353 957 1480 1032 ecquando

430 1087 620 1130 communem
653 1070 728 1126 hanc
761 1085 823 1124 esse
854 1065 980 1141 patriam
1015 1061 1130 1123 licebit?
1175 1062 1256 1120 Victi
1286 1082 1342 1120 nos
1379 1062 1481 1136 aequiore

443 1174 539 1232 animo
562 1174 734 1249 quiescimus
757 1191 844 1249 quam
866 1172 1074 1229 voa-victores.
1123 1169 1238 1229 Satisne
1259 1180 1317 1240 eat,
1345 1168 1425 1226 nobie
1443 1187 1481 1222 vos

290 1351 294 1358 .
394 1289 426 1342 11
443 1281 609 1337 metuendos
632 1279 717 1338 esse?
760 1280 911 1346 Adversus
931 1295 984 1334 nos
1006 1277 1184 1335 Aventinum
1205 1276 1336 1351 capitur,
1367 1275 1482 1330 advorsus

442 1405 495 1443 nos
526 1405 609 1444 sacer
641 1394 801 1459 occupatur
826 1401 918 1441 mons.
973 1377 1167 1458 Esquilias†¹)
1200 1382 1318 1456 quidem
1355 1382 1393 1437 ab
1419 1381 1482 1435 hoste

442 1511 534 1568 prope
555 1501 655 1566 captas
677 1500 707 1547 et
727 1489 912 1546 scandentem
934 1490 963 1546 in
986 1507 1120 1565 aggerem
1133 1488 1273 1546 Volscum
1290 1489 1404 1544 hostem
1418 1503 1482 1540 nemo

348 1599 397 1668 68
442 1598 604 1656 summovit.
655 1597 691 1654 In
712 1613 765 1653 nos
785 1596 851 1665 viri,
872 1597 902 1653 iu
920 1616 973 1653 nos
995 1595 1100 1657 armati
1121 1595 1199 1654 estis.
1242 1593 1335 1668 Agite
1353 1593 1428 1662 dum,
1447 1590 1482 1644 ubi

442 1705 489 1761 hic
511 1703 620 1760 curiam
642 1701 881 1758 circumsederitis
903 1712 932 1759 et
952 1701 1049 1759 forum
1067 1700 1204 1759 infestum
1223 1698 1351 1758 feceritis
1367 1707 1396 1754 et
1407 1715 1483 1754 carce

413 1817 504 1872 2rem
536 1807 722 1884 impleveritis
757 1808 951 1884 principibus,
986 1807 1086 1864 iisdem
1122 1807 1184 1864 istis
1219 1804 1368 1863 ferocibus
1404 1802 1484 1859 animi>

445 1915 612 1990 egredimini
634 1924 716 1971 extra
737 1901 852 1987 portam
874 1913 1070 1987 Esquilinam,
1102 1922 1168 1980 aut,
1197 1911 1221 1967 si
1247 1930 1285 1967 ne
1310 1912 1372 1967 hoc
1391 1908 1483 1995 quidem

445 2019 573 2087 audetis,
603 2038 639 2076 ex
665 2019 770 2106 muris·
780 2019 864 2075 visite
886 2038 973 2095 agros
993 2031 1106 2075 vestros
1126 2016 1205 2075 ferro
1225 2017 1345 2092 ignique
1367 2024 1485 2070 vastatos.

415 2126 572 2202 dpraedam
599 2118 694 2199 abigi,
724 2123 837 2181 fumare
858 2125 977 2181 incensa
997 2124 1105 2201 passim
1127 2133 1213 2181 tecta.
1261 2124 1305 2181 At
1326 2122 1403 2179 enim
1426 2138 1485 2176 com·

445 2234 538 2290 munis
553 2249 599 2290 res
614 2249 666 2307 per
680 2231 741 2286 haec
759 2230 824 2286 loco
840 2237 885 2286 est
904 2229 1019 2304 peiore:
1041 2247 1112 2304 ager
1132 2229 1233 2299 uritur,
1255 2229 1325 2285 urbs
1349 2226 1485 2285 obsidem.

444 2338 511 2396 belli
533 2336 627 2413 gloria
646 2353 735 2410 penes
756 2336 854 2392 hostes
866 2343 920 2415 est„¹
931 2353 934 2359 ·
955 2335 1033 2409 Quid
1051 2334 1190 2393 tandem?
1210 2335 1334 2411 privatae
1345 2353 1394 2391 res
1404 2341 1485 2389 vestra

446 2462 503 2519 quo
532 2451 609 2499 statu
635 2439 723 2497 sunt?
765 2442 829 2498 Iam
851 2441 1005 2516 unicuique
1026 2461 1064 2499 ex
1085 2442 1163 2517 agris
1185 2459 1239 2498 sua
1260 2441 1371 2497 damna
1394 2437 1485 2495 nuntia·
1515 2400 1517 2455 Ι

415 2553 559 2611 chuntur.
609 2546 686 2617 Quid
707 2557 751 2604 est
771 2548 887 2605 tandem
909 2547 997 2617 domi,
1019 2549 1152 2613 undosa
1173 2545 1335 2623 expleatis?
1385 2541 1485 2602 Tribuni
1515 2610 1516 2629 ἦ

373 2722 377 2732 ⁴
445 2655 529 2712 vobis
567 2653 675 2710 amissa
709 2653 829 2711 reddent
871 2672 906 2710 ac
939 2653 1110 2711 restituent?
1165 2653 1256 2711 Vocis
1292 2653 1486 2722 verborumque
1515 2634 1516 2653 ³

447 2770 585 2836 quantum
607 2759 724 2831 voletis,
744 2760 891 2834 ingerent,
919 2768 949 2817 et
969 2761 1119 2817 eniminum
1139 2760 1169 2816 in
1193 2758 1338 2834 principes
1364 2768 1393 2814 et
1411 2757 1486 2829 legun

447 2867 568 2922 aliarum
596 2883 683 2940 super
709 2865 782 2922 alias
809 2875 838 2923 et
870 2866 1051 2935 contionum
1083 2866 1134 2922 sad
1169 2885 1205 2923 ex
1235 2865 1292 2921 illis
1325 2861 1487 2921 contionibus

448 2991 594 3045 nunquam
616 2980 744 3028 vestrum
768 2972 920 3046 quisquam
943 2991 985 3042 re,
1005 2971 1123 3029 fortuna
1146 2972 1263 3028 domum
1286 2970 1401 3027 auctior
1413 2965 1487 3023 rediit-

418 3078 556 3153 5Ecquis
585 3077 683 3135 retulit
710 3077 819 3152 aliquid
847 3077 885 3134 ad
911 3078 1062 3153 coniugem
1095 3097 1129 3134 ac
1161 3077 1269 3134 liberos
1298 3085 1405 3151 praeter
1429 3071 1487 3128 odis

449 3183 638 3254 offensiones,
659 3183 818 3241 simultates
839 3183 970 3259 publicas
992 3181 1199 3258 privatasque?
1229 3202 1248 3238 a
1269 3181 1375 3256 quibus
1396 3194 1489 3250 semper

404 3323 410 3336 ‹
449 3309 507 3348 non
528 3299 627 3346 vestra
646 3289 752 3345 virtute
772 3289 1005 3364 innocentisque,
1027 3291 1086 3366 sed
1114 3288 1223 3345 auxilio
1245 3287 1339 3344 alieno
1363 3287 1416 3344 tuti
1435 3282 1488 3339 sitit·

420 3399 493 3460 cAt
520 3395 666 3462 hercules,
695 3413 781 3468 quum
811 3395 954 3470 stipendia
985 3396 1068 3452 nobis
1093 3394 1273 3463 consulibus,
1301 3412 1362 3450 non
1388 3386 1488 3449 nibun's

451 3502 570 3558 ducibus
592 3500 669 3556 etin
691 3500 802 3570 castris,
824 3521 883 3558 non
904 3501 933 3559 in
953 3500 1019 3559 foro
1040 3500 1192 3559 faciebatis
1213 3508 1241 3556 et
1257 3499 1288 3555 in
1304 3500 1368 3558 acie
1382 3507 1487 3556 vestrum

452 3608 605 3664 clamorem
633 3607 744 3675 hostes,
773 3626 831 3663 non
861 3607 891 3663 in
919 3609 1052 3666 contione
1078 3618 1176 3684 patres
1196 3606 1322 3664 Romani
1342 3604 1489 3662 horrebant

451 3713 550 3788 praeda
567 3721 661 3787 parta,
684 3731 755 3787 agro
778 3732 814 3769 ex
835 3713 918 3770 hoste
939 3724 1034 3790 capto,
1055 3714 1132 3791 pleni
1153 3712 1334 3769 fortunarum
1353 3710 1489 3787 gloriaque

452 3819 537 3876 simul
557 3819 687 3895 publicae,
711 3818 796 3874 simul
816 3818 947 3892 privatae,
968 3820 1179 3896 triumphantes
1192 3817 1311 3873 domum
1331 3817 1370 3906 ad
1390 3822 1489 3891 penates
1515 3810 1517 3815 '

453 3925 604 3994 redibatis;
634 3943 710 3982 nunc
731 3934 882 3981 oneratum
903 3927 1007 3982 vestris
1028 3924 1151 3983 fortunis
1172 3923 1285 3979 hostem
1307 3922 1388 3978 abire
1408 3914 1489 3975 sinitis·
1515 3974 1516 3977 ,

424 4031 568 4088 7Haerete
601 4029 682 4088 affixi
714 4031 894 4088 contionibus
927 4042 954 4088 et
997 4032 1027 4088 in
1066 4031 1132 4088 foro
1159 4027 1266 4094 vivite3
1297 4027 1424 4102 sequitur
1450 4033 1489 4074 sos
1515 4052 1517 4094 3

487 4266 509 4332 ¹)
526 4269 647 4318 Fortasse
661 4269 835 4317 scribendum:
854 4267 1009 4330 Esquiliae
1027 4245 1156 4329 quidem
1176 4266 1212 4314 ab
1231 4265 1258 4313 b.
1270 4281 1295 4328 p.
1314 4271 1416 4326 capta
1432 4260 1489 4306 anot

525 4371 568 4409 aut
585 4361 757 4422 Esquilias
776 4360 902 4420 quidem
923 4358 1064 4406 vidimus
1084 4359 1122 4405 ab
1141 4360 1167 4409 h.
1185 4374 1212 4421 p.
1231 4367 1364 4419 captas,
1384 4363 1412 4401 et
1429 4365 1464 4398 sc.
