3392 5084
481 461 537 516 130
757 456 835 506 Liber
854 456 928 505 VIII.
965 457 1012 518 (A.
1025 472 1049 504 n.
1061 472 1083 505 a.
1094 458 1167 518 429.)

434 664 492 701 non
514 643 609 700 manci
630 642 735 700 milites
756 641 871 706 fuerint,
894 642 972 715 quod
994 660 1025 698 se
1047 641 1083 714 Q.
1099 642 1208 699 Fabius
1225 643 1388 718 magistrum
1409 643 1478 715 equi-

405 755 494 808 5tum
518 749 633 806 duxerit
654 767 688 805 ac
710 765 769 804 uon
797 765 950 806 accensum
980 748 1137 808 dictatoris.
1186 749 1262 821 Quid
1291 750 1369 806 illurn
1397 749 1479 806 factu·

434 877 497 914 rum
519 856 617 926 fuisse,
639 856 673 923 si,
695 854 773 928 quod
792 853 961 910 bellicosus
982 852 1078 910 ferunt
1093 855 1232 930 Marsque
1253 855 1417 922 communis,
1437 855 1480 910 ad·

435 981 521 1020 versa
541 981 640 1037 pugna
661 962 815 1030 evenisset,
843 959 893 1034 qui
915 959 979 1025 sibi,
1009 959 1129 1016 devictis
1151 961 1298 1030 hostibus,
1327 962 1482 1036 republica

435 1070 508 1125 bene
528 1077 621 1142 geste,
642 1068 684 1124 ita
700 1077 731 1123 ut
752 1085 810 1124 nou
832 1067 870 1122 ab
892 1065 942 1121 illo
964 1065 1049 1121 unico
1065 1065 1137 1122 duce
1152 1067 1254 1124 melius
1276 1067 1340 1142 geri
1360 1069 1482 1142 potuerit,

404 1173 605 1249 bsupplicium
629 1172 768 1248 magistro
795 1170 923 1244 equiturn
954 1169 1097 1227 minetur?
1125 1171 1230 1246 Neque
1252 1173 1333 1229 illum
1355 1174 1483 1248 magistro

434 1279 561 1354 equitum
576 1277 753 1335 infestiorem
769 1295 855 1350 quam
872 1275 993 1332 tribunis
1008 1275 1139 1347 militum,
1162 1296 1248 1352 quam
1272 1280 1484 1346 centurionibus

435 1404 521 1459 quern
544 1384 682 1441 militibus
704 1373 776 1437 esbe.
824 1381 856 1438 Si
878 1391 993 1456 posset,
1020 1383 1049 1438 in
1081 1401 1180 1439 omnes
1203 1383 1370 1442 saeviturum
1392 1383 1484 1447 finisse:

406 1491 504 1564 lquia
527 1490 556 1546 id
578 1497 712 1563 nequeat,
741 1487 771 1543 in
802 1505 891 1542 unum
915 1487 1031 1555 saevire3
1065 1487 1151 1544 etiam
1183 1488 1322 1545 invidiam
1358 1499 1484 1562 tanquam

433 1595 529 1670 ignem
551 1613 665 1652 summa
685 1603 797 1669 petere;
824 1592 854 1649 in
878 1601 966 1667 caput
987 1593 1112 1664 consilii,
1143 1594 1172 1650 in
1202 1594 1305 1651 ducem
1339 1595 1485 1664 incurreret

435 1701 460 1756 si
480 1719 512 1757 se
534 1700 620 1756 simul
647 1720 710 1757 cum
734 1698 838 1785 gloria,
856 1698 898 1755 rei
919 1708 1008 1774 gestee
1029 1700 1228 1764 exstinxisset,
1256 1711 1327 1758 tunc
1347 1703 1485 1767 victorem,

434 1807 514 1864 velut
537 1807 564 1862 in
587 1815 673 1881 capto
696 1805 823 1862 exercitu
844 1804 1055 1874 dominantem,
1083 1807 1218 1881 quicquid
1244 1807 1359 1864 licuerit
1380 1808 1409 1864 in
1435 1828 1486 1864 mn-

404 1915 422 1970 8
434 1913 525 1987 gistro
552 1913 695 1987 equitum,
727 1911 758 1967 in
789 1910 926 1966 militibus
962 1928 1108 1969 ausurum.
1156 1912 1285 1969 Proinde
1312 1913 1446 1972 adessent
1464 1915 1486 1970 in

435 2038 489 2076 sua
510 2037 600 2075 causa
621 2018 748 2075 omnium
770 2015 906 2073 libertati.
951 2015 983 2074 si
1002 2031 1175 2072 consensum
1197 2017 1343 2075 exercitus
1366 2021 1486 2088 eunden,

435 2127 484 2200 qui
514 2126 543 2182 in
571 2125 673 2200 proelio
702 2123 804 2190 fuerit,
835 2122 866 2177 in
894 2121 1001 2178 tuenda
1031 2122 1153 2179 vietoria
1174 2123 1288 2192 videat,
1320 2134 1351 2181 et
1375 2126 1484 2181 salntem

434 2234 517 2289 unius
540 2231 673 2288 omnibus
696 2249 772 2287 curae
797 2247 876 2297 esse,
908 2227 1109 2284 inclinaturum
1133 2229 1169 2284 ad
1192 2229 1410 2288 clementiorem
1432 2250 1486 2287 sen·

404 2340 553 2396 9tentiam
574 2337 711 2396 animum.
762 2336 916 2392 Postremo
945 2353 976 2390 se
1003 2335 1091 2390 vitam
1120 2333 1311 2410 fortunasque
1339 2355 1409 2392 suas
1426 2336 1487 2406 villo·

341 2441 387 2510 32
434 2465 498 2502 rum
520 2445 587 2501 fidei
608 2442 763 2515 virtutique
778 2441 951 2514 permittere.
998 2440 1153 2498 Clamore
1175 2451 1238 2498 tota
1252 2443 1390 2498 contione
1412 2433 1506 2516 ortual

435 2552 477 2608 uti
498 2552 605 2607 bonum
628 2549 754 2604 animum
769 2547 904 2602 baberet:
924 2546 1066 2604 neminem
1087 2547 1130 2604 illi
1151 2548 1208 2606 vim
1231 2548 1389 2606 allaturum
1413 2545 1505 2636 salvisl

435 2657 596 2732 legionibus
612 2652 763 2712 Romanis.
809 2651 898 2708 Haud
926 2652 1015 2708 multo
1036 2664 1104 2727 post
1127 2654 1251 2711 dictator
1273 2655 1403 2724 advenit,
1426 2655 1489 2710 clas·

406 2764 554 2836 2sicoque
575 2760 721 2834 extemplo
737 2759 775 2816 ad
791 2757 953 2814 contionem
977 2758 1139 2817 advocavit.
1183 2761 1259 2817 Tum
1275 2761 1392 2818 silentio
1412 2760 1503 2818 facta*

437 2886 532 2942 praeco
560 2867 596 2939 Q.
619 2865 743 2923 Fabium
766 2863 936 2938 magistrum
967 2863 1095 2936 equitum
1124 2866 1239 2936 citavit;
1269 2866 1320 2941 qui
1349 2868 1434 2923 simul
1460 2884 1488 2921 er

342 2957 346 2964 ¹
405 2973 572 3032 3inferiore
592 2972 658 3030 loco
687 2971 724 3029 ad
747 2969 875 3027 tribunal
896 2969 1025 3040 accessit
1053 2979 1114 3028 tum
1137 2972 1261 3029 dictator
1285 2973 1430 3046 „Quaero“
1455 2973 1487 3028 in·

437 3079 536 3154 quit„
540 3079 577 3135 de
597 3090 635 3145 te,
658 3076 693 3149 Q
719 3075 805 3142 Fabi,
829 3093 917 3148 quum
939 3093 1081 3132 summum
1103 3077 1255 3152 imperium
1279 3078 1430 3136 dictatoris
1452 3078 1500 3135 sit

436 3194 615 3260 pareantque
629 3183 654 3239 ei
677 3180 819 3253 consules,
840 3181 923 3255 regia
943 3189 1083 3255 potestas,
1104 3192 1251 3258 praetores,
1272 3183 1377 3241 iisdem
1401 3184 1487 3259 auspi·
1499 3139 1500 3238 l

435 3293 497 3360 ciis,
518 3292 622 3365 quibus
644 3287 785 3356 consules,
808 3286 907 3357 creati,
929 3305 1041 3360 aequum
1064 3306 1182 3346 censeas
1204 3308 1304 3357 necne,
1327 3291 1487 3365 magistrun

406 3397 563 3471 dequitum
586 3396 662 3452 dicto
692 3393 855 3449 audientem
878 3411 955 3463 esse3
983 3393 1109 3466 itemque
1136 3394 1207 3451 illud
1228 3395 1390 3471 interrogo,
1413 3415 1465 3470 qun

438 3521 483 3559 me
503 3500 619 3558 incertis
641 3498 777 3573 auspiciis
798 3496 959 3572 profectum
982 3498 1019 3554 ab
1042 3498 1129 3556 domo
1151 3499 1271 3570 scirem,
1299 3511 1398 3558 utrum
1430 3502 1464 3556 mi

438 3607 560 3666 turbatis
581 3605 768 3680 religionibus
782 3622 828 3660 res
849 3603 967 3678 publica
986 3603 1016 3659 in
1039 3604 1191 3661 discrimen
1206 3605 1416 3664 committenda
1436 3605 1463 3662 fu

408 3714 483 3782 snt,
511 3733 548 3770 an
571 3711 702 3785 auspicia
722 3710 888 3786 repetenda,
919 3720 955 3788 ne
977 3709 1046 3784 quid
1068 3710 1163 3767 dubiis
1184 3711 1228 3767 dis
1250 3727 1384 3785 agerem3
1414 3712 1461 3766 sim

437 3821 525 3888 illud,
561 3837 626 3893 quae
649 3816 786 3872 dictatori
816 3815 917 3890 religio
949 3815 1154 3891 impedimento
1183 3817 1220 3871 ed
1249 3834 1310 3872 rem
1341 3816 1463 3890 gerenda

437 3926 537 3995 fuerit,
567 3943 636 3980 num
667 3941 704 3978 ea
733 3922 872 3996 magister
903 3922 1031 3995 equitum
1064 3921 1174 3979 solutus
1207 3939 1241 3977 ac
1270 3919 1346 4010 liber
1374 3919 1475 3996 potue'

439 4051 510 4090 esse.
562 4028 621 4088 Sed
648 4027 718 4101 quid
745 4045 799 4102 ego
828 4028 889 4084 baec
916 4026 1084 4102 interrogo?
1116 4027 1222 4099 Quum,
1257 4026 1281 4082 si
1309 4045 1367 4102 ego
1397 4028 1470 4084 tacitn

439 4138 578 4195 abissem.
605 4145 702 4191 tamen
723 4133 776 4190 tibi
805 4133 842 4189 ed
863 4131 1020 4190 voluntatis
1042 4132 1306 4208 interpretationem
1338 4153 1412 4191 mese
1432 4131 1472 4190 diri

408 4244 533 4318 figenda
553 4252 608 4297 tua
626 4238 768 4296 sententia
788 4237 890 4304 fuerit,
920 4237 988 4312 quin
1014 4248 1046 4294 tu
1068 4237 1241 4313 respondes,
1270 4241 1469 4296 vetuerimnet
