<?xml version="1.0" encoding="UTF-8"?>
<!DOCTYPE html PUBLIC "-//W3C//DTD XHTML 1.0 Transitional//EN"
    "http://www.w3.org/TR/xhtml1/DTD/xhtml1-transitional.dtd">
<html xmlns="http://www.w3.org/1999/xhtml" xml:lang="en" lang="en">
 <head>
  <title>
</title>
<meta http-equiv="Content-Type" content="text/html;charset=utf-8" />
  <meta name='ocr-system' content='tesseract 3.04.00' />
  <meta name='ocr-capabilities' content='ocr_page ocr_carea ocr_par ocr_line ocrx_word'/>
</head>
<body>
  <div class='ocr_page' id='page_1' title='image "./titiliviihistor03ussigoog_0202.png"; bbox 0 0 3392 5084; ppageno 0'>
   <div class='ocr_carea' id='block_1_1' title="bbox 489 497 1156 565">
    <p class='ocr_par' dir='ltr' id='par_1_1' title="bbox 489 497 1156 565">
     <span class='ocr_line' id='line_1_1' title="bbox 489 497 1156 565; baseline -0.013 -7"><span class='ocrx_word' id='word_1_1' title='bbox 489 505 546 562; x_wconf 80' lang='lat' dir='ltr'>tot</span> <span class='ocrx_word' id='word_1_2' title='bbox 711 551 713 565; x_wconf 84' lang='grc'>,</span> <span class='ocrx_word' id='word_1_3' title='bbox 786 499 865 555; x_wconf 70' lang='lat' dir='ltr'>urse</span> <span class='ocrx_word' id='word_1_4' title='bbox 876 497 924 549; x_wconf 86' lang='lat'>111.</span> <span class='ocrx_word' id='word_1_5' title='bbox 960 499 1003 562; x_wconf 76' lang='lat' dir='ltr'>(a,</span> <span class='ocrx_word' id='word_1_6' title='bbox 1013 514 1038 547; x_wconf 78' lang='lat' dir='ltr'>u.</span> <span class='ocrx_word' id='word_1_7' title='bbox 1049 513 1072 548; x_wconf 64' lang='grc' dir='ltr'>ο.</span> <span class='ocrx_word' id='word_1_8' title='bbox 1083 499 1156 564; x_wconf 84' lang='lat' dir='ltr'>sos.)</span> 
     </span>
    </p>
   </div>
   <div class='ocr_carea' id='block_1_2' title="bbox 347 682 1520 4348">
    <p class='ocr_par' dir='ltr' id='par_1_2' title="bbox 415 682 1494 1402">
     <span class='ocr_line' id='line_1_2' title="bbox 445 682 1493 761; baseline 0.002 -19"><span class='ocrx_word' id='word_1_9' title='bbox 445 685 579 760; x_wconf 84' lang='lat' dir='ltr'>factaque</span> <span class='ocrx_word' id='word_1_10' title='bbox 608 703 660 760; x_wconf 88' lang='lat' dir='ltr'>per</span> <span class='ocrx_word' id='word_1_11' title='bbox 691 682 855 743; x_wconf 85' lang='lat' dir='ltr'>Cornelium</span> <span class='ocrx_word' id='word_1_12' title='bbox 886 682 1005 742; x_wconf 84' lang='lat' dir='ltr'>Valerio</span> <span class='ocrx_word' id='word_1_13' title='bbox 1033 683 1146 742; x_wconf 89' lang='lat' dir='ltr'>dicendi</span> <span class='ocrx_word' id='word_1_14' title='bbox 1171 685 1282 760; x_wconf 55' lang='lat' dir='ltr'>gratim</span> <span class='ocrx_word' id='word_1_15' title='bbox 1311 705 1375 761; x_wconf 78' lang='lat' dir='ltr'>qua</span> <span class='ocrx_word' id='word_1_16' title='bbox 1404 687 1493 756; x_wconf 74' lang='lat' dir='ltr'>vellet,</span> 
     </span>
     <span class='ocr_line' id='line_1_3' title="bbox 445 789 1492 868; baseline -0.001 -18"><span class='ocrx_word' id='word_1_17' title='bbox 445 810 533 867; x_wconf 88' lang='lat' dir='ltr'>quum</span> <span class='ocrx_word' id='word_1_18' title='bbox 555 790 673 850; x_wconf 86' lang='lat' dir='ltr'>libertas</span> <span class='ocrx_word' id='word_1_19' title='bbox 695 809 752 849; x_wconf 93' lang='lat' dir='ltr'>non</span> <span class='ocrx_word' id='word_1_20' title='bbox 774 789 851 848; x_wconf 85' lang='lat' dir='ltr'>ultra</span> <span class='ocrx_word' id='word_1_21' title='bbox 870 807 972 851; x_wconf 86' lang='lat' dir='ltr'>rocem</span> <span class='ocrx_word' id='word_1_22' title='bbox 994 789 1180 860; x_wconf 73' lang='lat' dir='ltr'>excessisset,</span> <span class='ocrx_word' id='word_1_23' title='bbox 1209 789 1364 850; x_wconf 85' lang='lat' dir='ltr'>decemviri</span> <span class='ocrx_word' id='word_1_24' title='bbox 1392 812 1492 868; x_wconf 90' lang='lat' dir='ltr'>propo-</span> 
     </span>
     <span class='ocr_line' id='line_1_4' title="bbox 416 893 1494 971; baseline -0.001 -17"><span class='ocrx_word' id='word_1_25' title='bbox 416 897 530 954; x_wconf 77' lang='lat' dir='ltr'>bsitum</span> <span class='ocrx_word' id='word_1_26' title='bbox 563 905 688 960; x_wconf 83' lang='lat' dir='ltr'>tenuere.</span> <span class='ocrx_word' id='word_1_27' title='bbox 745 893 920 960; x_wconf 74' lang='lat' dir='ltr'>Consulares</span> <span class='ocrx_word' id='word_1_28' title='bbox 950 912 1066 971; x_wconf 87' lang='lat' dir='ltr'>qnoque</span> <span class='ocrx_word' id='word_1_29' title='bbox 1098 913 1133 952; x_wconf 90' lang='lat' dir='ltr'>ac</span> <span class='ocrx_word' id='word_1_30' title='bbox 1164 893 1291 953; x_wconf 85' lang='lat' dir='ltr'>seniores</span> <span class='ocrx_word' id='word_1_31' title='bbox 1318 897 1357 954; x_wconf 88' lang='lat' dir='ltr'>ab</span> <span class='ocrx_word' id='word_1_32' title='bbox 1383 898 1494 955; x_wconf 85' lang='lat' dir='ltr'>residuo</span> 
     </span>
     <span class='ocr_line' id='line_1_5' title="bbox 445 999 1494 1077; baseline -0.001 -17"><span class='ocrx_word' id='word_1_33' title='bbox 445 1001 603 1060; x_wconf 80' lang='lat' dir='ltr'>tribunicias</span> <span class='ocrx_word' id='word_1_34' title='bbox 623 1002 774 1077; x_wconf 89' lang='lat' dir='ltr'>potestatis</span> <span class='ocrx_word' id='word_1_35' title='bbox 796 1001 874 1072; x_wconf 91' lang='lat' dir='ltr'>odio,</span> <span class='ocrx_word' id='word_1_36' title='bbox 895 999 977 1059; x_wconf 81' lang='lat' dir='ltr'>cuius</span> <span class='ocrx_word' id='word_1_37' title='bbox 997 999 1168 1059; x_wconf 88' lang='lat' dir='ltr'>desideriam</span> <span class='ocrx_word' id='word_1_38' title='bbox 1190 1001 1268 1076; x_wconf 88' lang='lat' dir='ltr'>plebi</span> <span class='ocrx_word' id='word_1_39' title='bbox 1289 1003 1382 1060; x_wconf 88' lang='lat' dir='ltr'>multo</span> <span class='ocrx_word' id='word_1_40' title='bbox 1406 1004 1494 1062; x_wconf 74' lang='lat' dir='ltr'>acuns</span> 
     </span>
     <span class='ocr_line' id='line_1_6' title="bbox 446 1106 1493 1184; baseline 0 -18"><span class='ocrx_word' id='word_1_41' title='bbox 446 1126 532 1184; x_wconf 86' lang='lat' dir='ltr'>quam</span> <span class='ocrx_word' id='word_1_42' title='bbox 556 1107 713 1166; x_wconf 83' lang='lat' dir='ltr'>consularis</span> <span class='ocrx_word' id='word_1_43' title='bbox 735 1106 847 1184; x_wconf 88' lang='lat' dir='ltr'>imperii</span> <span class='ocrx_word' id='word_1_44' title='bbox 868 1107 1007 1165; x_wconf 75' lang='lat' dir='ltr'><strong>rebantur</strong></span> <span class='ocrx_word' id='word_1_45' title='bbox 1028 1125 1107 1175; x_wconf 88' lang='lat' dir='ltr'>esse,</span> <span class='ocrx_word' id='word_1_46' title='bbox 1128 1124 1219 1181; x_wconf 85' lang='lat' dir='ltr'><strong>prope</strong></span> <span class='ocrx_word' id='word_1_47' title='bbox 1240 1107 1401 1178; x_wconf 84' lang='lat' dir='ltr'>malebant,</span> <span class='ocrx_word' id='word_1_48' title='bbox 1422 1123 1493 1184; x_wconf 75' lang='lat' dir='ltr'>post·</span> 
     </span>
     <span class='ocr_line' id='line_1_7' title="bbox 445 1210 1493 1290; baseline 0.001 -19"><span class='ocrx_word' id='word_1_49' title='bbox 445 1215 532 1272; x_wconf 89' lang='lat' dir='ltr'>modo</span> <span class='ocrx_word' id='word_1_50' title='bbox 563 1213 642 1289; x_wconf 89' lang='lat' dir='ltr'>ipsos</span> <span class='ocrx_word' id='word_1_51' title='bbox 674 1211 853 1270; x_wconf 85' lang='lat' dir='ltr'>decemviros</span> <span class='ocrx_word' id='word_1_52' title='bbox 882 1210 1032 1270; x_wconf 85' lang='lat' dir='ltr'>voluntate</span> <span class='ocrx_word' id='word_1_53' title='bbox 1069 1211 1150 1268; x_wconf 88' lang='lat' dir='ltr'>abire</span> <span class='ocrx_word' id='word_1_54' title='bbox 1188 1213 1375 1288; x_wconf 84' lang='lat' dir='ltr'>magistratu,</span> <span class='ocrx_word' id='word_1_55' title='bbox 1415 1234 1493 1290; x_wconf 89' lang='lat' dir='ltr'>quam</span> 
     </span>
     <span class='ocr_line' id='line_1_8' title="bbox 415 1315 1494 1402; baseline 0.001 -26"><span class='ocrx_word' id='word_1_56' title='bbox 415 1318 553 1377; x_wconf 78' lang='lat' dir='ltr'>binvidia</span> <span class='ocrx_word' id='word_1_57' title='bbox 580 1334 680 1402; x_wconf 83' lang='lat' dir='ltr'>eorum</span> <span class='ocrx_word' id='word_1_58' title='bbox 708 1327 864 1392; x_wconf 71' lang='lat' dir='ltr'>exsurgere</span> <span class='ocrx_word' id='word_1_59' title='bbox 889 1333 989 1376; x_wconf 84' lang='lat' dir='ltr'>rursus</span> <span class='ocrx_word' id='word_1_60' title='bbox 1010 1315 1138 1392; x_wconf 68' lang='lat' dir='ltr'>plebem</span> <span class='ocrx_word' id='word_1_61' title='bbox 1166 1316 1193 1375; x_wconf 90' lang='lat' dir='ltr'>si</span> <span class='ocrx_word' id='word_1_62' title='bbox 1219 1318 1321 1376; x_wconf 88' lang='lat' dir='ltr'>leniter</span> <span class='ocrx_word' id='word_1_63' title='bbox 1342 1320 1435 1377; x_wconf 86' lang='lat' dir='ltr'>ducta</span> <span class='ocrx_word' id='word_1_64' title='bbox 1455 1339 1494 1377; x_wconf 83' lang='lat' dir='ltr'>res</span> 
     </span>
    </p>

    <p class='ocr_par' dir='ltr' id='par_1_3' title="bbox 405 1421 1495 1708">
     <span class='ocr_line' id='line_1_9' title="bbox 405 1421 1494 1501; baseline 0.001 -19"><span class='ocrx_word' id='word_1_65' title='bbox 405 1431 409 1437; x_wconf 90' lang='lat'>&#39;</span> <span class='ocrx_word' id='word_1_66' title='bbox 445 1426 505 1484; x_wconf 90' lang='lat' dir='ltr'>sine</span> <span class='ocrx_word' id='word_1_67' title='bbox 526 1421 661 1501; x_wconf 87' lang='lat' dir='ltr'>populari</span> <span class='ocrx_word' id='word_1_68' title='bbox 681 1421 802 1497; x_wconf 86' lang='lat' dir='ltr'>strepitu</span> <span class='ocrx_word' id='word_1_69' title='bbox 829 1421 868 1478; x_wconf 89' lang='lat' dir='ltr'>ad</span> <span class='ocrx_word' id='word_1_70' title='bbox 890 1421 1022 1482; x_wconf 88' lang='lat' dir='ltr'>consules</span> <span class='ocrx_word' id='word_1_71' title='bbox 1050 1422 1187 1493; x_wconf 79' lang='lat' dir='ltr'>redisset,</span> <span class='ocrx_word' id='word_1_72' title='bbox 1220 1433 1271 1481; x_wconf 89' lang='lat' dir='ltr'>aut</span> <span class='ocrx_word' id='word_1_73' title='bbox 1299 1425 1384 1482; x_wconf 90' lang='lat' dir='ltr'>bellis</span> <span class='ocrx_word' id='word_1_74' title='bbox 1416 1427 1494 1483; x_wconf 89' lang='lat' dir='ltr'>inter·</span> 
     </span>
     <span class='ocr_line' id='line_1_10' title="bbox 444 1527 1495 1608; baseline 0 -20"><span class='ocrx_word' id='word_1_75' title='bbox 444 1531 544 1607; x_wconf 88' lang='lat' dir='ltr'>positis</span> <span class='ocrx_word' id='word_1_76' title='bbox 566 1539 617 1588; x_wconf 88' lang='lat' dir='ltr'>ant</span> <span class='ocrx_word' id='word_1_77' title='bbox 638 1527 834 1586; x_wconf 86' lang='lat' dir='ltr'>moderatione</span> <span class='ocrx_word' id='word_1_78' title='bbox 856 1527 1004 1584; x_wconf 86' lang='lat' dir='ltr'>consulum</span> <span class='ocrx_word' id='word_1_79' title='bbox 1024 1527 1054 1584; x_wconf 93' lang='lat' dir='ltr'>in</span> <span class='ocrx_word' id='word_1_80' title='bbox 1074 1527 1201 1604; x_wconf 87' lang='lat' dir='ltr'>imperiis</span> <span class='ocrx_word' id='word_1_81' title='bbox 1223 1531 1394 1589; x_wconf 79' lang='lat' dir='ltr'>exercendis</span> <span class='ocrx_word' id='word_1_82' title='bbox 1417 1551 1495 1608; x_wconf 78' lang='lat' dir='ltr'>posse</span> 
     </span>
     <span class='ocr_line' id='line_1_11' title="bbox 445 1631 1139 1708; baseline -0.003 -16"><span class='ocrx_word' id='word_1_83' title='bbox 445 1637 474 1694; x_wconf 88' lang='lat' dir='ltr'>in</span> <span class='ocrx_word' id='word_1_84' title='bbox 496 1635 669 1695; x_wconf 86' lang='lat' dir='ltr'>oblivionem</span> <span class='ocrx_word' id='word_1_85' title='bbox 691 1632 870 1690; x_wconf 85' lang='lat' dir='ltr'>tribunorum</span> <span class='ocrx_word' id='word_1_86' title='bbox 892 1631 1005 1708; x_wconf 88' lang='lat' dir='ltr'>plebem</span> <span class='ocrx_word' id='word_1_87' title='bbox 1027 1633 1139 1691; x_wconf 87' lang='lat' dir='ltr'>adduci.</span> 
     </span>
    </p>

    <p class='ocr_par' dir='ltr' id='par_1_4' title="bbox 414 1737 1519 2027">
     <span class='ocr_line' id='line_1_12' title="bbox 414 1737 1495 1816; baseline 0 -18"><span class='ocrx_word' id='word_1_88' title='bbox 414 1753 430 1805; x_wconf 86' lang='grc'><strong>7</strong></span> <span class='ocrx_word' id='word_1_89' title='bbox 527 1741 647 1800; x_wconf 87' lang='lat' dir='ltr'>Silentio</span> <span class='ocrx_word' id='word_1_90' title='bbox 677 1747 792 1816; x_wconf 87' lang='lat' dir='ltr'>patrum</span> <span class='ocrx_word' id='word_1_91' title='bbox 813 1737 934 1796; x_wconf 75' lang='lat' dir='ltr'>edicitur</span> <span class='ocrx_word' id='word_1_92' title='bbox 963 1738 1098 1797; x_wconf 77' lang='lat' dir='ltr'>delectus.</span> <span class='ocrx_word' id='word_1_93' title='bbox 1149 1739 1290 1810; x_wconf 81' lang='lat' dir='ltr'>iuniores,</span> <span class='ocrx_word' id='word_1_94' title='bbox 1322 1759 1415 1816; x_wconf 88' lang='lat' dir='ltr'>quum</span> <span class='ocrx_word' id='word_1_95' title='bbox 1442 1745 1495 1800; x_wconf 84' lang='lat' dir='ltr'>sine</span> 
     </span>
     <span class='ocr_line' id='line_1_13' title="bbox 444 1842 1495 1924; baseline -0.001 -19"><span class='ocrx_word' id='word_1_96' title='bbox 444 1845 651 1923; x_wconf 84' lang='lat' dir='ltr'>provocatione</span> <span class='ocrx_word' id='word_1_97' title='bbox 672 1845 825 1920; x_wconf 90' lang='lat' dir='ltr'>imperium</span> <span class='ocrx_word' id='word_1_98' title='bbox 847 1851 932 1913; x_wconf 90' lang='lat' dir='ltr'>esset,</span> <span class='ocrx_word' id='word_1_99' title='bbox 961 1842 999 1899; x_wconf 88' lang='lat' dir='ltr'>ad</span> <span class='ocrx_word' id='word_1_100' title='bbox 1023 1845 1141 1902; x_wconf 92' lang='lat' dir='ltr'>nomina</span> <span class='ocrx_word' id='word_1_101' title='bbox 1161 1845 1347 1920; x_wconf 87' lang='lat' dir='ltr'>respondent.</span> <span class='ocrx_word' id='word_1_102' title='bbox 1389 1849 1495 1924; x_wconf 49' lang='lat' dir='ltr'>*Legio-</span> 
     </span>
     <span class='ocr_line' id='line_1_14' title="bbox 444 1948 1519 2027; baseline 0 -17"><span class='ocrx_word' id='word_1_103' title='bbox 444 1953 527 2011; x_wconf 89' lang='lat' dir='ltr'>nibus</span> <span class='ocrx_word' id='word_1_104' title='bbox 549 1951 678 2026; x_wconf 87' lang='lat' dir='ltr'>scriptis,</span> <span class='ocrx_word' id='word_1_105' title='bbox 703 1950 778 2008; x_wconf 90' lang='lat' dir='ltr'>inter</span> <span class='ocrx_word' id='word_1_106' title='bbox 805 1969 836 2006; x_wconf 91' lang='lat' dir='ltr'>se</span> <span class='ocrx_word' id='word_1_107' title='bbox 858 1948 1012 2006; x_wconf 86' lang='lat' dir='ltr'>decemviri</span> <span class='ocrx_word' id='word_1_108' title='bbox 1039 1952 1277 2027; x_wconf 74' lang='lat' dir='ltr'>comparabant,</span> <span class='ocrx_word' id='word_1_109' title='bbox 1293 1970 1366 2026; x_wconf 90' lang='lat' dir='ltr'>quos</span> <span class='ocrx_word' id='word_1_110' title='bbox 1389 1956 1436 2012; x_wconf 90' lang='lat' dir='ltr'>ire</span> <span class='ocrx_word' id='word_1_111' title='bbox 1463 1957 1495 2010; x_wconf 86' lang='lat' dir='ltr'>ad</span> <span class='ocrx_word' id='word_1_112' title='bbox 1518 2004 1519 2025; x_wconf 64' lang='lat'>,</span> 
     </span>
    </p>

    <p class='ocr_par' dir='ltr' id='par_1_5' title="bbox 414 2044 1519 2457">
     <span class='ocr_line' id='line_1_15' title="bbox 414 2044 1519 2134; baseline 0.002 -18"><span class='ocrx_word' id='word_1_113' title='bbox 414 2059 560 2130; x_wconf 69' lang='lat' dir='ltr'>fibellum,</span> <span class='ocrx_word' id='word_1_114' title='bbox 589 2076 661 2132; x_wconf 87' lang='lat' dir='ltr'>qnos</span> <span class='ocrx_word' id='word_1_115' title='bbox 690 2075 814 2132; x_wconf 84' lang='lat' dir='ltr'>praeesse</span> <span class='ocrx_word' id='word_1_116' title='bbox 841 2055 1013 2113; x_wconf 82' lang='lat' dir='ltr'>exercitibus</span> <span class='ocrx_word' id='word_1_117' title='bbox 1043 2067 1197 2131; x_wconf 82' lang='lat' dir='ltr'>oporteret.</span> <span class='ocrx_word' id='word_1_118' title='bbox 1244 2056 1400 2134; x_wconf 79' lang='lat' dir='ltr'>Principes</span> <span class='ocrx_word' id='word_1_119' title='bbox 1429 2044 1519 2118; x_wconf 57' lang='lat' dir='ltr'>inter³</span> 
     </span>
     <span class='ocr_line' id='line_1_16' title="bbox 444 2140 1519 2239; baseline 0.002 -17"><span class='ocrx_word' id='word_1_120' title='bbox 444 2164 622 2224; x_wconf 86' lang='lat' dir='ltr'>decemviros</span> <span class='ocrx_word' id='word_1_121' title='bbox 661 2171 744 2221; x_wconf 89' lang='lat' dir='ltr'>erant</span> <span class='ocrx_word' id='word_1_122' title='bbox 778 2161 815 2236; x_wconf 81' lang='lat' dir='ltr'>Q.</span> <span class='ocrx_word' id='word_1_123' title='bbox 846 2161 957 2219; x_wconf 85' lang='lat' dir='ltr'>Fabius</span> <span class='ocrx_word' id='word_1_124' title='bbox 992 2170 1020 2219; x_wconf 87' lang='lat' dir='ltr'>et</span> <span class='ocrx_word' id='word_1_125' title='bbox 1055 2165 1135 2239; x_wconf 86' lang='lat' dir='ltr'>App.</span> <span class='ocrx_word' id='word_1_126' title='bbox 1167 2153 1316 2222; x_wconf 79' lang='lat' dir='ltr'>Claudios.</span> <span class='ocrx_word' id='word_1_127' title='bbox 1384 2140 1519 2224; x_wconf 87' lang='lat' dir='ltr'>Bellum</span> 
     </span>
     <span class='ocr_line' id='line_1_17' title="bbox 444 2266 1495 2347; baseline 0.003 -19"><span class='ocrx_word' id='word_1_128' title='bbox 444 2270 522 2329; x_wconf 91' lang='lat' dir='ltr'>domi</span> <span class='ocrx_word' id='word_1_129' title='bbox 544 2269 637 2328; x_wconf 85' lang='lat' dir='ltr'>maius</span> <span class='ocrx_word' id='word_1_130' title='bbox 651 2286 738 2344; x_wconf 90' lang='lat' dir='ltr'>quam</span> <span class='ocrx_word' id='word_1_131' title='bbox 756 2266 829 2324; x_wconf 84' lang='lat' dir='ltr'>foris</span> <span class='ocrx_word' id='word_1_132' title='bbox 844 2268 1014 2343; x_wconf 83' lang='lat' dir='ltr'>apparebat.</span> <span class='ocrx_word' id='word_1_133' title='bbox 1060 2267 1152 2344; x_wconf 83' lang='lat' dir='ltr'>Appii</span> <span class='ocrx_word' id='word_1_134' title='bbox 1172 2268 1340 2326; x_wconf 88' lang='lat' dir='ltr'>violentiam</span> <span class='ocrx_word' id='word_1_135' title='bbox 1355 2274 1495 2347; x_wconf 77' lang='lat' dir='ltr'>aptiorem</span> 
     </span>
     <span class='ocr_line' id='line_1_18' title="bbox 443 2373 1495 2457; baseline 0.002 -22"><span class='ocrx_word' id='word_1_136' title='bbox 443 2378 499 2435; x_wconf 88' lang='lat' dir='ltr'>rati</span> <span class='ocrx_word' id='word_1_137' title='bbox 529 2377 566 2447; x_wconf 79' lang='lat' dir='ltr'>ad</span> <span class='ocrx_word' id='word_1_138' title='bbox 596 2373 825 2451; x_wconf 87' lang='lat' dir='ltr'>comprimendos</span> <span class='ocrx_word' id='word_1_139' title='bbox 856 2374 982 2431; x_wconf 88' lang='lat' dir='ltr'>urbanos</span> <span class='ocrx_word' id='word_1_140' title='bbox 1015 2381 1126 2443; x_wconf 80' lang='lat' dir='ltr'>motus3</span> <span class='ocrx_word' id='word_1_141' title='bbox 1159 2374 1189 2431; x_wconf 91' lang='lat' dir='ltr'>iu</span> <span class='ocrx_word' id='word_1_142' title='bbox 1217 2375 1311 2457; x_wconf 69' lang='lat' dir='ltr'>Fabio</span> <span class='ocrx_word' id='word_1_143' title='bbox 1345 2377 1444 2436; x_wconf 90' lang='lat' dir='ltr'>minus</span> <span class='ocrx_word' id='word_1_144' title='bbox 1471 2381 1495 2436; x_wconf 92' lang='lat' dir='ltr'>in</span> 
     </span>
    </p>

    <p class='ocr_par' dir='ltr' id='par_1_6' title="bbox 347 2476 1520 4348">
     <span class='ocr_line' id='line_1_19' title="bbox 413 2476 1520 2555; baseline 0.003 -14"><span class='ocrx_word' id='word_1_145' title='bbox 413 2485 520 2548; x_wconf 70' lang='lat' dir='ltr'>abono</span> <span class='ocrx_word' id='word_1_146' title='bbox 542 2490 676 2541; x_wconf 81' lang='lat' dir='ltr'>constans</span> <span class='ocrx_word' id='word_1_147' title='bbox 698 2498 785 2555; x_wconf 86' lang='lat' dir='ltr'>quam</span> <span class='ocrx_word' id='word_1_148' title='bbox 805 2498 914 2537; x_wconf 89' lang='lat' dir='ltr'>navum</span> <span class='ocrx_word' id='word_1_149' title='bbox 934 2479 965 2536; x_wconf 92' lang='lat' dir='ltr'>in</span> <span class='ocrx_word' id='word_1_150' title='bbox 985 2479 1095 2538; x_wconf 80' lang='lat' dir='ltr'>malitis</span> <span class='ocrx_word' id='word_1_151' title='bbox 1115 2479 1260 2555; x_wconf 81' lang='lat' dir='ltr'>ingenium</span> <span class='ocrx_word' id='word_1_152' title='bbox 1289 2502 1364 2543; x_wconf 89' lang='lat' dir='ltr'>esse.</span> <span class='ocrx_word' id='word_1_153' title='bbox 1414 2476 1520 2544; x_wconf 85' lang='lat' dir='ltr'>Hunc¹</span> 
     </span>
     <span class='ocr_line' id='line_1_20' title="bbox 443 2585 1497 2662; baseline 0.003 -15"><span class='ocrx_word' id='word_1_154' title='bbox 443 2589 518 2647; x_wconf 90' lang='lat' dir='ltr'>enim</span> <span class='ocrx_word' id='word_1_155' title='bbox 548 2588 658 2657; x_wconf 87' lang='lat' dir='ltr'>virum,</span> <span class='ocrx_word' id='word_1_156' title='bbox 690 2585 836 2662; x_wconf 85' lang='lat' dir='ltr'>egregium</span> <span class='ocrx_word' id='word_1_157' title='bbox 869 2586 937 2644; x_wconf 89' lang='lat' dir='ltr'>olim</span> <span class='ocrx_word' id='word_1_158' title='bbox 969 2586 1048 2644; x_wconf 91' lang='lat' dir='ltr'>domi</span> <span class='ocrx_word' id='word_1_159' title='bbox 1076 2586 1256 2662; x_wconf 77' lang='lat' dir='ltr'>militiaeque,</span> <span class='ocrx_word' id='word_1_160' title='bbox 1285 2589 1497 2650; x_wconf 81' lang='lat' dir='ltr'>decemviratus</span> 
     </span>
     <span class='ocr_line' id='line_1_21' title="bbox 443 2691 1497 2770; baseline 0.002 -18"><span class='ocrx_word' id='word_1_161' title='bbox 443 2693 617 2770; x_wconf 72' lang='lat' dir='ltr'>collegaque</span> <span class='ocrx_word' id='word_1_162' title='bbox 636 2694 679 2750; x_wconf 90' lang='lat' dir='ltr'>ita</span> <span class='ocrx_word' id='word_1_163' title='bbox 699 2700 896 2763; x_wconf 87' lang='lat' dir='ltr'>mutaverant,</span> <span class='ocrx_word' id='word_1_164' title='bbox 924 2701 956 2749; x_wconf 94' lang='lat' dir='ltr'>nt</span> <span class='ocrx_word' id='word_1_165' title='bbox 976 2691 1069 2768; x_wconf 82' lang='lat' dir='ltr'>Appii</span> <span class='ocrx_word' id='word_1_166' title='bbox 1089 2709 1177 2766; x_wconf 88' lang='lat' dir='ltr'>qnam</span> <span class='ocrx_word' id='word_1_167' title='bbox 1198 2692 1243 2748; x_wconf 89' lang='lat' dir='ltr'>sui</span> <span class='ocrx_word' id='word_1_168' title='bbox 1269 2694 1373 2754; x_wconf 89' lang='lat' dir='ltr'>similis</span> <span class='ocrx_word' id='word_1_169' title='bbox 1402 2701 1497 2756; x_wconf 88' lang='lat' dir='ltr'>mallet</span> 
     </span>
     <span class='ocr_line' id='line_1_22' title="bbox 443 2797 1497 2875; baseline 0.001 -17"><span class='ocrx_word' id='word_1_170' title='bbox 443 2818 513 2860; x_wconf 87' lang='lat' dir='ltr'>esse.</span> <span class='ocrx_word' id='word_1_171' title='bbox 561 2799 640 2858; x_wconf 87' lang='lat' dir='ltr'>Huic</span> <span class='ocrx_word' id='word_1_172' title='bbox 665 2797 771 2856; x_wconf 90' lang='lat' dir='ltr'>bellum</span> <span class='ocrx_word' id='word_1_173' title='bbox 798 2798 828 2855; x_wconf 90' lang='lat' dir='ltr'>in</span> <span class='ocrx_word' id='word_1_174' title='bbox 857 2798 989 2870; x_wconf 83' lang='lat' dir='ltr'>Sabinis,</span> <span class='ocrx_word' id='word_1_175' title='bbox 1019 2799 1068 2857; x_wconf 89' lang='grc' dir='ltr'>Μ’.</span> <span class='ocrx_word' id='word_1_176' title='bbox 1089 2798 1231 2856; x_wconf 80' lang='lat' dir='ltr'>Rabuleio</span> <span class='ocrx_word' id='word_1_177' title='bbox 1261 2809 1291 2857; x_wconf 91' lang='lat' dir='ltr'>et</span> <span class='ocrx_word' id='word_1_178' title='bbox 1312 2800 1350 2875; x_wconf 81' lang='lat' dir='ltr'>Q.</span> <span class='ocrx_word' id='word_1_179' title='bbox 1375 2805 1497 2863; x_wconf 82' lang='lat' dir='ltr'>Poetelio</span> 
     </span>
     <span class='ocr_line' id='line_1_23' title="bbox 394 2901 1498 2981; baseline -0.002 -15"><span class='ocrx_word' id='word_1_180' title='bbox 394 2905 549 2966; x_wconf 76' lang='lat' dir='ltr'>scanditis</span> <span class='ocrx_word' id='word_1_181' title='bbox 570 2905 702 2981; x_wconf 86' lang='lat' dir='ltr'>collegis,</span> <span class='ocrx_word' id='word_1_182' title='bbox 723 2905 902 2966; x_wconf 87' lang='lat' dir='ltr'>mandatnm.</span> <span class='ocrx_word' id='word_1_183' title='bbox 947 2905 988 2965; x_wconf 79' lang='lat' dir='ltr'>M.</span> <span class='ocrx_word' id='word_1_184' title='bbox 1011 2901 1162 2963; x_wconf 88' lang='lat' dir='ltr'>Cornelius</span> <span class='ocrx_word' id='word_1_185' title='bbox 1182 2903 1212 2960; x_wconf 91' lang='lat' dir='ltr'>in</span> <span class='ocrx_word' id='word_1_186' title='bbox 1230 2904 1372 2980; x_wconf 79' lang='lat' dir='ltr'>Algidum</span> <span class='ocrx_word' id='word_1_187' title='bbox 1394 2912 1498 2968; x_wconf 81' lang='lat' dir='ltr'>missus</span> 
     </span>
     <span class='ocr_line' id='line_1_24' title="bbox 443 2985 1497 3094; baseline 0.004 -28"><span class='ocrx_word' id='word_1_188' title='bbox 443 3027 508 3066; x_wconf 70' lang='lat' dir='ltr'>sum</span> <span class='ocrx_word' id='word_1_189' title='bbox 536 3009 570 3068; x_wconf 81' lang='lat' dir='ltr'>n.</span> <span class='ocrx_word' id='word_1_190' title='bbox 593 3009 722 3068; x_wconf 69' lang='lat' dir='ltr'>Minucio</span> <span class='ocrx_word' id='word_1_191' title='bbox 743 2985 772 3066; x_wconf 73' lang='lat' dir='ltr'>b</span> <span class='ocrx_word' id='word_1_192' title='bbox 799 3011 834 3069; x_wconf 83' lang='grc' dir='ltr'>Τ.</span> <span class='ocrx_word' id='word_1_193' title='bbox 858 3009 988 3068; x_wconf 72' lang='lat' dir='ltr'>Antonio</span> <span class='ocrx_word' id='word_1_194' title='bbox 1010 3018 1039 3067; x_wconf 74' lang='lat' dir='ltr'>e</span> <span class='ocrx_word' id='word_1_195' title='bbox 1062 3009 1099 3069; x_wconf 80' lang='lat' dir='ltr'>K</span> <span class='ocrx_word' id='word_1_196' title='bbox 1128 3009 1238 3067; x_wconf 78' lang='lat' dir='ltr'>nuum</span> <span class='ocrx_word' id='word_1_197' title='bbox 1267 3022 1296 3074; x_wconf 74' lang='lat' dir='ltr'>e</span> <span class='ocrx_word' id='word_1_198' title='bbox 1316 3013 1361 3072; x_wconf 82' lang='grc' dir='ltr'>Μ.</span> <span class='ocrx_word' id='word_1_199' title='bbox 1383 3015 1497 3094; x_wconf 58' lang='lat' dir='ltr'>sarge,</span> 
     </span>
     <span class='ocr_line' id='line_1_25' title="bbox 444 3113 1497 3192; baseline 0.004 -16"><span class='ocrx_word' id='word_1_200' title='bbox 444 3117 494 3192; x_wconf 88' lang='lat' dir='ltr'>Sp.</span> <span class='ocrx_word' id='word_1_201' title='bbox 531 3115 658 3192; x_wconf 89' lang='lat' dir='ltr'>Oppium</span> <span class='ocrx_word' id='word_1_202' title='bbox 690 3117 750 3191; x_wconf 89' lang='lat' dir='ltr'>Ap.</span> <span class='ocrx_word' id='word_1_203' title='bbox 784 3113 907 3174; x_wconf 84' lang='lat' dir='ltr'>Claudio</span> <span class='ocrx_word' id='word_1_204' title='bbox 939 3115 1103 3172; x_wconf 75' lang='lat' dir='ltr'>¹adiutorem</span> <span class='ocrx_word' id='word_1_205' title='bbox 1139 3115 1176 3171; x_wconf 90' lang='lat' dir='ltr'>ad</span> <span class='ocrx_word' id='word_1_206' title='bbox 1212 3117 1312 3174; x_wconf 88' lang='lat' dir='ltr'>orbem</span> <span class='ocrx_word' id='word_1_207' title='bbox 1350 3124 1497 3180; x_wconf 88' lang='lat' dir='ltr'>tuendam.</span> 
     </span>
     <span class='ocr_line' id='line_1_26' title="bbox 444 3218 1271 3297; baseline 0.004 -20"><span class='ocrx_word' id='word_1_208' title='bbox 444 3238 527 3296; x_wconf 79' lang='lat' dir='ltr'>aequo</span> <span class='ocrx_word' id='word_1_209' title='bbox 551 3218 678 3278; x_wconf 90' lang='lat' dir='ltr'>omnium</span> <span class='ocrx_word' id='word_1_210' title='bbox 699 3221 926 3280; x_wconf 84' lang='lat' dir='ltr'>decemvirorum</span> <span class='ocrx_word' id='word_1_211' title='bbox 952 3222 1082 3297; x_wconf 88' lang='lat' dir='ltr'>imperio,</span> <span class='ocrx_word' id='word_1_212' title='bbox 1107 3220 1271 3280; x_wconf 85' lang='lat' dir='ltr'>decernunt.</span> 
     </span>
     <span class='ocr_line' id='line_1_27' title="bbox 347 3320 1499 3402; baseline 0.002 -14"><span class='ocrx_word' id='word_1_213' title='bbox 347 3320 391 3388; x_wconf 74' lang='lat'>42</span> <span class='ocrx_word' id='word_1_214' title='bbox 526 3325 625 3384; x_wconf 87' lang='lat' dir='ltr'>Nihilo</span> <span class='ocrx_word' id='word_1_215' title='bbox 648 3327 754 3384; x_wconf 79' lang='lat' dir='ltr'>militias</span> <span class='ocrx_word' id='word_1_216' title='bbox 775 3345 863 3402; x_wconf 83' lang='lat' dir='ltr'>quam</span> <span class='ocrx_word' id='word_1_217' title='bbox 877 3327 956 3384; x_wconf 88' lang='lat' dir='ltr'>domi</span> <span class='ocrx_word' id='word_1_218' title='bbox 969 3327 1070 3386; x_wconf 88' lang='lat' dir='ltr'>melius</span> <span class='ocrx_word' id='word_1_219' title='bbox 1090 3343 1137 3384; x_wconf 89' lang='lat' dir='ltr'>res</span> <span class='ocrx_word' id='word_1_220' title='bbox 1158 3328 1274 3402; x_wconf 85' lang='lat' dir='ltr'>publica</span> <span class='ocrx_word' id='word_1_221' title='bbox 1294 3330 1499 3391; x_wconf 85' lang='lat' dir='ltr'>administrata</span> 
     </span>
     <span class='ocr_line' id='line_1_28' title="bbox 412 3415 1497 3508; baseline 0.01 -20"><span class='ocrx_word' id='word_1_222' title='bbox 412 3415 495 3489; x_wconf 79' lang='lat' dir='ltr'>2est.</span> <span class='ocrx_word' id='word_1_223' title='bbox 542 3430 598 3489; x_wconf 93' lang='lat' dir='ltr'>llla</span> <span class='ocrx_word' id='word_1_224' title='bbox 619 3432 705 3489; x_wconf 89' lang='lat' dir='ltr'>modo</span> <span class='ocrx_word' id='word_1_225' title='bbox 727 3433 756 3489; x_wconf 92' lang='lat' dir='ltr'>in</span> <span class='ocrx_word' id='word_1_226' title='bbox 778 3432 899 3490; x_wconf 90' lang='lat' dir='ltr'>ducibus</span> <span class='ocrx_word' id='word_1_227' title='bbox 920 3432 1020 3508; x_wconf 85' lang='lat' dir='ltr'>culpa,</span> <span class='ocrx_word' id='word_1_228' title='bbox 1044 3433 1136 3508; x_wconf 90' lang='lat' dir='ltr'>quod,</span> <span class='ocrx_word' id='word_1_229' title='bbox 1164 3443 1197 3491; x_wconf 90' lang='lat' dir='ltr'>ut</span> <span class='ocrx_word' id='word_1_230' title='bbox 1217 3435 1286 3492; x_wconf 91' lang='lat' dir='ltr'>odio</span> <span class='ocrx_word' id='word_1_231' title='bbox 1308 3449 1408 3496; x_wconf 85' lang='lat' dir='ltr'>essent</span> <span class='ocrx_word' id='word_1_232' title='bbox 1431 3442 1497 3499; x_wconf 81' lang='lat' dir='ltr'>ciri·</span> 
     </span>
     <span class='ocr_line' id='line_1_29' title="bbox 442 3536 1497 3620; baseline 0.008 -26"><span class='ocrx_word' id='word_1_233' title='bbox 442 3539 505 3606; x_wconf 87' lang='lat' dir='ltr'>bus,</span> <span class='ocrx_word' id='word_1_234' title='bbox 526 3536 669 3609; x_wconf 83' lang='lat' dir='ltr'>lacerant3</span> <span class='ocrx_word' id='word_1_235' title='bbox 702 3539 760 3596; x_wconf 87' lang='lat' dir='ltr'>alia</span> <span class='ocrx_word' id='word_1_236' title='bbox 780 3537 874 3596; x_wconf 89' lang='lat' dir='ltr'>omnis</span> <span class='ocrx_word' id='word_1_237' title='bbox 902 3555 990 3613; x_wconf 90' lang='lat' dir='ltr'>penes</span> <span class='ocrx_word' id='word_1_238' title='bbox 1011 3537 1116 3596; x_wconf 86' lang='lat' dir='ltr'>milites</span> <span class='ocrx_word' id='word_1_239' title='bbox 1139 3540 1228 3598; x_wconf 84' lang='lat' dir='ltr'>noxia</span> <span class='ocrx_word' id='word_1_240' title='bbox 1248 3551 1328 3614; x_wconf 89' lang='lat' dir='ltr'>erat,</span> <span class='ocrx_word' id='word_1_241' title='bbox 1364 3547 1433 3620; x_wconf 89' lang='lat' dir='ltr'>qui,</span> <span class='ocrx_word' id='word_1_242' title='bbox 1465 3568 1497 3604; x_wconf 88' lang='lat' dir='ltr'>ne</span> 
     </span>
     <span class='ocr_line' id='line_1_30' title="bbox 442 3642 1497 3727; baseline 0.009 -25"><span class='ocrx_word' id='word_1_243' title='bbox 442 3644 511 3719; x_wconf 90' lang='lat' dir='ltr'>quid</span> <span class='ocrx_word' id='word_1_244' title='bbox 543 3643 629 3702; x_wconf 90' lang='lat' dir='ltr'>ductu</span> <span class='ocrx_word' id='word_1_245' title='bbox 663 3655 750 3719; x_wconf 88' lang='lat' dir='ltr'>atque</span> <span class='ocrx_word' id='word_1_246' title='bbox 781 3642 909 3718; x_wconf 87' lang='lat' dir='ltr'>auspicio</span> <span class='ocrx_word' id='word_1_247' title='bbox 943 3643 1170 3703; x_wconf 88' lang='lat' dir='ltr'>decemvirorum</span> <span class='ocrx_word' id='word_1_248' title='bbox 1203 3664 1342 3723; x_wconf 88' lang='lat' dir='ltr'>prospere</span> <span class='ocrx_word' id='word_1_249' title='bbox 1372 3670 1497 3727; x_wconf 89' lang='lat' dir='ltr'>usquam</span> 
     </span>
     <span class='ocr_line' id='line_1_31' title="bbox 441 3748 1496 3830; baseline 0.009 -24"><span class='ocrx_word' id='word_1_250' title='bbox 441 3757 596 3825; x_wconf 81' lang='lat' dir='ltr'>gereretur,</span> <span class='ocrx_word' id='word_1_251' title='bbox 617 3749 693 3807; x_wconf 88' lang='lat' dir='ltr'>vinci</span> <span class='ocrx_word' id='word_1_252' title='bbox 714 3768 746 3806; x_wconf 91' lang='lat' dir='ltr'>se</span> <span class='ocrx_word' id='word_1_253' title='bbox 766 3768 820 3825; x_wconf 89' lang='lat' dir='ltr'>per</span> <span class='ocrx_word' id='word_1_254' title='bbox 840 3767 924 3808; x_wconf 89' lang='lat' dir='ltr'>suum</span> <span class='ocrx_word' id='word_1_255' title='bbox 947 3755 1035 3823; x_wconf 88' lang='lat' dir='ltr'>atque</span> <span class='ocrx_word' id='word_1_256' title='bbox 1054 3748 1169 3808; x_wconf 90' lang='lat' dir='ltr'>illorum</span> <span class='ocrx_word' id='word_1_257' title='bbox 1191 3751 1314 3810; x_wconf 89' lang='lat' dir='ltr'>dedecus</span> <span class='ocrx_word' id='word_1_258' title='bbox 1342 3757 1496 3830; x_wconf 87' lang='lat' dir='ltr'>patieban-</span> 
     </span>
     <span class='ocr_line' id='line_1_32' title="bbox 411 3855 1496 3939; baseline 0.005 -27"><span class='ocrx_word' id='word_1_259' title='bbox 411 3864 496 3920; x_wconf 84' lang='lat' dir='ltr'>3tur.</span> <span class='ocrx_word' id='word_1_260' title='bbox 543 3855 615 3914; x_wconf 83' lang='lat' dir='ltr'>Fosi</span> <span class='ocrx_word' id='word_1_261' title='bbox 638 3856 726 3913; x_wconf 84' lang='lat' dir='ltr'>stab</span> <span class='ocrx_word' id='word_1_262' title='bbox 750 3855 866 3914; x_wconf 84' lang='lat' dir='ltr'>Sabinis</span> <span class='ocrx_word' id='word_1_263' title='bbox 887 3855 925 3912; x_wconf 86' lang='lat' dir='ltr'>ad</span> <span class='ocrx_word' id='word_1_264' title='bbox 945 3855 1066 3912; x_wconf 87' lang='lat' dir='ltr'>Eretum</span> <span class='ocrx_word' id='word_1_265' title='bbox 1096 3865 1124 3914; x_wconf 92' lang='lat' dir='ltr'>et</span> <span class='ocrx_word' id='word_1_266' title='bbox 1144 3856 1174 3914; x_wconf 92' lang='lat' dir='ltr'>in</span> <span class='ocrx_word' id='word_1_267' title='bbox 1196 3857 1304 3932; x_wconf 89' lang='lat' dir='ltr'>Algido</span> <span class='ocrx_word' id='word_1_268' title='bbox 1326 3862 1365 3918; x_wconf 93' lang='lat' dir='ltr'>ab</span> <span class='ocrx_word' id='word_1_269' title='bbox 1386 3863 1496 3939; x_wconf 69' lang='lat' dir='ltr'>AEquis</span> 
     </span>
     <span class='ocr_line' id='line_1_33' title="bbox 441 3960 1494 4045; baseline 0.008 -27"><span class='ocrx_word' id='word_1_270' title='bbox 441 3962 583 4020; x_wconf 87' lang='lat' dir='ltr'>exercitus</span> <span class='ocrx_word' id='word_1_271' title='bbox 605 3969 697 4020; x_wconf 86' lang='lat' dir='ltr'>erant.</span> <span class='ocrx_word' id='word_1_272' title='bbox 744 3962 794 4018; x_wconf 85' lang='lat' dir='ltr'>Ab</span> <span class='ocrx_word' id='word_1_273' title='bbox 816 3961 907 4018; x_wconf 84' lang='lat' dir='ltr'>Ereto</span> <span class='ocrx_word' id='word_1_274' title='bbox 927 3979 979 4036; x_wconf 89' lang='lat' dir='ltr'>per</span> <span class='ocrx_word' id='word_1_275' title='bbox 1002 3960 1146 4020; x_wconf 89' lang='lat' dir='ltr'>silentium</span> <span class='ocrx_word' id='word_1_276' title='bbox 1167 3963 1260 4020; x_wconf 90' lang='lat' dir='ltr'>noctis</span> <span class='ocrx_word' id='word_1_277' title='bbox 1287 3965 1405 4043; x_wconf 84' lang='lat' dir='ltr'>profugi</span> <span class='ocrx_word' id='word_1_278' title='bbox 1429 3989 1494 4045; x_wconf 87' lang='lat' dir='ltr'>pro·</span> 
     </span>
     <span class='ocr_line' id='line_1_34' title="bbox 378 4045 1497 4143; baseline 0.009 -19"><span class='ocrx_word' id='word_1_279' title='bbox 378 4045 380 4051; x_wconf 68' lang='lat'>,</span> <span class='ocrx_word' id='word_1_280' title='bbox 440 4067 505 4143; x_wconf 89' lang='lat' dir='ltr'>pins</span> <span class='ocrx_word' id='word_1_281' title='bbox 526 4068 635 4138; x_wconf 88' lang='lat' dir='ltr'>urbem,</span> <span class='ocrx_word' id='word_1_282' title='bbox 656 4066 731 4123; x_wconf 89' lang='lat' dir='ltr'>inter</span> <span class='ocrx_word' id='word_1_283' title='bbox 751 4066 877 4123; x_wconf 84' lang='lat' dir='ltr'>Fidenas</span> <span class='ocrx_word' id='word_1_284' title='bbox 899 4064 1191 4142; x_wconf 83' lang='lat' dir='ltr'>Crustumeriamque,</span> <span class='ocrx_word' id='word_1_285' title='bbox 1211 4070 1276 4127; x_wconf 90' lang='lat' dir='ltr'>loco</span> <span class='ocrx_word' id='word_1_286' title='bbox 1297 4070 1376 4129; x_wconf 88' lang='lat' dir='ltr'>edito</span> <span class='ocrx_word' id='word_1_287' title='bbox 1398 4087 1497 4134; x_wconf 82' lang='lat' dir='ltr'>castra</span> 
     </span>
     <span class='ocr_line' id='line_1_35' title="bbox 411 4172 1495 4251; baseline 0.007 -23"><span class='ocrx_word' id='word_1_288' title='bbox 411 4172 679 4241; x_wconf 78' lang='lat' dir='ltr'>lcommunierant3</span> <span class='ocrx_word' id='word_1_289' title='bbox 701 4172 858 4248; x_wconf 89' lang='lat' dir='ltr'>persecutis</span> <span class='ocrx_word' id='word_1_290' title='bbox 871 4172 1002 4230; x_wconf 90' lang='lat' dir='ltr'>hostibus</span> <span class='ocrx_word' id='word_1_291' title='bbox 1016 4191 1158 4248; x_wconf 89' lang='lat' dir='ltr'>nusquam</span> <span class='ocrx_word' id='word_1_292' title='bbox 1180 4193 1211 4231; x_wconf 86' lang='lat' dir='ltr'>se</span> <span class='ocrx_word' id='word_1_293' title='bbox 1232 4193 1315 4251; x_wconf 72' lang='lat' dir='ltr'>aequo</span> <span class='ocrx_word' id='word_1_294' title='bbox 1337 4181 1495 4238; x_wconf 83' lang='lat' dir='ltr'>certamine</span> 
     </span>
     <span class='ocr_line' id='line_1_36' title="bbox 441 4277 1494 4348; baseline 0.006 -14"><span class='ocrx_word' id='word_1_295' title='bbox 441 4278 664 4348; x_wconf 87' lang='lat' dir='ltr'>committentes,</span> <span class='ocrx_word' id='word_1_296' title='bbox 695 4287 800 4334; x_wconf 87' lang='lat' dir='ltr'>natura</span> <span class='ocrx_word' id='word_1_297' title='bbox 831 4277 888 4335; x_wconf 92' lang='lat' dir='ltr'>loci</span> <span class='ocrx_word' id='word_1_298' title='bbox 917 4297 952 4334; x_wconf 87' lang='lat' dir='ltr'>ac</span> <span class='ocrx_word' id='word_1_299' title='bbox 980 4279 1073 4347; x_wconf 86' lang='lat' dir='ltr'>vallo,</span> <span class='ocrx_word' id='word_1_300' title='bbox 1105 4297 1164 4337; x_wconf 89' lang='lat' dir='ltr'>non</span> <span class='ocrx_word' id='word_1_301' title='bbox 1191 4281 1297 4339; x_wconf 82' lang='lat' dir='ltr'>virtute</span> <span class='ocrx_word' id='word_1_302' title='bbox 1324 4292 1376 4340; x_wconf 91' lang='lat' dir='ltr'>aut</span> <span class='ocrx_word' id='word_1_303' title='bbox 1405 4287 1494 4342; x_wconf 75' lang='lat' dir='ltr'>armis</span> 
     </span>
    </p>
   </div>
   <div class='ocr_carea' id='block_1_3' title="bbox 0 0 1705 5084">
    <p class='ocr_par' dir='ltr' id='par_1_7' title="bbox 0 0 1705 5084">
     <span class='ocr_line' id='line_1_37' title="bbox 0 0 1705 5084; baseline 0 0"><span class='ocrx_word' id='word_1_304' title='bbox 0 0 1705 5084; x_wconf 95' lang='lat' dir='ltr'> </span> 
     </span>
    </p>
   </div>
  </div>
 </body>
</html>
