3392 5084
464 538 504 595 90
636 490 649 524 Ι
771 533 851 584 uuor
863 531 899 582 11.
934 531 978 596 (Δ.
989 548 1014 582 u.
1025 547 1048 581 c.
1060 531 1134 597 860.)

425 720 520 778 edicto
540 718 733 787 conveniem3
755 718 805 775 sed
825 726 855 774 et
875 715 985 774 homini
1007 726 1036 773 et
1050 716 1189 792 potestati
1210 717 1313 775 melius
1334 718 1391 775 rati
1405 718 1484 786 credi

396 823 535 886 lomisso
566 823 724 880 certamine
754 823 875 881 nomine
906 821 1023 880 dedere.
1080 819 1214 894 Quantus
1242 838 1391 896 nunquam
1425 831 1484 878 ante

424 929 579 999 exercitus,
601 928 731 1002 legiones
752 927 852 985 decem
868 925 995 997 effectum
1018 933 1108 982 ternae
1129 927 1196 984 inde
1218 928 1294 986 data
1315 927 1483 996 consulibus,

425 1042 565 1108 quattuor
585 1033 711 1090 dictator
734 1050 812 1090 usus.

394 1146 412 1203 8
507 1139 573 1196 Nec
592 1138 653 1195 ism
673 1146 792 1213 poterat
810 1136 917 1195 bellum
933 1133 1052 1197 differri.
1095 1137 1190 1210 AEqui
1203 1137 1375 1194 Latinorum
1388 1155 1483 1212 agrum

424 1245 601 1304 invaserant.
656 1243 799 1302 Oratores
820 1241 993 1299 Latinorum
1015 1242 1053 1298 ab
1080 1251 1182 1299 senatu
1204 1243 1358 1317 petebant,
1389 1250 1423 1299 ut
1442 1251 1485 1298 eut

425 1350 571 1406 mitterent
600 1349 759 1406 subsidium
788 1356 840 1404 aut
861 1365 892 1403 se
913 1346 993 1421 ipsos
1017 1347 1190 1406 tuendorum
1211 1348 1310 1406 finium
1333 1367 1424 1404 causa
1443 1365 1483 1404 cs-

394 1459 495 1528 9pere
516 1472 600 1511 arma
620 1455 756 1513 sinerent.
804 1452 911 1509 Tutius
940 1452 1035 1509 visum
1065 1461 1110 1510 est
1140 1452 1256 1512 defendi
1284 1453 1410 1510 inermes
1434 1454 1484 1509 Le-

424 1558 501 1615 tinos
525 1577 613 1633 quarn
634 1558 698 1633 pati
718 1566 879 1614 retrectare
901 1575 993 1613 arms.
1036 1557 1176 1616 Vetusius
1197 1559 1299 1616 consul
1313 1558 1419 1616 missus
1434 1569 1484 1626 eet;

424 1665 450 1722 is
478 1665 544 1721 finis
567 1661 805 1738 populationibus
825 1661 890 1722 fuit.
950 1661 1073 1720 Cessere
1092 1665 1187 1740 AEqui
1208 1664 1338 1741 campis,
1370 1664 1484 1737 locoque

425 1769 519 1845 magis
544 1786 633 1841 quam
656 1767 745 1824 armis
770 1765 837 1823 freti
858 1767 979 1824 summis
1002 1785 1033 1824 se
1053 1768 1130 1844 iugis
1152 1771 1293 1828 montium
1315 1771 1483 1828 tutabantur.

377 1887 413 1943 ιο
426 1875 512 1933 Alter
533 1873 635 1931 consul
655 1873 686 1928 in
710 1873 834 1930 Volscos
856 1869 1023 1946 proiectus,
1043 1892 1081 1931 ne
1103 1875 1215 1950 etipse
1239 1883 1346 1933 tereret
1371 1884 1484 1948 tempus,

423 1979 576 2036 vastandis
597 1979 725 2036 maxime
744 1979 822 2053 egris
842 1978 955 2034 hostem
989 1979 1028 2035 ed
1048 1979 1225 2039 conferenda
1246 1981 1368 2056 propius
1397 1988 1484 2036 eostre

377 2098 409 2152 11
425 2084 679 2158 dimicandumque
701 2085 763 2142 acie
785 2083 901 2142 excivit.
950 2082 1050 2140 Medio
1070 2085 1147 2142 inter
1168 2094 1265 2144 cestra
1288 2103 1404 2160 cumpo,
1426 2091 1484 2140 ente

426 2209 510 2248 suum
532 2190 655 2265 quisque
683 2190 812 2257 vallum,
843 2185 955 2246 infestis
982 2188 1073 2262 signis
1100 2192 1264 2248 constitere.
1308 2189 1483 2248 Multitudine

427 2296 607 2370 aliquantum
639 2295 742 2353 Volsci
771 2294 966 2369 superabant3
996 2294 1096 2367 itaque
1130 2293 1213 2352 effusi
1245 2305 1274 2353 et
1306 2292 1482 2368 contemptim

379 2411 555 2477 12pugnam
575 2399 676 2456 iniere.
742 2397 854 2457 Consul
877 2399 1029 2456 Romanus
1053 2416 1107 2455 nec
1128 2399 1276 2473 promovit
1297 2400 1409 2469 eciem,
1439 2414 1483 2453 nee
1523 2423 1524 2509 p

427 2506 584 2563 clamorem
610 2503 694 2560 reddi
716 2519 830 2576 pessus,
858 2503 961 2560 defixis
982 2503 1049 2578 pilis
1071 2512 1150 2562 sture
1171 2523 1240 2561 suos
1261 2505 1362 2562 iussit:
1385 2505 1432 2562 ubi
1452 2501 1483 2559 ad

427 2627 545 2668 manum
567 2607 695 2666 venisset
714 2608 827 2678 hostis,
863 2618 924 2665 tum
947 2619 1064 2666 coortos
1088 2617 1152 2666 tota
1178 2610 1209 2665 vi
1229 2610 1336 2684 gladiis
1363 2630 1422 2667 rem
1442 2626 1483 2682 ge·
1522 2639 1523 2656 ι

378 2726 414 2781 13
427 2734 501 2775 rere.
555 2712 658 2770 Volsci
687 2729 773 2769 cumn
795 2721 824 2768 et
845 2713 972 2770 clamore
999 2713 1069 2770 fessi
1091 2733 1179 2789 quum
1202 2735 1233 2772 se
1253 2715 1336 2774 velut
1356 2712 1483 2790 stupenti·
1522 2689 1523 2752 l

427 2822 482 2878 bus
503 2827 583 2876 metu
603 2816 767 2874 intulissent
786 2817 939 2889 Romanis,
960 2827 1115 2894 postquam
1137 2819 1358 2894 impressionem
1380 2834 1484 2877 sensere

428 2945 465 2982 ex
488 2925 611 2981 adverso
632 2922 741 2981 iactum
763 2933 792 2979 et
812 2931 881 2980 ante
903 2923 1003 2981 oculos
1025 2924 1133 2982 micare
1154 2925 1283 2999 gladios,
1311 2925 1391 2982 haud
1412 2937 1483 2980 secus
1521 2945 1522 2996 3

428 3029 562 3106 quamsi
582 3029 611 3085 in
634 3029 754 3085 insidias
775 3028 953 3097 incidissent,
975 3029 1084 3086 turbati
1100 3038 1218 3086 vertunt
1229 3038 1325 3106 terga3
1349 3043 1379 3086 et
1398 3049 1434 3086 ne
1453 3025 1483 3082 ed

427 3135 527 3212 fugam
551 3135 667 3211 quidem
689 3135 760 3191 satis
781 3134 888 3190 virium
911 3131 974 3203 fuit,
997 3133 1067 3207 quis
1088 3151 1174 3192 cursu
1193 3134 1224 3190 in
1238 3135 1381 3208 proelium
1391 3136 1481 3192 ierant·

378 3239 554 3303 14Romeni
579 3248 692 3310 contre,
714 3239 784 3313 quis
797 3239 940 3314 principio
955 3257 1059 3314 pugnes
1081 3240 1170 3314 quieti
1192 3249 1342 3312 steterant,
1364 3241 1482 3316 vigentes

426 3344 608 3418 corporibus,
629 3343 717 3401 facile
739 3345 837 3418 adepti
859 3343 953 3402 fessos
983 3353 1012 3402 et
1045 3354 1143 3402 castra
1169 3345 1279 3420 impetu
1307 3353 1442 3422 ceperunt
1460 3353 1482 3397 et

427 3449 531 3506 cestris
554 3459 673 3506 exutum
697 3451 811 3506 hostem
833 3449 963 3507 Velitras
984 3450 1128 3525 persecuti
1149 3469 1207 3506 uno
1230 3453 1346 3526 agmine
1368 3453 1481 3510 victores

379 3564 415 3619 15
427 3572 492 3612 cum
514 3554 599 3611 victis
620 3555 651 3610 in
673 3556 774 3612 urbem
796 3553 943 3629 irrupere3
972 3554 1095 3630 plusque
1116 3555 1158 3612 ibi
1177 3557 1325 3631 sanguinis
1346 3555 1481 3632 promisce

427 3659 556 3716 omnium
585 3671 724 3736 generum
753 3659 832 3715 caede
871 3677 958 3732 quem
991 3660 1020 3716 in
1057 3660 1123 3734 ipsa
1152 3661 1341 3720 dimicatione
1374 3663 1479 3720 fectum·

332 3766 372 3836 31
427 3764 535 3821 Paucis
555 3764 626 3822 data
647 3765 742 3835 venia,
763 3764 814 3839 qui
834 3764 959 3821 inermes
980 3764 1010 3822 in
1029 3763 1203 3822 deditionem
1219 3776 1370 3824 venerunt.
1412 3768 1479 3824 Dum

426 3870 489 3926 haec
508 3869 539 3925 in
554 3869 669 3926 Volscis
689 3877 838 3944 geruntur,
860 3867 985 3926 dictator
1000 3867 1136 3939 Sabinos,
1158 3870 1208 3928 ubi
1228 3870 1315 3945 longe
1337 3871 1478 3946 plurimum

396 3973 494 4037 2belli
510 3973 615 4044 fuerat,
636 3973 732 4031 fundit
742 3972 884 4048 lugetque
898 3973 1036 4046 exuitque
1051 3973 1162 4030 castris.
1206 3975 1347 4048 Equitatu
1363 3973 1479 4033 immisso
1518 4037 1519 4056 χ

427 4080 552 4136 mediam
575 4079 746 4136 turbaverat
767 4077 893 4135 hostium
915 4078 1018 4148 aciem,
1040 4095 1108 4152 que,
1130 4078 1199 4136 dum
1221 4097 1253 4137 se
1273 4097 1385 4137 cornua
1405 4076 1478 4136 latins

425 4185 572 4260 pandunt,
593 4201 697 4258 perum
725 4193 794 4259 apte
813 4182 970 4242 introrsum
993 4184 1143 4242 ordinibus
1170 4185 1262 4241 aciem
1290 4183 1478 4242 efflaverunt

425 4290 559 4346 turbatos
588 4289 679 4363 pedes
705 4289 822 4346 invasit.
866 4289 979 4348 Eodem
1004 4290 1114 4364 impetu
1137 4296 1233 4346 castra
1255 4299 1342 4365 cepte
1365 4285 1477 4347 debelle-
