3392 5084
549 536 628 587 nnn
644 536 679 587 v.
716 515 913 600 (scuni.)
1168 538 1227 595 rat

215 722 271 791 lent,
290 739 440 781 numerum
463 720 611 779 hominum
634 720 774 791 excirent,
796 740 833 779 ne
855 696 1010 796 qna'gens
1029 737 1130 777 arcere
1152 718 1272 776 adnom-

215 836 282 886 eutes
302 834 413 903 posset.
470 828 548 883 Turn
572 826 723 903 Segoveso
749 826 879 883 sortibus
908 824 970 883 dati
996 824 1138 900 Hercynii
1166 823 1273 893 saltum

186 922 192 935 ’
216 933 354 989 Belloveso
377 932 457 989 haud
479 931 568 1007 paulo
589 931 727 989 letiorem
745 932 775 989 in
791 930 910 989 Italiem
923 932 1002 989 dam
1017 930 1059 987 dii
1080 930 1202 987 dabant.
1233 930 1305 1000 let

215 1040 279 1113 quod
300 1058 315 1095 e
335 1056 391 1095 sex
412 1036 529 1112 populis
551 1037 735 1108 abundabat,
763 1036 926 1113 Bituriges,
947 1038 1115 1102 Arvernos,
1145 1036 1275 1104 Mnus,

215 1145 378 1213 Ambarros,
401 1142 561 1217 Carnutes,
593 1143 738 1201 Aulercos
768 1142 885 1203 excivit.
932 1141 1088 1199 Profectus
1108 1141 1274 1215 ingentibus

214 1251 326 1325 pediturn
348 1246 539 1324 equitumque
569 1247 660 1323 copiis
690 1248 721 1305 in
745 1248 929 1306 Tricastinos
955 1248 1044 1305 venit.
1075 1245 1180 1322 ”Alpes
1206 1247 1306 1303 indoti

215 1356 342 1431 opposita
378 1362 477 1425 eraut;
517 1371 590 1429 quas
622 1351 874 1429 inexsuperabiles
906 1353 988 1410 visas
1022 1353 1102 1409 baud
1139 1351 1273 1427 equidem
1341 1382 1343 1387 ¹

215 1462 305 1532 miror,
335 1458 488 1517 nulladum
520 1459 585 1528 vie,
618 1459 697 1533 quod
728 1460 845 1534 quidem
876 1459 1027 1521 continens
1056 1458 1199 1516 memoria
1227 1458 1275 1529 sit,

214 1568 257 1624 nisi
281 1568 316 1624 de
339 1564 471 1625 Hercule
495 1562 602 1622 fabulis
632 1565 750 1622 credere
779 1564 866 1636 libet,
895 1572 1057 1641 superatas.
1109 1564 1157 1623 Ibi
1185 1581 1274 1638 quum
1288 1565 1318 1631 7,

214 1674 279 1731 velut
289 1682 400 1749 seeptos
423 1670 564 1727 montium
580 1669 703 1727 altitudo
725 1678 836 1727 teneret
850 1669 971 1750 Gallos,
986 1671 1275 1746 circumspectarem·

213 1798 272 1854 que,
299 1794 429 1855 quanam
452 1796 505 1852 per
526 1776 626 1833 iuncta
646 1775 716 1833 celo
742 1771 813 1851 iuga
834 1776 864 1833 in
887 1757 977 1834 alium
1002 1778 1102 1835 orbem
1131 1786 1275 1835 terrarum

212 1884 366 1953 transirent,
397 1882 502 1957 religio
535 1882 622 1939 etiam
656 1880 764 1952 tenuit,
798 1881 877 1955 quod
901 1880 1022 1939 allatum
1059 1888 1112 1954 est,
1145 1884 1275 1940 advenas

214 1998 363 2063 quarentes
390 2006 494 2064 agrum
521 1988 560 2045 ab
587 1986 708 2062 Sulyum
735 1993 821 2061 gente
851 1988 1025 2063 oppugnari.
1076 1988 1307 2047 Massiliensesss
1353 2033 1356 2037 .

213 2105 283 2154 erant
310 2095 348 2166 ii,
376 2095 501 2151 navibus
526 2112 546 2150 a
567 2092 696 2150 Phocea
718 2090 849 2167 proiecti.
899 2091 935 2149 Id
958 2092 1040 2151 Galli
1067 2093 1193 2152 fortuna
1216 2112 1297 2151 sua.
1391 2123 1404 2153 ι.

213 2220 285 2257 omen
304 2200 376 2269 reti,
401 2202 553 2267 adiuvere,
583 2205 623 2266 ut,
652 2215 739 2275 quern
762 2198 889 2273 primum
910 2197 940 2255 in
963 2208 1071 2256 terram
1094 2200 1203 2274 egressi
1225 2218 1277 2256 oc·

213 2314 384 2383 supererant
418 2303 530 2372 locum,
566 2301 743 2375 patientibus
783 2302 897 2379 Sulyis,
938 2306 1158 2361 communirent.
1215 2304 1300 2381 Ipsi.

214 2432 256 2487 per
279 2412 431 2471 Taurinos
463 2408 615 2481 salemque
646 2408 748 2466 Duriae
779 2408 874 2484 Alpes
902 2411 1158 2479 transcenderunt3
1188 2410 1309 2470 lusis-9

213 2537 259 2593 que
284 2519 348 2591 acie
370 2515 476 2575 Tuscis
504 2514 584 2571 haud
606 2514 710 2590 procul
731 2515 836 2573 Ticino
864 2517 1000 2586 flumine,
1030 2535 1135 2592 quum,
1166 2516 1197 2573 in
1219 2521 1284 2590 qud

212 2625 403 2692 consederant,
427 2640 529 2697 agrurn
543 2619 710 2677 Insubrium
734 2620 876 2695 appellari
898 2622 1057 2693 audissent,
1077 2620 1279 2696 cognominem

212 2728 384 2799 insubribus,
405 2746 483 2805 pago
503 2726 680 2792 AEduornm,
701 2725 743 2783 ibi
762 2745 849 2783 omen
870 2735 1025 2801 sequentes
1046 2727 1104 2786 loci
1124 2727 1280 2785 condidere

213 2836 314 2893 urbem:
343 2834 557 2893 Mediolanium
580 2831 773 2908 appellarunt.
819 2832 893 2889 Alia
912 2833 1036 2891 subinde
1055 2850 1162 2891 manus
1184 2831 1279 2891 Ceno·-
1330 2829 1375 2899 35

213 2958 357 2999 manorum
380 2940 511 2997 Etitovio
531 2940 604 2996 duce
625 2937 751 3012 vestigia
771 2936 903 3011 priorum
925 2948 1040 3009 moute,
1068 2941 1171 2997 eodem
1191 2940 1279 3009 saltu,

213 3042 318 3103 invente
338 3044 507 3115 Belloveso,
531 3062 619 3119 quum
642 3042 870 3100 transcendisset
886 3044 990 3120 Alpes,
1012 3046 1063 3103 ubi
1083 3065 1160 3103 nuno
1174 3045 1279 3103 Brixia
1333 3085 1338 3093 .

214 3169 242 3207 ac
260 3152 384 3209 Verona
413 3150 500 3208 urbes
529 3158 611 3220 sunt,
642 3138 734 3205 locos*
753 3157 881 3206 tenuere
928 3151 1016 3209 Libui
1038 3152 1193 3209 considunt
1210 3152 1309 3225 poeti

214 3255 258 3313 bos
279 3255 479 3330 Salluviique,
501 3263 622 3331 propter
642 3252 792 3326 antiquam
815 3263 931 3327 gentem
954 3256 1061 3314 Leros
1082 3256 1206 3331 Ligures
1235 3256 1279 3312 in·

215 3362 331 3420 colentes
356 3361 434 3420 circa
451 3360 586 3418 Ticinum
604 3378 730 3419 amnem.
773 3360 899 3417 Poenino
914 3360 1019 3417 deinde
1034 3361 1101 3417 Boii
1116 3360 1278 3435 Lingones·

215 3483 263 3539 que
282 3466 475 3543 transgressi,
508 3484 597 3541 quum
625 3466 685 3523 iam
713 3466 789 3523 inter
810 3466 927 3523 Padum
953 3475 1043 3540 atque
1065 3467 1158 3542 Alpes
1179 3467 1280 3525 omnia

216 3579 382 3642 tenerentur,
404 3572 490 3631 Pado
510 3571 622 3629 ratibus
637 3572 758 3629 traiecto
777 3547 835 3629 non
851 3571 993 3629 Etruscos
1008 3574 1107 3645 modo,
1123 3575 1277 3633 sedetiam
1324 3592 1331 3596 ·

216 3674 336 3734 Umbros
360 3695 434 3752 agro
454 3676 579 3753 pellunt3
611 3676 689 3734 intre
711 3678 918 3753 Appenninum
941 3685 1038 3735 tamen
1061 3696 1125 3738 sese
1148 3690 1277 3741 tenuere.

217 3780 283 3839 Turn
314 3783 465 3856 Senones,
497 3780 689 3843 recentissimi
720 3783 916 3855 advenarum,
949 3786 987 3841 ab
1019 3786 1128 3845 Utente
1159 3786 1308 3845 fluminei»

217 3903 298 3963 usquc
332 3888 369 3945 ad
396 3887 494 3945 AEsinr
518 3888 590 3944 fines
623 3886 760 3945 habuere.
806 3886 895 3946 Hanc
924 3896 1040 3963 gentem
1064 3890 1194 3949 Clusium
1217 3895 1284 3973 Ro·¹

1352 1212 1408 1233 Ὦ

218 4009 345 4069 memque
374 3994 443 4050 inde
470 3991 586 4049 venisse
614 3994 776 4069 comperi0;
807 3995 836 4051 id
865 4013 968 4070 parurn
996 4003 1106 4053 certum
1136 4005 1195 4066 est,
1227 3997 1300 4053 so·'·'

218 4094 304 4156 iamne
322 4118 360 4157 an
383 4100 420 4157 ab
443 4092 578 4156 omuibus
593 4097 808 4175 Cisalpinorum
824 4100 979 4159 Gallorum
1000 4101 1117 4175 populis
1138 4102 1278 4158 adiutam.

293 4204 403 4263 Clusini
426 4222 503 4261 novo
532 4204 609 4262 bello
633 4204 778 4275 exterriti,
813 4220 902 4278 quum
923 4203 1155 4278 multitudinem,
1187 4212 1308 4282 quuml
1402 4195 1405 4199 ¹

218 4300 321 4367 formas
359 4311 510 4371 hominum
543 4309 711 4367 invisitatas
743 4320 893 4367 cernerent
928 4319 958 4368 et
990 4330 1083 4387 genus
1120 4331 1279 4384 armorum,

1032 4411 1079 4467 19*
