3392 5084
600 1529 788 1609 uiuus
825 1531 901 1648 ix.

223 1880 362 1990 Sequitur
395 1914 472 1971 hune
503 1931 610 1970 annum
642 1913 746 1972 nobilis
778 1915 861 1973 elude
890 1916 1025 1974 Romane
1054 1915 1186 1978 Caudina
1218 1937 1278 1995 pex
1355 1905 1371 1973 l

223 2021 256 2077 Τ.
277 2019 402 2078 Veturio
427 2016 566 2090 Calvino,
598 2017 648 2095 Sp.
670 2020 822 2078 Postumio
844 2020 1019 2079 oonsulibus.
1075 2022 1220 2082 Samnites
1242 1995 1449 2117 eofflff'ggss‘

223 2145 296 2183 enno
331 2125 536 2203 imperatorem
570 2122 604 2183 C.
626 2127 764 2184 Pontium
801 2125 941 2185 Herennii
975 2128 1065 2186 filium
1105 2129 1308 2200 habuerunt‚2

222 2242 303 2308 petre
330 2232 417 2306 longe
443 2228 666 2306 prudentissimo
695 2242 809 2302 natum,
840 2232 964 2308 primum
985 2234 1081 2310 ipsum
1109 2235 1278 2292 bellatorem

224 2338 390 2412 ducemque.
437 2337 482 2407 Is,
508 2336 559 2395 nbi
579 2337 683 2412 legati,
715 2336 765 2412 qui
790 2336 828 2394 sd
850 2337 996 2396 dedendas
1016 2359 1063 2398 res
1086 2339 1167 2398 missi
1188 2341 1310 2410 erenei}

180 2520 181 2523 Ἴ
223 2463 293 2519 paee
314 2443 421 2502 infecte
441 2443 595 2513 redierunt,
618 2443 684 2514 „Ne
705 2443 777 2501 nihil
792 2447 908 2502 ectum“
931 2443 1024 2518 inquit
1047 2447 1120 2515 „hue
1135 2445 1279 2520 legatione
1325 2447 1326 2455 ’

224 2550 377 2621 censeatis,
409 2551 557 2626 expiatum
579 2559 631 2618 est,
653 2549 791 2624 quicquid
819 2567 857 2606 ex
878 2548 986 2608 loedere
1012 2558 1099 2626 rupto
1119 2550 1228 2608 irarum
1249 2552 1279 2608 in

224 2675 273 2713 nos
296 2654 450 2713 celestium
471 2655 536 2716 fuit.
584 2655 663 2714 Setis
691 2655 769 2726 scio,
802 2656 1018 2730 quibuscunque
1042 2657 1097 2714 diis
1126 2657 1207 2715 cordi
1226 2656 1310 2716 fuist
1415 2685 1420 2698 ¹

224 2763 315 2837 subigi
348 2780 403 2820 nos
430 2760 468 2818 ad
500 2761 699 2818 necessitatem
721 2760 845 2818 dedendi
876 2780 937 2832 res,
970 2781 1034 2837 quse
1066 2763 1103 2820 sb
1130 2762 1214 2820 nobis
1243 2783 1281 2820 ex

224 2864 329 2924 foedere
349 2866 478 2942 repetitae
498 2865 628 2938 fuerunt,
649 2867 685 2924 iis
705 2885 764 2924 neu
788 2866 879 2924 fuisse
900 2868 979 2926 cordi
1011 2877 1071 2926 tem
1093 2871 1216 2945 superbe
1240 2872 1278 2928 eb

223 2974 359 3031 Romanis
381 2964 499 3030 foederis
518 2973 713 3048 expiationem
742 2984 879 3050 spretum.
925 2973 1001 3047 Quid
1023 2975 1098 3032 enim
1121 2976 1197 3034 ultra
1217 2977 1309 3035 fieri5

224 3079 259 3136 ed
281 3079 440 3155 placendos
462 3080 532 3137 deos
554 3079 787 3156 mitigandosque
806 3079 938 3138 homines
958 3079 1062 3155 potuit,
1091 3100 1179 3157 quem
1201 3083 1280 3158 quod

224 3204 274 3242 nos
294 3184 434 3244 fecimus?
479 3187 539 3259 Res
559 3186 685 3244 hostium
698 3187 742 3244 »in
769 3187 869 3262 praeds
894 3194 1011 3261 captes,
1043 3205 1107 3262 quae
1130 3188 1197 3246 belli
1217 3189 1280 3246 iure

224 3303 326 3350 nostroe
346 3292 529 3362 videbantur,
555 3291 731 3360 remisimus3
764 3300 897 3350 suctores
919 3291 997 3373 belli,
1025 3292 1093 3366 quie
1115 3292 1199 3349 vivos
1220 3296 1309 3350 nonii

223 3399 381 3472 potuimus,
409 3397 577 3475 perfunctos
605 3397 664 3455 ium
694 3396 757 3455 feto
782 3397 944 3454 dedidimus
951 3415 960 3466 ;
993 3398 1072 3454 bone
1096 3415 1211 3465 eorum,
1243 3418 1279 3456 ne

224 3504 347 3579 quidex
368 3503 541 3580 contagione
561 3520 646 3561 nuxae
667 3511 829 3560 remuneret
849 3521 938 3579 penes
955 3520 1018 3574 nos,
1039 3506 1164 3562 Romam
1179 3513 1280 3581 porte·

224 3610 322 3667 vimus.
384 3609 462 3683 Quid
495 3610 571 3668 ultro
598 3609 666 3681 tibi,
695 3611 843 3680 Romane,
877 3609 947 3684 quid
974 3609 1094 3680 foederi,
1129 3611 1198 3686 quid
1225 3611 1308 3669 diist

225 3715 335 3774 arbitris
365 3714 483 3773 foederis
512 3714 624 3773 debeo?
677 3714 770 3789 Quem
803 3717 857 3774 tibi
885 3725 999 3775 tuarum
1032 3715 1157 3785 irarum,
1193 3735 1278 3791 quem

226 3841 350 3880 meorum
371 3821 577 3898 suppliciorum
608 3823 731 3880 iudicem
760 3820 872 3880 ferum?
913 3822 1067 3882 Neminem
1105 3841 1199 3896 neque
1225 3841 1279 3897 po·

225 3928 319 4002 pulum
342 3948 437 4004 neque
465 3928 609 4004 privatum
631 3927 721 4003 fugio.
772 3927 859 4001 Quod
883 3927 907 3986 si
930 3928 1001 3986 nihil
1025 3947 1090 3986 eum
1117 3928 1309 4005 potentioress

226 4034 291 4091 iuris
311 4035 429 4093 humaui
450 4034 620 4110 relinquitur
641 4033 736 4109 inopi,
766 4042 797 4091 at
824 4053 878 4110 ego
902 4035 940 4092 ud
961 4034 1032 4092 deos
1052 4033 1181 4090 vindices
1202 4033 1277 4090 into·

225 4137 344 4198 lerundae
364 4140 506 4217 superbie
527 4138 691 4214 confugium
719 4147 748 4196 et
768 4141 919 4213 precabor,
941 4150 974 4198 ut
993 4141 1052 4198 iras
1073 4156 1141 4196 sues
1163 4145 1307 4201 vertenti)
1374 4139 1376 4147 '

226 4243 331 4320 ineos,
360 4247 464 4323 quibus
485 4266 544 4305 non
564 4264 624 4304 suu
650 4245 769 4303 redditae
796 4262 853 4315 res,
884 4263 943 4302 uon
967 4245 1068 4304 aliene
1090 4245 1276 4303 accumulatis
