3392 5084
446 470 483 526 72
739 467 819 517 Liber
834 466 872 521 11.
908 466 954 530 (Δ.
973 482 998 516 ιι.
1019 481 1039 518 c.
1060 466 1133 529 246.)

402 649 433 706 in
453 649 571 707 comitio
593 651 706 724 posita3
738 651 802 726 agri
823 659 963 726 quantum
984 669 1043 708 uno
1059 650 1106 708 die
1120 650 1334 720 circumaravit,
1357 651 1474 708 datum.

355 758 391 814 ts
403 754 527 813 Privata
548 774 665 830 quoque
684 757 759 813 iuter
779 756 911 831 publicos
929 757 1055 813 honores
1081 755 1177 812 studia
1198 755 1377 824 eminebant3
1399 775 1474 813 nam

403 862 433 918 in
453 879 564 935 magna
582 859 683 936 inopia
703 880 758 937 pro
780 861 945 918 domesticis
967 859 1058 934 copiis
1079 859 1277 934 unusquisque
1299 861 1326 918 ei
1348 862 1475 936 aliquid,

403 966 544 1024 fraudans
565 965 681 1041 seipse
698 967 777 1023 victu
801 983 865 1036 auo,
887 965 1015 1023 contulit.

310 1067 346 1134 ll
488 1072 634 1129 Porsinna
655 1071 750 1147 primo
766 1080 872 1128 conatu
890 1070 1031 1144 repulsus,
1054 1069 1180 1128 consiliis
1210 1071 1247 1128 ab
1271 1073 1475 1146 oppugnanda

405 1177 477 1234 urbe
498 1177 535 1233 ad
558 1176 749 1234 obsidendam
770 1175 876 1244 versis,
905 1175 1039 1250 praesidio
1067 1175 1098 1231 in
1119 1175 1250 1232 Ianiculo
1276 1177 1385 1246 locato,
1407 1178 1475 1252 ipse

403 1282 434 1340 in
454 1283 542 1357 plano
557 1282 686 1357 ripisque
706 1279 822 1337 Tiberis
837 1289 934 1336 castra
948 1280 1055 1354 posuit,
1076 1281 1199 1338 navibus
1220 1282 1348 1356 nudique
1370 1282 1476 1340 accitis

352 1387 434 1444 ·2et
454 1387 493 1444 ad
514 1387 685 1456 custodiam,
706 1404 743 1442 ne
765 1385 834 1460 quid
856 1386 979 1442 Romam
1002 1383 1138 1442 frumeuti
1159 1387 1281 1444 subvehi
1303 1387 1422 1457 sineret,
1446 1397 1475 1444 et

405 1502 438 1549 ut
458 1492 620 1568 praedatum
652 1490 757 1549 milites
786 1499 866 1548 trans
893 1492 999 1548 flumen
1020 1509 1074 1564 per
1103 1490 1270 1547 occasiones
1294 1491 1358 1548 aliis
1381 1501 1475 1566 atque

375 1598 471 1654 deliis
495 1597 567 1654 locis
589 1596 771 1665 traicerent,
801 1597 941 1670 brevique
967 1597 1041 1653 adeo
1063 1593 1199 1652 infestum
1221 1613 1336 1653 omnem
1358 1597 1473 1654 Roma·

404 1721 476 1762 num
496 1721 598 1777 agrum
613 1701 747 1771 reddidit,
767 1710 801 1758 ut
822 1721 881 1759 uon
903 1711 999 1759 cetera
1021 1700 1115 1758 solum
1136 1717 1174 1756 ex
1195 1699 1283 1774 agris,
1305 1701 1358 1756 sed
1382 1719 1474 1775 pecus

406 1826 524 1882 quoque
545 1826 631 1864 omne
650 1807 680 1864 in
703 1808 804 1864 urbem
826 1807 1060 1881 compelleretur,
1090 1823 1185 1879 neque
1207 1805 1361 1881 quisquam
1387 1816 1474 1864 extra

375 1914 393 1967 t
405 1921 507 1988 portas
528 1913 691 1988 propellere
711 1915 837 1971 auderet.
887 1913 954 1968 Hoc
977 1919 1090 1968 tantum
1110 1910 1231 1967 licentiae
1256 1911 1390 1969 Etruscis
1411 1931 1471 1968 non

405 2027 484 2075 metu
505 2018 598 2094 magis
622 2037 710 2093 quam
732 2018 852 2076 consilio
874 2035 1051 2074 concessum.
1093 2017 1232 2091 Namque
1241 2016 1380 2074 Valerius
1402 2037 1472 2075 con-

405 2123 451 2179 sul
471 2123 596 2181 intentus
620 2125 650 2179 in
672 2123 855 2181 occasionem
883 2123 988 2179 multos
1020 2122 1106 2178 simul
1128 2133 1156 2178 et
1178 2119 1286 2178 effusos
1307 2121 1471 2197 improviso

405 2229 573 2299 adoriundi,
605 2229 634 2286 in
668 2229 768 2304 parvis
797 2229 884 2284 rebus
912 2226 1061 2300 negligens
1089 2227 1182 2296 ultor,
1217 2245 1337 2301 gravem
1370 2245 1404 2284 se
1435 2227 1472 2283 ad

376 2334 519 2391 5maiora
540 2332 682 2391 vindicem
704 2335 849 2390 servabat.
892 2332 997 2405 Itaque
1021 2339 1055 2386 nt
1068 2331 1183 2388 eliceret
1196 2332 1387 2406 praedatores,
1410 2333 1470 2390 edi·

405 2437 445 2494 cit
464 2439 533 2508 suis,
565 2447 683 2513 postero
705 2439 752 2495 die
773 2437 938 2512 frequentes
961 2445 1048 2511 porta
1070 2436 1232 2510 Esquilina,
1254 2456 1320 2511 quae
1343 2437 1469 2496 aversis·

406 2542 480 2599 sima
501 2544 539 2599 ab
561 2544 644 2599 hoste
667 2552 739 2613 erat,
757 2543 935 2619 expellerent
954 2558 1054 2616 pecus,
1076 2541 1199 2598 scituros
1211 2540 1241 2598 id
1256 2543 1356 2600 hostes
1379 2553 1471 2610 ratus,

377 2647 486 2720 tiquod
506 2646 536 2702 in
556 2647 707 2707 obsidione
737 2659 766 2705 ct
791 2647 871 2707 fame
897 2647 1017 2703 servitia
1042 2645 1131 2702 infida
1163 2646 1385 2722 transfugerent.
1434 2649 1471 2705 Et

406 2751 497 2808 sciere
517 2749 648 2826 perfugas
672 2751 791 2819 indicio;
823 2753 973 2826 multoque
993 2752 1100 2827 plores,
1120 2761 1153 2808 ut
1174 2751 1203 2808 in
1224 2769 1304 2826 spem
1328 2751 1470 2810 universae

377 2856 525 2934 lproedas,
557 2857 664 2913 flumen
695 2857 850 2915 traiiciont.
896 2859 932 2915 P.
954 2857 1091 2914 Valerius
1123 2856 1190 2913 inde
1224 2857 1262 2913 T.
1284 2857 1469 2913 Herminium

406 2983 471 3022 curo
503 2966 624 3023 modicis
651 2965 742 3039 copiis
764 2965 802 3020 ad
833 2963 990 3020 secundum
1010 2963 1139 3037 lapidem
1161 2961 1280 3020 Gabina
1299 2961 1350 3018 via
1373 2962 1469 3019 occul·

406 3080 466 3128 tum
491 3071 641 3128 considere
660 3071 754 3140 iubet,
786 3069 837 3144 Sp.
858 3069 995 3126 Larcium
1018 3086 1083 3125 cum
1105 3068 1241 3142 expedita
1260 3067 1412 3124 iuventute
1433 3067 1469 3124 ad

405 3184 521 3251 portam
543 3174 687 3233 Collinam
709 3184 802 3246 stare,
823 3175 916 3231 donec
939 3173 1031 3230 hostis
1052 3181 1219 3249 praetereat3
1244 3171 1311 3228 iuda
1340 3190 1373 3229 se
1395 3172 1469 3229 obii·

375 3281 485 3346 8cere,
513 3301 551 3338 ne
572 3282 610 3338 sit
630 3282 668 3338 ad
689 3282 795 3337 flumen
815 3280 934 3338 reditus.
980 3277 1139 3336 Consulum
1162 3277 1236 3334 alter
1257 3279 1294 3335 T.
1316 3279 1469 3336 Lucretius

405 3395 493 3463 porta
512 3387 617 3444 Naevia
648 3405 714 3445 cum
749 3385 862 3458 aliquot
893 3383 1047 3458 manipulis
1080 3383 1202 3440 militum
1229 3399 1376 3458 egressum
1408 3383 1470 3458 ipse

362 3490 542 3566 llValerius
566 3489 656 3548 Caelio
678 3499 776 3548 monte
797 3491 931 3546 cohortes
964 3489 1090 3545 delectas
1124 3487 1235 3557 educit,
1267 3488 1356 3562 hique
1384 3488 1467 3563 primi

406 3615 569 3672 apparuere
589 3596 676 3654 hosti.
720 3595 889 3653 Herminius
911 3595 962 3652 ubi
978 3593 1130 3650 tumultum
1145 3593 1243 3663 sensit,
1265 3593 1413 3650 concurrit
1434 3611 1468 3649 cx
1527 3569 1528 3632 i

405 3701 524 3773 insidiis,
545 3702 694 3778 versisque
714 3701 745 3758 in
766 3695 962 3772 Lucretium1)
985 3697 1116 3756 Etruscis
1137 3706 1220 3772 terga
1241 3697 1338 3767 cadit,
1365 3697 1469 3753 dextra

404 3808 556 3882 laevaque,
577 3808 644 3864 hinc
665 3826 685 3864 a
703 3813 790 3882 porta
811 3803 935 3874 Collina,
956 3802 1034 3860 illinc
1056 3804 1094 3860 ab
1114 3803 1236 3872 Naevia,
1257 3802 1388 3859 redditus
1411 3802 1467 3860 cla·

359 3914 489 3982 ¹0m0r3
521 3912 563 3969 ita
585 3914 652 3970 cassi
671 3914 702 3970 in
723 3911 817 3969 medio
839 3909 1032 3984 predatores,
1064 3924 1159 3981 neque
1191 3907 1228 3963 ad
1249 3925 1379 3982 pugnam
1401 3906 1467 3962 viri·

405 4017 460 4076 bus
488 4037 574 4093 pares
606 4016 694 4074 etad
725 4013 827 4090 fugam
846 4013 944 4089 saeptis
966 4013 1099 4070 omnibus
1120 4012 1184 4070 viis.
1259 4010 1401 4084 Finisque
1421 4011 1468 4068 ille
1527 3999 1528 4044 ἶ

405 4131 466 4180 tam
489 4121 580 4180 effuse
602 4120 746 4195 evagandi
768 4121 900 4177 Etruscis
921 4118 985 4177 fuit.

425 4276 450 4344 ¹)
467 4280 556 4329 Livius
573 4277 683 4328 scribere
701 4277 790 4326 debuit
807 4277 839 4324 in
858 4273 1030 4325 Valerium.
