3392 5084
549 492 674 568 Litervv.
711 490 895 553 (achaeo.)
1143 497 1202 551 305

210 682 271 729 tator
293 673 456 746 intervenit,
486 674 650 750 auferrique
679 694 781 733 eurum
803 676 839 733 de
861 675 957 733 madio
983 684 1013 733 et
1032 674 1138 735 Gallos
1168 693 1247 734 sum·

209 776 299 832 moveri
317 777 408 839 iubet.
457 778 554 853 Quum
568 778 609 837 illi
624 780 778 838 renitentes
792 788 895 857 pactos
916 780 1044 838 dicerent
1063 796 1136 852 sese,
1159 788 1281 857 negat2

209 898 258 936 ean
276 882 438 955 pactionem
452 895 546 943 ratam
569 902 641 956 esse,
663 904 737 961 qua,
757 895 914 961 postquam
935 886 999 962 ipse
1020 886 1146 944 dictator
1166 902 1250 945 crea·

209 996 339 1058 beasset,
359 988 472 1045 iniussu
486 1006 540 1047 suo
561 991 599 1047 ab
619 988 764 1048 inferioris
785 990 856 1049 iuris
876 992 1049 1067 magistratu
1069 990 1150 1049 iacta
1164 1000 1250 1062 esset,

208 1090 395 1166 denuntiatque
415 1092 526 1165 Galba,
552 1105 585 1153 ut
604 1113 636 1153 se
666 1096 704 1153 ed
732 1096 864 1173 proelium
894 1096 1059 1173 expediant.
1114 1095 1191 1155 Suos
1218 1097 1280 1162 ius

208 1214 322 1254 aearum
337 1198 482 1255 coniicere
497 1198 625 1258 sarcinas
646 1210 676 1258 et
697 1220 779 1259 arma
797 1211 908 1277 aptare,
928 1201 1074 1277 ferroque,
1095 1220 1154 1259 non
1176 1221 1248 1260 auro

207 1319 356 1376 recuperare
384 1303 510 1378 patriam
540 1303 634 1375 iubet,
664 1306 694 1363 in
725 1316 880 1383 conspectu
908 1308 1048 1364 habentes
1070 1306 1141 1364 iana
1162 1308 1248 1364 deum

207 1416 227 1461 et
244 1408 374 1483 coniuges
405 1418 434 1467 et
461 1403 569 1467 liberos
599 1420 627 1468 et
653 1412 746 1472 solum
775 1412 877 1489 patrita
905 1411 1035 1469 deforme
1062 1412 1130 1469 belli
1161 1412 1246 1469 malis

207 1521 227 1567 et
243 1512 345 1585 omnia,
380 1532 445 1589 ques
471 1514 588 1574 delendi
613 1516 762 1593 repetique
784 1526 812 1575 et
843 1515 942 1575 ulcisci
961 1516 1008 1574 fas
1030 1516 1076 1575 sit.
1126 1516 1280 1581 Instruit4

207 1615 288 1673 deinde
301 1618 407 1689 aciem,
427 1629 459 1676 ut
480 1620 536 1677 loci
552 1628 657 1679 natura
672 1621 846 1696 patiebatur,
868 1622 897 1680 in
919 1622 1063 1680 semirutae
1083 1622 1147 1679 selo
1168 1622 1248 1679 urbis

207 1730 227 1775 et
239 1724 502 1798 naturaiuaequali,
525 1732 554 1782 et
574 1726 680 1797 omnia,
702 1744 767 1801 quae
782 1737 845 1784 arte
867 1728 934 1784 belli
955 1726 1083 1785 secunda
1103 1726 1164 1784 suis
1181 1726 1249 1801 eligi
1337 1730 1340 1738 '

206 1829 381 1901 prepararive
403 1838 552 1904 poterant,
581 1832 715 1907 providit
762 1832 842 1891 Galli
872 1851 950 1891 nova
979 1852 1011 1891 re
1035 1832 1140 1908 trepidi
1162 1844 1282 1897 armas

206 1932 301 2005 capiunt
331 1935 438 2009 iraque
468 1936 561 2010 magis
594 1954 680 2012 qnam
710 1938 830 1996 consssio
858 1939 889 1995 in
910 1940 1059 1997 Romanoa
1088 1937 1245 1996 incurrunt.

206 2036 252 2092 lam
271 2048 401 2096 verterat
427 2038 559 2111 femena,
587 2041 645 2099 iam
671 2042 790 2100 deorum
817 2061 889 2119 opas
917 2044 1103 2117 humaneque
1123 2043 1246 2100 consilia

204 2160 249 2198 tem
281 2146 447 2203 Romanam
485 2146 673 2208 adiuvabant.
732 2149 826 2223 Igitur
859 2150 953 2225 primo
989 2162 1131 2207 concursu
1166 2146 1245 2202 haud

205 2246 293 2305 maiore
325 2249 496 2307 molimento
520 2250 577 2309 fusi
599 2250 679 2311 Galli
700 2263 782 2325 eunt,
810 2274 898 2330 quam
920 2254 959 2311 ad
983 2254 1083 2312 Aliam
1107 2249 1245 2309 vicerant.

206 2350 307 2411 Iustiore
329 2355 424 2411 altero
446 2354 549 2412 deinde
567 2358 670 2431 prcelio
692 2360 729 2416 ed
751 2368 886 2417 octavum
907 2359 1034 2434 lapidem
1046 2357 1165 2416 Gabina
1185 2356 1277 2424 via‚6

205 2474 247 2530 quo
273 2477 302 2515 se
328 2478 367 2535 egr
389 2458 462 2535 iuga
482 2461 675 2534 contulerant,
704 2464 831 2522 eiusdem
860 2464 947 2522 ductu
975 2462 1163 2539 auspicioque
1185 2459 1243 2517 Ca·

205 2563 258 2619 milli
274 2551 438 2623 vincuntur.
490 2565 537 2621 Ibi
562 2568 652 2625 caedes
682 2568 779 2627 omnia
800 2570 937 2640 obtinuit3
966 2579 1064 2627 castra
1085 2567 1248 2641 capiuntur,

206 2676 225 2721 et
240 2688 270 2725 ne
290 2671 410 2727 nunnus
431 2670 546 2745 quidem
569 2673 659 2731 cladis
680 2674 804 2733 relictus.
842 2652 994 2745 Dictator,
1015 2681 1187 2749 recuperata
1207 2682 1276 2734 exi

205 2771 313 2832 hostibus
341 2776 454 2851 patria,
485 2777 665 2854 triumphans
695 2782 724 2839 in
752 2782 854 2838 urbem
882 2781 970 2852 redit,
1000 2781 1133 2853 interque
1161 2779 1242 2835 iocos

206 2878 334 2952 militares,
357 2899 433 2957 quos
458 2882 625 2941 inconditos
642 2885 764 2957 iaciunt,
792 2886 934 2945 Romulus
956 2904 991 2943 ac
1011 2902 1117 2960 parens
1138 2884 1246 2959 patria

205 2985 372 3062 conditorque
397 2988 469 3045 alter
490 2988 569 3047 urbis
590 2988 669 3047 haud
689 2990 773 3048 vanis
793 2990 927 3049 laudibus
949 2990 1160 3067 appellabatur.

269 3090 421 3151 Servatam
435 3094 538 3151 deinde
555 3094 631 3152 bello
652 3096 777 3171 petriam
792 3096 895 3154 iterum
916 3097 946 3153 in
967 3114 1040 3171 pace
1061 3094 1140 3151 haud
1158 3093 1276 3154 dnbiess

205 3197 325 3269 servavit,
355 3216 444 3274 quurn
471 3200 619 3275 prohibuit
638 3200 757 3275 migrari
780 3203 886 3272 Veios,
916 3210 946 3258 et
972 3200 1095 3258 tribunis
1116 3218 1177 3256 rem
1197 3200 1243 3255 in·

205 3300 287 3357 tentius
315 3304 469 3379 agentibus
498 3313 565 3381 post
595 3306 742 3363 incensam
775 3310 876 3366 urbem
907 3316 935 3363 et
966 3322 1020 3381 per
1049 3320 1080 3361 se
1108 3304 1246 3361 inclinata

205 3405 278 3478 magis
296 3408 382 3483 plebe
404 3407 442 3465 ad
461 3408 491 3464 id
507 3409 672 3480 consilium3
696 3430 788 3487 eaque
810 3429 899 3470 censa
919 3410 975 3468 ibit
995 3428 1053 3467 non
1069 3408 1275 3470 abdicandae9

206 3518 255 3577 poet
270 3512 444 3589 triumphum
465 3512 623 3585 dictatura,
644 3526 745 3575 senatu
767 3518 947 3587 obsecrante,
967 3536 1004 3573 ne
1018 3534 1079 3573 rem
1099 3513 1245 3589 publicam

206 3608 341 3675 hincertc
373 3618 548 3693 relinqueret
577 3628 663 3678 stetu.
712 3621 849 3681 Omnium
870 3622 1013 3698 primum,
1042 3628 1158 3678 uteret
1179 3619 1243 3677 dili·
1291 3620 1337 3687 50

207 3720 365 3787 pertissimus
387 3722 558 3798 religionum
573 3726 681 3797 cultor,
711 3710 775 3801 ques
804 3729 843 3785 ad
864 3728 936 3786 deos
956 3726 1134 3785 immortales
1155 3725 1243 3800 perti·

208 3822 301 3897 nebant,
320 3828 419 3885 retulit
439 3837 468 3885 et
489 3837 606 3886 senatus
628 3831 788 3890 consultum
811 3832 895 3904 facit,
922 3831 994 3891 iana
1023 3829 1135 3899 omnia,
1165 3828 1275 3903 qnod2

207 3928 325 3989 tehostis
346 3932 533 4009 possedisset,
556 3934 782 4009 restituerentur,
803 3937 1026 3996 terminarentur
1045 3935 1244 4011 expiarentur·

209 4046 262 4105 que,
290 4038 475 4114 expiatioque
497 4056 596 4096 eorum
627 4038 657 4097 in
682 4040 762 4099 libris
788 4062 841 4118 per
863 4042 1032 4100 duumviros
1054 4051 1244 4116 quaereremr3

208 4152 256 4195 tum
280 4131 436 4201 (laretibus
468 4143 626 4219 hospitium
654 4146 769 4221 publice
799 4148 895 4219 fieret,
926 4148 1004 4222 quod
1031 4164 1116 4205 sacra
1144 4145 1275 4221 populis

210 4240 310 4305 Romani
340 4266 376 4306 ae
405 4250 571 4307 sacerdotes
603 4251 794 4327 recepissent,
826 4253 1025 4329 beneficioque
1053 4252 1114 4310 eius
1143 4252 1245 4327 populi

229 4356 279 4396 livius
292 4373 312 4398 cr
327 4372 363 4399 reo
379 4358 477 4401 diluisti.
1012 4366 1045 4409 20
