3392 5084
497 488 575 539 niter
593 489 629 543 v.
664 489 714 553 (a
733 488 783 541 ca
801 493 962 551 sss-ast.)
1164 491 1225 553 m

199 670 264 725 nori
284 669 391 728 hostes
414 672 520 732 exorti.
566 671 645 746 Quia
665 672 764 731 multis
793 674 881 731 simul
900 674 1001 743 bellis,
1030 674 1207 735 Volscorum
1228 677 1268 735 cd

200 775 311 845 Anxur,
334 775 389 833 ubi
409 776 577 851 presidium
599 778 796 850 obsidebatur,
817 779 986 853 AEquorum
1006 779 1044 837 ad
1059 779 1195 851 Lavicos,
1216 781 1267 856 qui

200 880 364 937 Romanam
387 878 428 939 ibi
449 881 594 939 coloniam
618 885 841 960 oppugnabant,
873 883 912 940 ad
935 884 993 941 boc
1014 882 1130 941 Veienti
1151 902 1268 959 quoque

199 992 226 1040 et
249 983 371 1042 Falisco
405 994 436 1043 et
465 984 610 1061 Capenati
637 988 714 1045 bello
750 997 911 1063 occupatos
940 988 1080 1047 videbant
1107 990 1268 1061 hmanas,

199 1106 246 1145 uso
271 1090 356 1149 intra
386 1107 487 1147 murus
509 1090 654 1165 quietiora
680 1092 799 1167 negotia
825 1110 890 1149 esse
914 1091 1122 1151 certaminibus
1149 1104 1266 1170 patu'am

199 1212 230 1251 ac
248 1182 357 1269 piebis,
379 1194 458 1253 inter
470 1198 533 1253 hae
542 1197 638 1255 locum
653 1196 765 1255 iniuria
776 1198 834 1255 rati
848 1214 922 1266 esse,
942 1197 1103 1272 praedatum
1117 1199 1147 1255 in
1163 1214 1266 1274 agrum
1279 1200 1297 1256 3

199 1299 362 1368 Romarm
401 1301 538 1359 cohortes
573 1301 726 1377 expeditas
761 1301 893 1359 mittunt:
932 1309 984 1358 aut
1016 1302 1093 1361 enim
1127 1318 1268 1378 passuros

199 1403 314 1459 inultam
339 1422 408 1461 eam
430 1405 566 1463 iniuriam
588 1408 756 1477 Romanos,
785 1416 821 1465 n'e
849 1424 929 1465 novo
949 1406 1026 1465 bello
1051 1424 1084 1465 se
1103 1416 1267 1479 omnent,

199 1516 244 1565 aut
264 1510 380 1585 exiguo
403 1528 498 1585 eoque
519 1530 624 1587 parum
645 1511 745 1569 valido
763 1512 892 1569 exercitu
901 1521 1115 1587 persecuturos
1156 1514 1298 1571 Roma-4

199 1614 237 1670 nis
261 1610 428 1690 indignitas
456 1614 553 1673 maior
580 1634 669 1691 quam
697 1634 767 1675 cura
794 1615 991 1692 populationis
1011 1616 1267 1692 Tarquiniensium

198 1717 261 1788 iuit3
282 1736 321 1776 eo
346 1736 404 1777 nec
427 1736 535 1795 magno
557 1728 664 1779 conatu
686 1730 822 1797 suscepta
841 1738 896 1779 uec
915 1722 947 1779 in
966 1722 1086 1798 longum
1106 1718 1200 1779 dilata
1218 1738 1268 1780 res

200 1830 244 1881 cst.
286 1826 330 1881 Δ.
353 1825 527 1883 Postumius
549 1834 578 1883 et
599 1827 635 1887 L.
657 1826 750 1885 Iulius
773 1844 833 1884 uun
854 1826 931 1883 iusto
952 1825 1065 1883 delectu
1088 1826 1206 1903 (atenim
1228 1828 1298 1886 abb

201 1928 317 1987 bibonis
339 1930 438 2005 plebis
460 1929 714 2004 impediebantur),
735 1931 788 1989 sed
809 1948 903 2005 prope
923 1930 1171 2004 voluntariorum,
1191 1949 1268 2008 quos
1292 1928 1297 1935 ’

200 2033 385 2091 adhortando
411 2034 619 2104 incitaverant,
648 2043 751 2093 coacta
779 2052 885 2105 manu,
912 2054 966 2110 per
993 2054 1096 2111 agrum
1126 2036 1267 2096 Crarstem

201 2139 320 2214 obliquis
342 2140 513 2199 tramitibus
534 2140 658 2215 egressi,
680 2141 833 2199 redeuntes
851 2158 871 2199 a
890 2140 1126 2216 populationibus
1147 2160 1267 2216 graves

201 2262 250 2317 que
277 2246 386 2321 praeda
412 2245 641 2321 Tarquinienses
666 2250 852 2320 oppressere.
903 2245 1013 2302 Multos
1044 2244 1184 2301 mortales
1213 2245 1299 2305 out

202 2357 346 2423 truncant,
384 2366 486 2407 omues
521 2357 632 2406 exuunt
658 2350 887 2427 impedimentis,
921 2357 951 2407 et
977 2341 1102 2425 receptis
1127 2364 1266 2423 agrorum

202 2469 313 2512 suornm
336 2454 443 2531 spoliis
464 2454 590 2511 Romam
612 2461 804 2514 revertuntur.
847 2454 973 2513 Biduum
996 2453 1034 2511 ad
1055 2460 1297 2528 recognosces-t

203 2557 248 2614 das
267 2576 317 2617 res
340 2560 446 2617 datum
467 2556 606 2626 dominis;
634 2558 720 2617 tertio
740 2532 890 2633 incognita
913 2557 1128 2663 (eranbautem
1150 2576 1186 2615 ca
1206 2557 1268 2634 ple-

203 2678 286 2735 raque
319 2664 452 2721 hostium
487 2659 630 2739 ipsorum)
662 2664 716 2719 sub
751 2663 838 2720 hasta
865 2663 996 2736 ramera,
1032 2664 1269 2739 quodqueinde

204 2766 359 2839 redactum,
382 2766 522 2825 militibus
545 2773 590 2823 est
609 2765 744 2825 divisum.

278 2870 391 2931 Cetera
422 2872 517 2943 bella,
549 2872 735 2946 maximeque
763 2868 891 2941 Veiens,
921 2871 1025 2930 incerti
1051 2872 1147 2931 exitus
1175 2873 1299 2935 erantll

205 2974 321 3051 Iamque
331 2977 473 3047 Romani,
495 2976 650 3051 desperata
661 2994 717 3052 ope
730 2976 870 3047 humana,
890 2974 955 3035 iata
967 2984 998 3034 et
1006 2978 1077 3035 deos
1086 2980 1268 3054 spectabant,

206 3096 285 3153 quum
315 3082 410 3158 legati
439 3082 477 3139 ab
505 3081 629 3157 Delphis
657 3088 813 3149 venerunt,
840 3086 949 3140 sortem
974 3082 1087 3145 oraculi
1115 3080 1269 3139 afferentes

207 3198 409 3261 congruentem
429 3202 573 3261 responso
598 3183 707 3261 captivi
727 3183 818 3241 vetis:
847 3184 1014 3255 „Remane,
1041 3204 1150 3261 aquam
1171 3185 1299 3243 Alba-s

207 3306 265 3346 nam
287 3310 362 3351 cave
385 3293 455 3349 lacu
476 3289 632 3359 contineri,
662 3308 735 3348 cave
762 3289 793 3345 in
822 3306 905 3346 mare
931 3302 1051 3347 manue
1076 3307 1130 3347 auo
1152 3288 1270 3379 flumine

207 3392 292 3467 sinas3
316 3398 458 3455 emmaum
481 3414 535 3472 per
556 3412 644 3471 agros
664 3394 792 3470 rigabis,
819 3392 1050 3469 dissipatamque
1069 3394 1141 3453 rivis
1161 3395 1270 3455 exstin-

208 3516 285 3573 gues3
307 3512 371 3561 tum
393 3512 426 3560 tu
447 3502 549 3559 insiste
570 3501 670 3557 audax
689 3499 817 3558 bostium
839 3498 945 3569 muris,
967 3486 1087 3571 memor,
1107 3520 1197 3576 quam
1217 3520 1271 3578 per
1284 3504 1321 3560 10
1357 3506 1362 3511 “

208 3610 245 3660 tot
264 3624 358 3666 annos
380 3606 499 3665 obsides
521 3608 692 3683 urbem,ex
713 3624 748 3662 ee
770 3604 824 3663 tibi
844 3605 900 3676 bis,
921 3622 987 3680 quas
1007 3607 1270 3682 nunepanduntur,

209 3704 268 3766 fatis
287 3712 446 3769 victoriam
470 3712 579 3769 datam.
622 3708 706 3768 Bello
726 3709 875 3785 perfecto,
896 3710 1005 3769 donum
1026 3705 1156 3787 amplum
1176 3712 1271 3771 victor
1285 3714 1319 3770 ii

210 3813 241 3869 ad
260 3834 326 3873 mea
346 3818 459 3892 templa
480 3824 609 3892 portato,
632 3832 775 3889 sacraque
794 3814 901 3890 patria,
925 3833 1049 3890 quorum
1070 3818 1180 3875 omissa
1200 3834 1272 3876 cura

210 3926 255 3989 est,
274 3921 451 3991 instaurmm
472 3930 505 3981 ut
526 3921 650 3993 assolet,
669 3919 790 3979 facito.“
839 3920 948 3994 ingens
966 3920 1036 3977 inde
1055 3922 1159 3981 baberi
1179 3924 1271 3999 capti·
1327 3917 1367 3991 Π

210 4035 359 4083 moveres
382 4034 511 4102 coeptus,
542 4044 666 4101 eumque
687 4025 826 4083 adiuuere
846 4025 954 4081 tribuni
975 4024 1098 4083 militum
1119 4024 1272 4087 Cornelius

212 4125 430 4204 Postumiusque
460 4130 499 4187 ad
522 4130 648 4205 prodigii
674 4129 785 4189 Albani
812 4130 1046 4204 procurationem
1068 4149 1104 4189 ac
1124 4132 1196 4190 deos
1216 4123 1272 4192 rite

213 4230 362 4302 placandos
394 4252 525 4309 coepere3
562 4233 769 4309 inventumque
801 4234 918 4294 tandem
952 4242 1013 4307 est,
1042 4236 1095 4293 ubi
1124 4238 1302 4315 neglectas?

234 4336 292 4377 uvir.
306 4352 330 4379 a
342 4352 383 4381 ree
400 4340 505 4387 masau.
1008 4343 1039 4388 ts
