<?xml version="1.0" encoding="UTF-8"?>
<!DOCTYPE html PUBLIC "-//W3C//DTD XHTML 1.0 Transitional//EN"
    "http://www.w3.org/TR/xhtml1/DTD/xhtml1-transitional.dtd">
<html xmlns="http://www.w3.org/1999/xhtml" xml:lang="en" lang="en">
 <head>
  <title>
</title>
<meta http-equiv="Content-Type" content="text/html;charset=utf-8" />
  <meta name='ocr-system' content='tesseract 3.04.00' />
  <meta name='ocr-capabilities' content='ocr_page ocr_carea ocr_par ocr_line ocrx_word'/>
</head>
<body>
  <div class='ocr_page' id='page_1' title='image "./titiliviihistor03ussigoog_0136.png"; bbox 0 0 3392 5084; ppageno 0'>
   <div class='ocr_carea' id='block_1_1' title="bbox 481 481 1201 546">
    <p class='ocr_par' dir='ltr' id='par_1_1' title="bbox 481 481 1201 546">
     <span class='ocr_line' id='line_1_1' title="bbox 481 481 1201 546; baseline -0.008 -10"><span class='ocrx_word' id='word_1_1' title='bbox 481 487 520 546; x_wconf 76' lang='lat' dir='ltr'><strong>us</strong></span> <span class='ocrx_word' id='word_1_2' title='bbox 728 483 809 534; x_wconf 67' lang='lat' dir='ltr'><strong>nise</strong></span> <span class='ocrx_word' id='word_1_3' title='bbox 824 481 860 533; x_wconf 91' lang='lat'><strong>11.</strong></span> <span class='ocrx_word' id='word_1_4' title='bbox 902 481 1201 546; x_wconf 62' lang='lat' dir='ltr'><strong>(sesses-nse.)</strong></span> 
     </span>
    </p>
   </div>
   <div class='ocr_carea' id='block_1_2' title="bbox 341 665 1519 2554">
    <p class='ocr_par' dir='ltr' id='par_1_2' title="bbox 341 665 1519 2554">
     <span class='ocr_line' id='line_1_2' title="bbox 433 665 1491 747; baseline -0.002 -19"><span class='ocrx_word' id='word_1_5' title='bbox 433 669 563 728; x_wconf 73' lang='lat' dir='ltr'><strong>finitimis</strong></span> <span class='ocrx_word' id='word_1_6' title='bbox 583 669 710 747; x_wconf 89' lang='lat' dir='ltr'><strong>populis,</strong></span> <span class='ocrx_word' id='word_1_7' title='bbox 730 667 896 745; x_wconf 83' lang='lat' dir='ltr'><strong>spectaculo</strong></span> <span class='ocrx_word' id='word_1_8' title='bbox 919 667 1058 725; x_wconf 88' lang='lat' dir='ltr'><strong>abeuntes</strong></span> <span class='ocrx_word' id='word_1_9' title='bbox 1081 665 1190 726; x_wconf 81' lang='lat' dir='ltr'><strong>fuisse?</strong></span> <span class='ocrx_word' id='word_1_10' title='bbox 1212 675 1326 727; x_wconf 71' lang='lat' dir='ltr'><strong>vesties</strong></span> <span class='ocrx_word' id='word_1_11' title='bbox 1349 668 1491 745; x_wconf 82' lang='lat' dir='ltr'><strong>coniuges,</strong></span> 
     </span>
     <span class='ocr_line' id='line_1_3' title="bbox 405 771 1491 850; baseline -0.002 -16"><span class='ocrx_word' id='word_1_12' title='bbox 405 776 548 836; x_wconf 62' lang='lat' dir='ltr'><strong>dvasffos</strong></span> <span class='ocrx_word' id='word_1_13' title='bbox 569 775 675 833; x_wconf 81' lang='lat' dir='ltr'><strong>liberos</strong></span> <span class='ocrx_word' id='word_1_14' title='bbox 696 774 844 832; x_wconf 82' lang='lat' dir='ltr'><strong>traductos</strong></span> <span class='ocrx_word' id='word_1_15' title='bbox 870 792 923 850; x_wconf 88' lang='lat' dir='ltr'><strong>per</strong></span> <span class='ocrx_word' id='word_1_16' title='bbox 949 791 1002 831; x_wconf 88' lang='lat' dir='ltr'><strong>ora</strong></span> <span class='ocrx_word' id='word_1_17' title='bbox 1027 771 1196 831; x_wconf 81' lang='lat' dir='ltr'><strong>hominum?</strong></span> <span class='ocrx_word' id='word_1_18' title='bbox 1238 771 1317 848; x_wconf 82' lang='lat' dir='ltr'><strong>Quid</strong></span> <span class='ocrx_word' id='word_1_19' title='bbox 1347 793 1410 846; x_wconf 90' lang='lat' dir='ltr'><strong>eos,</strong></span> <span class='ocrx_word' id='word_1_20' title='bbox 1444 776 1491 850; x_wconf 90' lang='lat' dir='ltr'><strong>qui</strong></span> 
     </span>
     <span class='ocr_line' id='line_1_4' title="bbox 435 878 1489 958; baseline 0 -20"><span class='ocrx_word' id='word_1_21' title='bbox 435 880 573 938; x_wconf 84' lang='lat' dir='ltr'><strong>audivere</strong></span> <span class='ocrx_word' id='word_1_22' title='bbox 592 898 693 939; x_wconf 86' lang='lat' dir='ltr'><strong>vocem</strong></span> <span class='ocrx_word' id='word_1_23' title='bbox 712 879 865 957; x_wconf 73' lang='lat' dir='ltr'><strong>preconis,</strong></span> <span class='ocrx_word' id='word_1_24' title='bbox 887 879 965 955; x_wconf 88' lang='lat' dir='ltr'><strong>quid,</strong></span> <span class='ocrx_word' id='word_1_25' title='bbox 988 879 1038 954; x_wconf 91' lang='lat' dir='ltr'><strong>qui</strong></span> <span class='ocrx_word' id='word_1_26' title='bbox 1058 897 1112 938; x_wconf 89' lang='lat' dir='ltr'><strong>uos</strong></span> <span class='ocrx_word' id='word_1_27' title='bbox 1133 878 1233 937; x_wconf 84' lang='lat' dir='ltr'><strong>videre</strong></span> <span class='ocrx_word' id='word_1_28' title='bbox 1254 881 1402 952; x_wconf 85' lang='lat' dir='ltr'><strong>abeuntes,</strong></span> <span class='ocrx_word' id='word_1_29' title='bbox 1422 883 1489 958; x_wconf 92' lang='lat' dir='ltr'><strong>quid</strong></span> 
     </span>
     <span class='ocr_line' id='line_1_5' title="bbox 435 984 1490 1062; baseline 0.002 -19"><span class='ocrx_word' id='word_1_30' title='bbox 435 1003 501 1056; x_wconf 89' lang='lat' dir='ltr'><strong>eos,</strong></span> <span class='ocrx_word' id='word_1_31' title='bbox 533 986 583 1061; x_wconf 90' lang='lat' dir='ltr'><strong>qui</strong></span> <span class='ocrx_word' id='word_1_32' title='bbox 610 987 678 1044; x_wconf 86' lang='lat' dir='ltr'><strong>huic</strong></span> <span class='ocrx_word' id='word_1_33' title='bbox 707 984 899 1062; x_wconf 77' lang='lat' dir='ltr'><strong>ignominioso</strong></span> <span class='ocrx_word' id='word_1_34' title='bbox 933 985 1041 1060; x_wconf 78' lang='lat' dir='ltr'><strong>agmini</strong></span> <span class='ocrx_word' id='word_1_35' title='bbox 1070 985 1151 1044; x_wconf 84' lang='lat' dir='ltr'><strong>fuere</strong></span> <span class='ocrx_word' id='word_1_36' title='bbox 1183 985 1277 1054; x_wconf 84' lang='lat' dir='ltr'><strong>obvii,</strong></span> <span class='ocrx_word' id='word_1_37' title='bbox 1313 987 1490 1046; x_wconf 75' lang='lat' dir='ltr'>existimasse</span> 
     </span>
     <span class='ocr_line' id='line_1_6' title="bbox 435 1089 1490 1168; baseline 0 -19"><span class='ocrx_word' id='word_1_38' title='bbox 435 1091 558 1168; x_wconf 87' lang='lat' dir='ltr'><strong>putatis,</strong></span> <span class='ocrx_word' id='word_1_39' title='bbox 586 1092 642 1150; x_wconf 90' lang='lat' dir='ltr'><strong>nisi</strong></span> <span class='ocrx_word' id='word_1_40' title='bbox 672 1091 789 1167; x_wconf 75' lang='lat' dir='ltr'><strong>aliquod</strong></span> <span class='ocrx_word' id='word_1_41' title='bbox 812 1089 944 1167; x_wconf 87' lang='lat' dir='ltr'><strong>profecto</strong></span> <span class='ocrx_word' id='word_1_42' title='bbox 966 1089 1048 1148; x_wconf 84' lang='lat' dir='ltr'><strong>neias</strong></span> <span class='ocrx_word' id='word_1_43' title='bbox 1070 1109 1149 1162; x_wconf 89' lang='lat' dir='ltr'><strong>esse,</strong></span> <span class='ocrx_word' id='word_1_44' title='bbox 1179 1089 1251 1168; x_wconf 82' lang='lat' dir='ltr'><strong>qno,</strong></span> <span class='ocrx_word' id='word_1_45' title='bbox 1284 1091 1309 1151; x_wconf 90' lang='lat' dir='ltr'><strong>si</strong></span> <span class='ocrx_word' id='word_1_46' title='bbox 1330 1089 1490 1150; x_wconf 70' lang='lat' dir='ltr'><strong>intersimus</strong></span> 
     </span>
     <span class='ocr_line' id='line_1_7' title="bbox 435 1187 1489 1274; baseline 0.001 -19"><span class='ocrx_word' id='word_1_47' title='bbox 435 1199 615 1274; x_wconf 84' lang='lat' dir='ltr'><strong>spectaculo,</strong></span> <span class='ocrx_word' id='word_1_48' title='bbox 647 1198 784 1256; x_wconf 85' lang='lat' dir='ltr'><strong>violaturi</strong></span> <span class='ocrx_word' id='word_1_49' title='bbox 809 1197 899 1254; x_wconf 89' lang='lat' dir='ltr'><strong>simus</strong></span> <span class='ocrx_word' id='word_1_50' title='bbox 920 1197 1004 1254; x_wconf 90' lang='lat' dir='ltr'><strong>ludos</strong></span> <span class='ocrx_word' id='word_1_51' title='bbox 1028 1187 1231 1274; x_wconf 79' lang='lat' dir='ltr'><strong>piaculumque</strong></span> <span class='ocrx_word' id='word_1_52' title='bbox 1250 1198 1394 1268; x_wconf 89' lang='lat' dir='ltr'><strong>merituri;</strong></span> <span class='ocrx_word' id='word_1_53' title='bbox 1427 1199 1489 1256; x_wconf 85' lang='lat' dir='ltr'><strong>ideo</strong></span> 
     </span>
     <span class='ocr_line' id='line_1_8' title="bbox 406 1302 1489 1380; baseline -0.001 -21"><span class='ocrx_word' id='word_1_54' title='bbox 406 1306 490 1361; x_wconf 73' lang='lat' dir='ltr'><strong>dnos</strong></span> <span class='ocrx_word' id='word_1_55' title='bbox 514 1305 552 1362; x_wconf 88' lang='lat' dir='ltr'><strong>ab</strong></span> <span class='ocrx_word' id='word_1_56' title='bbox 573 1305 642 1362; x_wconf 88' lang='lat' dir='ltr'><strong>sede</strong></span> <span class='ocrx_word' id='word_1_57' title='bbox 661 1303 790 1380; x_wconf 86' lang='lat' dir='ltr'><strong>piorum,</strong></span> <span class='ocrx_word' id='word_1_58' title='bbox 824 1311 908 1361; x_wconf 90' lang='lat' dir='ltr'><strong>coetu</strong></span> <span class='ocrx_word' id='word_1_59' title='bbox 929 1302 1108 1378; x_wconf 91' lang='lat' dir='ltr'><strong>concilioque</strong></span> <span class='ocrx_word' id='word_1_60' title='bbox 1130 1303 1229 1380; x_wconf 83' lang='lat' dir='ltr'><strong>abigi?</strong></span> <span class='ocrx_word' id='word_1_61' title='bbox 1267 1303 1346 1378; x_wconf 84' lang='lat' dir='ltr'><strong>Quid</strong></span> <span class='ocrx_word' id='word_1_62' title='bbox 1369 1302 1489 1362; x_wconf 87' lang='lat' dir='ltr'><strong>deiude?</strong></span> 
     </span>
     <span class='ocr_line' id='line_1_9' title="bbox 434 1409 1489 1486; baseline 0 -20"><span class='ocrx_word' id='word_1_63' title='bbox 434 1410 506 1467; x_wconf 88' lang='lat' dir='ltr'><strong>illud</strong></span> <span class='ocrx_word' id='word_1_64' title='bbox 526 1428 586 1466; x_wconf 89' lang='lat' dir='ltr'><strong>uon</strong></span> <span class='ocrx_word' id='word_1_65' title='bbox 604 1410 759 1479; x_wconf 78' lang='lat' dir='ltr'><strong>succurrit,</strong></span> <span class='ocrx_word' id='word_1_66' title='bbox 788 1410 887 1468; x_wconf 83' lang='lat' dir='ltr'><strong>vivere</strong></span> <span class='ocrx_word' id='word_1_67' title='bbox 908 1425 977 1479; x_wconf 90' lang='lat' dir='ltr'><strong>uos,</strong></span> <span class='ocrx_word' id='word_1_68' title='bbox 1003 1409 1080 1484; x_wconf 92' lang='lat' dir='ltr'><strong>quod</strong></span> <span class='ocrx_word' id='word_1_69' title='bbox 1104 1411 1308 1481; x_wconf 72' lang='lat' dir='ltr'><strong>metnrarimus</strong></span> <span class='ocrx_word' id='word_1_70' title='bbox 1329 1409 1489 1486; x_wconf 85' lang='lat' dir='ltr'><strong>proficisci?</strong></span> 
     </span>
     <span class='ocr_line' id='line_1_10' title="bbox 435 1513 1489 1592; baseline 0 -20"><span class='ocrx_word' id='word_1_71' title='bbox 435 1515 460 1572; x_wconf 94' lang='lat' dir='ltr'><strong>si</strong></span> <span class='ocrx_word' id='word_1_72' title='bbox 480 1517 537 1573; x_wconf 88' lang='lat' dir='ltr'><strong>boc</strong></span> <span class='ocrx_word' id='word_1_73' title='bbox 558 1515 701 1592; x_wconf 79' lang='lat' dir='ltr'><strong>profectio</strong></span> <span class='ocrx_word' id='word_1_74' title='bbox 722 1524 751 1572; x_wconf 87' lang='lat' dir='ltr'><strong>et</strong></span> <span class='ocrx_word' id='word_1_75' title='bbox 770 1533 830 1572; x_wconf 90' lang='lat' dir='ltr'><strong>uon</strong></span> <span class='ocrx_word' id='word_1_76' title='bbox 849 1513 922 1590; x_wconf 82' lang='lat' dir='ltr'><strong>fuga</strong></span> <span class='ocrx_word' id='word_1_77' title='bbox 942 1524 994 1572; x_wconf 88' lang='lat' dir='ltr'><strong>est.</strong></span> <span class='ocrx_word' id='word_1_78' title='bbox 1045 1515 1086 1573; x_wconf 82' lang='lat' dir='ltr'><strong>Et</strong></span> <span class='ocrx_word' id='word_1_79' title='bbox 1113 1517 1190 1575; x_wconf 89' lang='lat' dir='ltr'><strong>hanc</strong></span> <span class='ocrx_word' id='word_1_80' title='bbox 1221 1518 1321 1575; x_wconf 88' lang='lat' dir='ltr'><strong>urbem</strong></span> <span class='ocrx_word' id='word_1_81' title='bbox 1352 1535 1407 1575; x_wconf 86' lang='lat' dir='ltr'><strong>vos</strong></span> <span class='ocrx_word' id='word_1_82' title='bbox 1434 1536 1489 1574; x_wconf 88' lang='lat' dir='ltr'><strong>non</strong></span> 
     </span>
     <span class='ocr_line' id='line_1_11' title="bbox 435 1620 1487 1692; baseline 0.003 -13"><span class='ocrx_word' id='word_1_83' title='bbox 435 1622 560 1679; x_wconf 88' lang='lat' dir='ltr'><strong>hostium</strong></span> <span class='ocrx_word' id='word_1_84' title='bbox 582 1621 700 1692; x_wconf 89' lang='lat' dir='ltr'><strong>ducitis,</strong></span> <span class='ocrx_word' id='word_1_85' title='bbox 724 1621 774 1678; x_wconf 91' lang='lat' dir='ltr'><strong>ubi</strong></span> <span class='ocrx_word' id='word_1_86' title='bbox 795 1621 820 1678; x_wconf 91' lang='lat' dir='ltr'><strong>si</strong></span> <span class='ocrx_word' id='word_1_87' title='bbox 841 1639 929 1678; x_wconf 91' lang='lat' dir='ltr'><strong>unum</strong></span> <span class='ocrx_word' id='word_1_88' title='bbox 952 1620 1027 1678; x_wconf 91' lang='lat' dir='ltr'><strong>diem</strong></span> <span class='ocrx_word' id='word_1_89' title='bbox 1049 1622 1154 1680; x_wconf 87' lang='lat' dir='ltr'><strong>morati</strong></span> <span class='ocrx_word' id='word_1_90' title='bbox 1176 1623 1290 1692; x_wconf 88' lang='lat' dir='ltr'><strong>essetis,</strong></span> <span class='ocrx_word' id='word_1_91' title='bbox 1313 1623 1487 1682; x_wconf 88' lang='lat' dir='ltr'><strong>moriendum</strong></span> 
     </span>
     <span class='ocr_line' id='line_1_12' title="bbox 435 1725 1489 1802; baseline 0 -16"><span class='ocrx_word' id='word_1_92' title='bbox 435 1727 570 1786; x_wconf 87' lang='lat' dir='ltr'><strong>omuibus</strong></span> <span class='ocrx_word' id='word_1_93' title='bbox 590 1726 664 1785; x_wconf 85' lang='lat' dir='ltr'><strong>fuit?</strong></span> <span class='ocrx_word' id='word_1_94' title='bbox 706 1725 819 1785; x_wconf 88' lang='lat' dir='ltr'><strong>Bellum</strong></span> <span class='ocrx_word' id='word_1_95' title='bbox 841 1727 925 1785; x_wconf 87' lang='lat' dir='ltr'><strong>vobis</strong></span> <span class='ocrx_word' id='word_1_96' title='bbox 939 1727 1076 1785; x_wconf 88' lang='lat' dir='ltr'><strong>indictum</strong></span> <span class='ocrx_word' id='word_1_97' title='bbox 1093 1735 1145 1798; x_wconf 88' lang='lat' dir='ltr'><strong>est,</strong></span> <span class='ocrx_word' id='word_1_98' title='bbox 1166 1745 1273 1802; x_wconf 86' lang='lat' dir='ltr'><strong>magno</strong></span> <span class='ocrx_word' id='word_1_99' title='bbox 1289 1747 1390 1786; x_wconf 89' lang='lat' dir='ltr'><strong>eorum</strong></span> <span class='ocrx_word' id='word_1_100' title='bbox 1407 1731 1489 1795; x_wconf 86' lang='lat' dir='ltr'><strong>malo,</strong></span> 
     </span>
     <span class='ocr_line' id='line_1_13' title="bbox 405 1831 1490 1911; baseline 0 -20"><span class='ocrx_word' id='word_1_101' title='bbox 405 1834 485 1908; x_wconf 84' lang='lat' dir='ltr'><strong>liqui</strong></span> <span class='ocrx_word' id='word_1_102' title='bbox 506 1835 644 1905; x_wconf 76' lang='lat' dir='ltr'>indixere,</span> <span class='ocrx_word' id='word_1_103' title='bbox 665 1834 690 1891; x_wconf 88' lang='lat' dir='ltr'><strong>si</strong></span> <span class='ocrx_word' id='word_1_104' title='bbox 711 1834 767 1892; x_wconf 83' lang='lat' dir='ltr'><strong>viri</strong></span> <span class='ocrx_word' id='word_1_105' title='bbox 787 1832 883 1890; x_wconf 86' lang='lat' dir='ltr'><strong>estis.“</strong></span> <span class='ocrx_word' id='word_1_106' title='bbox 928 1834 975 1890; x_wconf 86' lang='lat' dir='ltr'><strong>lta</strong></span> <span class='ocrx_word' id='word_1_107' title='bbox 997 1843 1025 1890; x_wconf 87' lang='lat' dir='ltr'><strong>et</strong></span> <span class='ocrx_word' id='word_1_108' title='bbox 1045 1851 1099 1890; x_wconf 87' lang='lat' dir='ltr'><strong>sua</strong></span> <span class='ocrx_word' id='word_1_109' title='bbox 1120 1843 1222 1908; x_wconf 90' lang='lat' dir='ltr'><strong>sponte</strong></span> <span class='ocrx_word' id='word_1_110' title='bbox 1243 1831 1353 1891; x_wconf 80' lang='lat' dir='ltr'><strong>irarum</strong></span> <span class='ocrx_word' id='word_1_111' title='bbox 1373 1835 1451 1911; x_wconf 92' lang='lat' dir='ltr'><strong>pleni</strong></span> <span class='ocrx_word' id='word_1_112' title='bbox 1465 1850 1490 1892; x_wconf 88' lang='lat' dir='ltr'><strong>et</strong></span> 
     </span>
     <span class='ocr_line' id='line_1_14' title="bbox 433 1937 1488 2016; baseline -0.002 -18"><span class='ocrx_word' id='word_1_113' title='bbox 433 1940 544 1998; x_wconf 90' lang='lat' dir='ltr'><strong>incitati</strong></span> <span class='ocrx_word' id='word_1_114' title='bbox 565 1942 667 1998; x_wconf 90' lang='lat' dir='ltr'><strong>domos</strong></span> <span class='ocrx_word' id='word_1_115' title='bbox 688 1940 755 1998; x_wconf 91' lang='lat' dir='ltr'><strong>inde</strong></span> <span class='ocrx_word' id='word_1_116' title='bbox 778 1939 899 2014; x_wconf 78' lang='lat' dir='ltr'>digressi</span> <span class='ocrx_word' id='word_1_117' title='bbox 921 1947 1001 2009; x_wconf 86' lang='lat' dir='ltr'><strong>sunt,</strong></span> <span class='ocrx_word' id='word_1_118' title='bbox 1029 1937 1251 2014; x_wconf 76' lang='lat' dir='ltr'><strong>instigandoque</strong></span> <span class='ocrx_word' id='word_1_119' title='bbox 1279 1957 1349 1998; x_wconf 91' lang='lat' dir='ltr'><strong>suos</strong></span> <span class='ocrx_word' id='word_1_120' title='bbox 1372 1942 1488 2016; x_wconf 89' lang='lat' dir='ltr'><strong>quisque</strong></span> 
     </span>
     <span class='ocr_line' id='line_1_15' title="bbox 436 2044 1324 2123; baseline -0.005 -17"><span class='ocrx_word' id='word_1_121' title='bbox 436 2048 559 2123; x_wconf 89' lang='lat' dir='ltr'><strong>populos</strong></span> <span class='ocrx_word' id='word_1_122' title='bbox 581 2046 711 2116; x_wconf 82' lang='lat' dir='ltr'><strong>effecere,</strong></span> <span class='ocrx_word' id='word_1_123' title='bbox 732 2054 764 2103; x_wconf 93' lang='lat' dir='ltr'><strong>ut</strong></span> <span class='ocrx_word' id='word_1_124' title='bbox 784 2063 870 2102; x_wconf 87' lang='lat' dir='ltr'><strong>omne</strong></span> <span class='ocrx_word' id='word_1_125' title='bbox 892 2046 1031 2103; x_wconf 87' lang='lat' dir='ltr'><strong>Volscum</strong></span> <span class='ocrx_word' id='word_1_126' title='bbox 1053 2060 1159 2101; x_wconf 88' lang='lat' dir='ltr'><strong>nomeu</strong></span> <span class='ocrx_word' id='word_1_127' title='bbox 1180 2044 1324 2121; x_wconf 84' lang='lat' dir='ltr'><strong>deficeret.</strong></span> 
     </span>
     <span class='ocr_line' id='line_1_16' title="bbox 341 2134 1516 2230; baseline -0.003 -19"><span class='ocrx_word' id='word_1_128' title='bbox 341 2134 388 2204; x_wconf 71' lang='grc'><strong>39</strong></span> <span class='ocrx_word' id='word_1_129' title='bbox 518 2155 713 2230; x_wconf 74' lang='lat' dir='ltr'><strong>Imperatores</strong></span> <span class='ocrx_word' id='word_1_130' title='bbox 737 2152 775 2210; x_wconf 87' lang='lat' dir='ltr'><strong>ad</strong></span> <span class='ocrx_word' id='word_1_131' title='bbox 795 2151 826 2209; x_wconf 90' lang='lat' dir='ltr'><strong>id</strong></span> <span class='ocrx_word' id='word_1_132' title='bbox 846 2150 952 2210; x_wconf 90' lang='lat' dir='ltr'><strong>bellum</strong></span> <span class='ocrx_word' id='word_1_133' title='bbox 970 2149 1006 2207; x_wconf 92' lang='lat' dir='ltr'><strong>de</strong></span> <span class='ocrx_word' id='word_1_134' title='bbox 1021 2150 1147 2208; x_wconf 88' lang='lat' dir='ltr'><strong>omnium</strong></span> <span class='ocrx_word' id='word_1_135' title='bbox 1162 2150 1336 2227; x_wconf 88' lang='lat' dir='ltr'><strong>populorum</strong></span> <span class='ocrx_word' id='word_1_136' title='bbox 1352 2152 1488 2210; x_wconf 88' lang='lat' dir='ltr'><strong>sententia</strong></span> <span class='ocrx_word' id='word_1_137' title='bbox 1504 2159 1516 2182; x_wconf 78' lang='grc'><em>“</em></span> 
     </span>
     <span class='ocr_line' id='line_1_17' title="bbox 435 2255 1488 2334; baseline -0.001 -19"><span class='ocrx_word' id='word_1_138' title='bbox 435 2259 501 2317; x_wconf 92' lang='lat' dir='ltr'><strong>lecti</strong></span> <span class='ocrx_word' id='word_1_139' title='bbox 511 2262 610 2318; x_wconf 84' lang='lat' dir='ltr'><strong>Attius</strong></span> <span class='ocrx_word' id='word_1_140' title='bbox 632 2258 745 2317; x_wconf 88' lang='lat' dir='ltr'><strong>Tullius</strong></span> <span class='ocrx_word' id='word_1_141' title='bbox 766 2255 859 2316; x_wconf 81' lang='lat' dir='ltr'><strong>etCn.</strong></span> <span class='ocrx_word' id='word_1_142' title='bbox 875 2255 1003 2314; x_wconf 77' lang='lat' dir='ltr'><strong>Marcius</strong></span> <span class='ocrx_word' id='word_1_143' title='bbox 1026 2255 1107 2314; x_wconf 84' lang='lat' dir='ltr'><strong>exsul</strong></span> <span class='ocrx_word' id='word_1_144' title='bbox 1124 2259 1284 2326; x_wconf 85' lang='lat' dir='ltr'><strong>Romanus,</strong></span> <span class='ocrx_word' id='word_1_145' title='bbox 1305 2257 1335 2314; x_wconf 89' lang='lat' dir='ltr'><strong>in</strong></span> <span class='ocrx_word' id='word_1_146' title='bbox 1360 2277 1419 2334; x_wconf 85' lang='lat' dir='ltr'><strong>quo</strong></span> <span class='ocrx_word' id='word_1_147' title='bbox 1441 2257 1488 2315; x_wconf 88' lang='lat' dir='ltr'><strong>ali-</strong></span> 
     </span>
     <span class='ocr_line' id='line_1_18' title="bbox 405 2361 1488 2441; baseline -0.004 -20"><span class='ocrx_word' id='word_1_148' title='bbox 405 2365 422 2421; x_wconf 84' lang='lat'>2</span> <span class='ocrx_word' id='word_1_149' title='bbox 436 2376 545 2439; x_wconf 84' lang='lat' dir='ltr'><strong>quanto</strong></span> <span class='ocrx_word' id='word_1_150' title='bbox 559 2365 624 2441; x_wconf 93' lang='lat' dir='ltr'><strong>plus</strong></span> <span class='ocrx_word' id='word_1_151' title='bbox 639 2365 700 2440; x_wconf 92' lang='lat' dir='ltr'><strong>spei</strong></span> <span class='ocrx_word' id='word_1_152' title='bbox 714 2363 882 2439; x_wconf 89' lang='lat' dir='ltr'><strong>repositum.</strong></span> <span class='ocrx_word' id='word_1_153' title='bbox 925 2361 1019 2435; x_wconf 79' lang='lat' dir='ltr'><strong>Quam</strong></span> <span class='ocrx_word' id='word_1_154' title='bbox 1036 2379 1116 2438; x_wconf 87' lang='lat' dir='ltr'><strong>spem</strong></span> <span class='ocrx_word' id='word_1_155' title='bbox 1133 2381 1318 2437; x_wconf 87' lang='lat' dir='ltr'><strong>nequaquam</strong></span> <span class='ocrx_word' id='word_1_156' title='bbox 1333 2363 1446 2434; x_wconf 82' lang='lat' dir='ltr'><strong>fefellit,</strong></span> <span class='ocrx_word' id='word_1_157' title='bbox 1460 2371 1488 2418; x_wconf 93' lang='lat' dir='ltr'><strong>ut</strong></span> 
     </span>
     <span class='ocr_line' id='line_1_19' title="bbox 434 2461 1519 2554; baseline -0.005 -24"><span class='ocrx_word' id='word_1_158' title='bbox 434 2471 520 2530; x_wconf 81' lang='lat' dir='ltr'><strong>facile</strong></span> <span class='ocrx_word' id='word_1_159' title='bbox 540 2479 702 2554; x_wconf 72' lang='lat' dir='ltr'><strong>appareret,</strong></span> <span class='ocrx_word' id='word_1_160' title='bbox 726 2462 846 2526; x_wconf 59' lang='lat' dir='ltr'><strong>modius</strong></span> <span class='ocrx_word' id='word_1_161' title='bbox 868 2466 1038 2524; x_wconf 83' lang='lat' dir='ltr'><strong>validiorem</strong></span> <span class='ocrx_word' id='word_1_162' title='bbox 1061 2487 1147 2542; x_wconf 90' lang='lat' dir='ltr'><strong>quam</strong></span> <span class='ocrx_word' id='word_1_163' title='bbox 1163 2469 1290 2526; x_wconf 84' lang='lat' dir='ltr'><strong>exercitu</strong></span> <span class='ocrx_word' id='word_1_164' title='bbox 1305 2488 1366 2527; x_wconf 88' lang='lat' dir='ltr'><strong>rem</strong></span> <span class='ocrx_word' id='word_1_165' title='bbox 1382 2471 1485 2527; x_wconf 86' lang='lat' dir='ltr'><strong>Roma·</strong></span> <span class='ocrx_word' id='word_1_166' title='bbox 1518 2461 1519 2535; x_wconf 77' lang='lat' dir='ltr'><strong>l</strong></span> 
     </span>
    </p>
   </div>
   <div class='ocr_carea' id='block_1_3' title="bbox 405 2571 1518 2973">
    <p class='ocr_par' dir='ltr' id='par_1_3' title="bbox 405 2571 1518 2973">
     <span class='ocr_line' id='line_1_20' title="bbox 434 2571 1518 2671; baseline -0.005 -38"><span class='ocrx_word' id='word_1_167' title='bbox 434 2595 502 2634; x_wconf 84' lang='lat' dir='ltr'><strong>nam</strong></span> <span class='ocrx_word' id='word_1_168' title='bbox 525 2593 597 2636; x_wconf 88' lang='lat' dir='ltr'><strong>esse.</strong></span> <span class='ocrx_word' id='word_1_169' title='bbox 651 2573 779 2632; x_wconf 80' lang='lat' dir='ltr'><strong>Circeios</strong></span> <span class='ocrx_word' id='word_1_170' title='bbox 799 2571 946 2649; x_wconf 85' lang='lat' dir='ltr'><strong>proiectus</strong></span> <span class='ocrx_word' id='word_1_171' title='bbox 967 2575 1091 2649; x_wconf 84' lang='lat' dir='ltr'><strong>primum</strong></span> <span class='ocrx_word' id='word_1_172' title='bbox 1113 2575 1232 2632; x_wconf 89' lang='lat' dir='ltr'><strong>colonos</strong></span> <span class='ocrx_word' id='word_1_173' title='bbox 1253 2574 1321 2632; x_wconf 90' lang='lat' dir='ltr'><strong>inde</strong></span> <span class='ocrx_word' id='word_1_174' title='bbox 1342 2576 1486 2633; x_wconf 87' lang='lat' dir='ltr'><strong>Romanos</strong></span> <span class='ocrx_word' id='word_1_175' title='bbox 1517 2603 1518 2671; x_wconf 52' lang='lat' dir='ltr'><strong>p</strong></span> 
     </span>
     <span class='ocr_line' id='line_1_21' title="bbox 405 2678 1517 2759; baseline -0.005 -18"><span class='ocrx_word' id='word_1_176' title='bbox 405 2682 546 2759; x_wconf 84' lang='lat' dir='ltr'><strong>3expulit</strong></span> <span class='ocrx_word' id='word_1_177' title='bbox 564 2681 745 2754; x_wconf 87' lang='lat' dir='ltr'><strong>liberamque</strong></span> <span class='ocrx_word' id='word_1_178' title='bbox 766 2696 830 2735; x_wconf 87' lang='lat' dir='ltr'><strong>eam</strong></span> <span class='ocrx_word' id='word_1_179' title='bbox 853 2678 952 2734; x_wconf 89' lang='lat' dir='ltr'><strong>urbem</strong></span> <span class='ocrx_word' id='word_1_180' title='bbox 975 2678 1090 2736; x_wconf 80' lang='lat' dir='ltr'><strong>Volscis</strong></span> <span class='ocrx_word' id='word_1_181' title='bbox 1111 2681 1243 2751; x_wconf 82' lang='lat' dir='ltr'><strong>tradidit3</strong></span> <span class='ocrx_word' id='word_1_182' title='bbox 1270 2681 1339 2754; x_wconf 84' lang='lat' dir='ltr'><strong>inde</strong></span> <span class='ocrx_word' id='word_1_183' title='bbox 1360 2682 1390 2738; x_wconf 91' lang='lat' dir='ltr'><strong>in</strong></span> <span class='ocrx_word' id='word_1_184' title='bbox 1412 2679 1483 2740; x_wconf 84' lang='lat' dir='ltr'><strong>Lati·</strong></span> <span class='ocrx_word' id='word_1_185' title='bbox 1516 2731 1517 2744; x_wconf 66' lang='grc'>,</span> 
     </span>
     <span class='ocr_line' id='line_1_22' title="bbox 434 2757 1517 2861; baseline -0.004 -15"><span class='ocrx_word' id='word_1_186' title='bbox 434 2809 500 2846; x_wconf 87' lang='lat' dir='ltr'><strong>nam</strong></span> <span class='ocrx_word' id='word_1_187' title='bbox 525 2789 603 2846; x_wconf 84' lang='lat' dir='ltr'><strong>viam</strong></span> <span class='ocrx_word' id='word_1_188' title='bbox 626 2783 798 2844; x_wconf 85' lang='lat' dir='ltr'><strong>transversis</strong></span> <span class='ocrx_word' id='word_1_189' title='bbox 820 2783 983 2841; x_wconf 88' lang='lat' dir='ltr'><strong>tramitibus</strong></span> <span class='ocrx_word' id='word_1_190' title='bbox 1004 2791 1200 2861; x_wconf 84' lang='lat' dir='ltr'><strong>transgressus</strong></span> <span class='ocrx_word' id='word_1_191' title='bbox 1222 2785 1384 2858; x_wconf 86' lang='lat' dir='ltr'><strong>Satricum,</strong></span> <span class='ocrx_word' id='word_1_192' title='bbox 1414 2787 1484 2844; x_wconf 90' lang='lat' dir='ltr'><strong>Lon·</strong></span> <span class='ocrx_word' id='word_1_193' title='bbox 1516 2757 1517 2807; x_wconf 63' lang='lat' dir='ltr'><strong>l</strong></span> 
     </span>
     <span class='ocr_line' id='line_1_23' title="bbox 434 2888 1516 2973; baseline -0.009 -20"><span class='ocrx_word' id='word_1_194' title='bbox 434 2895 549 2973; x_wconf 84' lang='lat' dir='ltr'><strong>gulam,</strong></span> <span class='ocrx_word' id='word_1_195' title='bbox 581 2892 752 2961; x_wconf 87' lang='lat' dir='ltr'><strong>Poluscam,</strong></span> <span class='ocrx_word' id='word_1_196' title='bbox 780 2888 929 2959; x_wconf 85' lang='lat' dir='ltr'><strong>Coriolos,</strong></span> <span class='ocrx_word' id='word_1_197' title='bbox 962 2889 1079 2947; x_wconf 83' lang='lat' dir='ltr'><strong>novella</strong></span> <span class='ocrx_word' id='word_1_198' title='bbox 1115 2892 1176 2948; x_wconf 86' lang='lat' dir='ltr'><strong>hsec</strong></span> <span class='ocrx_word' id='word_1_199' title='bbox 1208 2891 1349 2950; x_wconf 87' lang='lat' dir='ltr'><strong>Romanis</strong></span> <span class='ocrx_word' id='word_1_200' title='bbox 1383 2891 1485 2969; x_wconf 83' lang='lat' dir='ltr'><strong>oppida</strong></span> <span class='ocrx_word' id='word_1_201' title='bbox 1515 2901 1516 2943; x_wconf 80' lang='lat' dir='ltr'><strong>l</strong></span> 
     </span>
    </p>
   </div>
   <div class='ocr_carea' id='block_1_4' title="bbox 372 2995 1515 4343">
    <p class='ocr_par' dir='ltr' id='par_1_4' title="bbox 404 2995 1515 3393">
     <span class='ocr_line' id='line_1_24' title="bbox 404 2995 1515 3079; baseline -0.005 -19"><span class='ocrx_word' id='word_1_202' title='bbox 404 3000 559 3070; x_wconf 78' lang='lat' dir='ltr'><strong>iademit3</strong></span> <span class='ocrx_word' id='word_1_203' title='bbox 590 2999 657 3056; x_wconf 89' lang='lat' dir='ltr'><strong>inde</strong></span> <span class='ocrx_word' id='word_1_204' title='bbox 689 2996 842 3055; x_wconf 84' lang='lat' dir='ltr'><strong>Lavinium</strong></span> <span class='ocrx_word' id='word_1_205' title='bbox 873 2995 996 3071; x_wconf 84' lang='lat' dir='ltr'><strong>recepit3</strong></span> <span class='ocrx_word' id='word_1_206' title='bbox 1031 3005 1091 3054; x_wconf 84' lang='lat' dir='ltr'><strong>tum</strong></span> <span class='ocrx_word' id='word_1_207' title='bbox 1127 2997 1261 3074; x_wconf 86' lang='lat' dir='ltr'><strong>deinceps</strong></span> <span class='ocrx_word' id='word_1_208' title='bbox 1302 2996 1484 3065; x_wconf 85' lang='lat' dir='ltr'><strong>Corbionem,</strong></span> <span class='ocrx_word' id='word_1_209' title='bbox 1514 3027 1515 3079; x_wconf 56' lang='lat' dir='ltr'><strong>q</strong></span> 
     </span>
     <span class='ocr_line' id='line_1_25' title="bbox 404 3100 1514 3178; baseline -0.004 -16"><span class='ocrx_word' id='word_1_210' title='bbox 404 3105 597 3175; x_wconf 86' lang='lat' dir='ltr'><strong>5Vitelliam,</strong></span> <span class='ocrx_word' id='word_1_211' title='bbox 628 3104 781 3174; x_wconf 88' lang='lat' dir='ltr'><strong>Trebium,</strong></span> <span class='ocrx_word' id='word_1_212' title='bbox 803 3100 944 3172; x_wconf 73' lang='lat' dir='ltr'><strong>Lasiam,</strong></span> <span class='ocrx_word' id='word_1_213' title='bbox 974 3101 1084 3159; x_wconf 89' lang='lat' dir='ltr'><strong>Pedum</strong></span> <span class='ocrx_word' id='word_1_214' title='bbox 1115 3101 1199 3178; x_wconf 88' lang='lat' dir='ltr'><strong>cepit.</strong></span> <span class='ocrx_word' id='word_1_215' title='bbox 1243 3103 1430 3162; x_wconf 83' lang='lat' dir='ltr'><strong>Postremum</strong></span> <span class='ocrx_word' id='word_1_216' title='bbox 1453 3103 1484 3161; x_wconf 89' lang='lat' dir='ltr'><strong>ad</strong></span> <span class='ocrx_word' id='word_1_217' title='bbox 1513 3163 1514 3170; x_wconf 12' lang='grc' dir='ltr'>ἶ</span> 
     </span>
     <span class='ocr_line' id='line_1_26' title="bbox 433 3177 1514 3284; baseline -0.005 -16"><span class='ocrx_word' id='word_1_218' title='bbox 433 3212 533 3269; x_wconf 89' lang='lat' dir='ltr'><strong>urbem</strong></span> <span class='ocrx_word' id='word_1_219' title='bbox 554 3229 574 3267; x_wconf 91' lang='lat' dir='ltr'><strong>a</strong></span> <span class='ocrx_word' id='word_1_220' title='bbox 594 3209 676 3268; x_wconf 89' lang='lat' dir='ltr'><strong>Pedo</strong></span> <span class='ocrx_word' id='word_1_221' title='bbox 698 3209 791 3278; x_wconf 84' lang='lat' dir='ltr'><strong>ducit,</strong></span> <span class='ocrx_word' id='word_1_222' title='bbox 824 3217 854 3265; x_wconf 90' lang='lat' dir='ltr'><strong>et</strong></span> <span class='ocrx_word' id='word_1_223' title='bbox 886 3208 923 3265; x_wconf 87' lang='lat' dir='ltr'><strong>ad</strong></span> <span class='ocrx_word' id='word_1_224' title='bbox 951 3205 1047 3265; x_wconf 82' lang='lat' dir='ltr'><strong>fossas</strong></span> <span class='ocrx_word' id='word_1_225' title='bbox 1068 3206 1188 3266; x_wconf 84' lang='lat' dir='ltr'><strong>Cluilias</strong></span> <span class='ocrx_word' id='word_1_226' title='bbox 1210 3209 1337 3284; x_wconf 88' lang='lat' dir='ltr'><strong>quinque</strong></span> <span class='ocrx_word' id='word_1_227' title='bbox 1359 3209 1396 3266; x_wconf 85' lang='lat' dir='ltr'><strong>ab</strong></span> <span class='ocrx_word' id='word_1_228' title='bbox 1419 3211 1484 3267; x_wconf 86' lang='lat' dir='ltr'><strong>urbe</strong></span> <span class='ocrx_word' id='word_1_229' title='bbox 1513 3177 1514 3215; x_wconf 49' lang='lat' dir='ltr'><strong>l</strong></span> 
     </span>
     <span class='ocr_line' id='line_1_27' title="bbox 431 3307 1513 3393; baseline -0.003 -17"><span class='ocrx_word' id='word_1_230' title='bbox 431 3319 523 3376; x_wconf 90' lang='lat' dir='ltr'><strong>millia</strong></span> <span class='ocrx_word' id='word_1_231' title='bbox 543 3333 681 3393; x_wconf 69' lang='lat' dir='ltr'><strong>passuum</strong></span> <span class='ocrx_word' id='word_1_232' title='bbox 703 3315 805 3373; x_wconf 86' lang='lat' dir='ltr'><strong>castris</strong></span> <span class='ocrx_word' id='word_1_233' title='bbox 826 3313 938 3389; x_wconf 84' lang='lat' dir='ltr'><strong>positis,</strong></span> <span class='ocrx_word' id='word_1_234' title='bbox 948 3315 1106 3391; x_wconf 87' lang='lat' dir='ltr'><strong>populatur</strong></span> <span class='ocrx_word' id='word_1_235' title='bbox 1118 3314 1185 3372; x_wconf 88' lang='lat' dir='ltr'><strong>inde</strong></span> <span class='ocrx_word' id='word_1_236' title='bbox 1200 3331 1300 3390; x_wconf 84' lang='lat' dir='ltr'><strong>agrum</strong></span> <span class='ocrx_word' id='word_1_237' title='bbox 1313 3316 1484 3382; x_wconf 87' lang='lat' dir='ltr'><strong>Romanum,</strong></span> <span class='ocrx_word' id='word_1_238' title='bbox 1512 3307 1513 3351; x_wconf 74' lang='lat' dir='ltr'><strong>l</strong></span> 
     </span>
    </p>

    <p class='ocr_par' dir='ltr' id='par_1_5' title="bbox 372 3419 1512 4343">
     <span class='ocr_line' id='line_1_28' title="bbox 372 3419 1512 3502; baseline 0.001 -26"><span class='ocrx_word' id='word_1_239' title='bbox 372 3498 375 3502; x_wconf 18' lang='grc' dir='ltr'>ι</span> <span class='ocrx_word' id='word_1_240' title='bbox 404 3419 697 3481; x_wconf 80' lang='lat' dir='ltr'><strong>bcustodibusinter</strong></span> <span class='ocrx_word' id='word_1_241' title='bbox 712 3420 900 3497; x_wconf 83' lang='lat' dir='ltr'><strong>populatores</strong></span> <span class='ocrx_word' id='word_1_242' title='bbox 922 3419 1031 3490; x_wconf 88' lang='lat' dir='ltr'><strong>missis,</strong></span> <span class='ocrx_word' id='word_1_243' title='bbox 1054 3420 1103 3496; x_wconf 91' lang='lat' dir='ltr'><strong>qui</strong></span> <span class='ocrx_word' id='word_1_244' title='bbox 1123 3419 1311 3496; x_wconf 71' lang='lat' dir='ltr'><strong>patriciorum</strong></span> <span class='ocrx_word' id='word_1_245' title='bbox 1335 3437 1425 3496; x_wconf 87' lang='lat' dir='ltr'><strong>agros</strong></span> <span class='ocrx_word' id='word_1_246' title='bbox 1446 3421 1483 3477; x_wconf 88' lang='lat' dir='ltr'><strong>iu·</strong></span> <span class='ocrx_word' id='word_1_247' title='bbox 1511 3453 1512 3487; x_wconf 69' lang='lat'><strong>,</strong></span> 
     </span>
     <span class='ocr_line' id='line_1_29' title="bbox 432 3523 1511 3602; baseline -0.004 -16"><span class='ocrx_word' id='word_1_248' title='bbox 432 3537 526 3586; x_wconf 86' lang='lat' dir='ltr'><strong>tectos</strong></span> <span class='ocrx_word' id='word_1_249' title='bbox 547 3537 705 3597; x_wconf 84' lang='lat' dir='ltr'><strong>servarent,</strong></span> <span class='ocrx_word' id='word_1_250' title='bbox 726 3526 788 3584; x_wconf 86' lang='lat' dir='ltr'><strong>sive</strong></span> <span class='ocrx_word' id='word_1_251' title='bbox 807 3523 937 3582; x_wconf 80' lang='lat' dir='ltr'><strong>infensus</strong></span> <span class='ocrx_word' id='word_1_252' title='bbox 966 3525 1043 3602; x_wconf 92' lang='lat' dir='ltr'><strong>plebi</strong></span> <span class='ocrx_word' id='word_1_253' title='bbox 1076 3525 1169 3601; x_wconf 84' lang='lat' dir='ltr'><strong>magis</strong></span> <span class='ocrx_word' id='word_1_254' title='bbox 1198 3525 1260 3582; x_wconf 84' lang='lat' dir='ltr'><strong>sive</strong></span> <span class='ocrx_word' id='word_1_255' title='bbox 1288 3533 1322 3582; x_wconf 88' lang='lat' dir='ltr'><strong>ut</strong></span> <span class='ocrx_word' id='word_1_256' title='bbox 1344 3526 1484 3584; x_wconf 88' lang='lat' dir='ltr'><strong>discordis</strong></span> <span class='ocrx_word' id='word_1_257' title='bbox 1510 3597 1511 3600; x_wconf 7' lang='grc' dir='ltr'><strong>Ἴ</strong></span> 
     </span>
     <span class='ocr_line' id='line_1_30' title="bbox 405 3605 1511 3708; baseline -0.003 -15"><span class='ocrx_word' id='word_1_258' title='bbox 405 3635 501 3700; x_wconf 74' lang='lat' dir='ltr'><strong>‘liudo</strong></span> <span class='ocrx_word' id='word_1_259' title='bbox 520 3634 595 3692; x_wconf 89' lang='lat' dir='ltr'><strong>iuter</strong></span> <span class='ocrx_word' id='word_1_260' title='bbox 614 3643 712 3708; x_wconf 92' lang='lat' dir='ltr'><strong>patres</strong></span> <span class='ocrx_word' id='word_1_261' title='bbox 730 3631 902 3708; x_wconf 85' lang='lat' dir='ltr'><strong>plebemque</strong></span> <span class='ocrx_word' id='word_1_262' title='bbox 924 3642 1062 3689; x_wconf 84' lang='lat' dir='ltr'><strong>oreretur.</strong></span> <span class='ocrx_word' id='word_1_263' title='bbox 1107 3631 1179 3704; x_wconf 75' lang='lat' dir='ltr'><strong>Qum</strong></span> <span class='ocrx_word' id='word_1_264' title='bbox 1200 3629 1332 3706; x_wconf 88' lang='lat' dir='ltr'><strong>profecto</strong></span> <span class='ocrx_word' id='word_1_265' title='bbox 1355 3641 1421 3690; x_wconf 85' lang='lat' dir='ltr'><strong>orta</strong></span> <span class='ocrx_word' id='word_1_266' title='bbox 1444 3651 1483 3690; x_wconf 89' lang='lat' dir='ltr'><strong>es·</strong></span> <span class='ocrx_word' id='word_1_267' title='bbox 1510 3605 1511 3623; x_wconf 32' lang='lat' dir='ltr'><strong>l</strong></span> 
     </span>
     <span class='ocr_line' id='line_1_31' title="bbox 434 3733 1510 3814; baseline -0.006 -14"><span class='ocrx_word' id='word_1_268' title='bbox 434 3751 478 3800; x_wconf 88' lang='lat' dir='ltr'><strong>set</strong></span> <span class='ocrx_word' id='word_1_269' title='bbox 509 3741 595 3814; x_wconf 91' lang='lat' dir='ltr'><strong>(adeo</strong></span> <span class='ocrx_word' id='word_1_270' title='bbox 623 3738 730 3797; x_wconf 90' lang='lat' dir='ltr'><strong>tribuni</strong></span> <span class='ocrx_word' id='word_1_271' title='bbox 758 3737 818 3794; x_wconf 91' lang='lat' dir='ltr'><strong>iam</strong></span> <span class='ocrx_word' id='word_1_272' title='bbox 843 3736 969 3795; x_wconf 85' lang='lat' dir='ltr'><strong>ferocem</strong></span> <span class='ocrx_word' id='word_1_273' title='bbox 990 3756 1043 3813; x_wconf 90' lang='lat' dir='ltr'><strong>per</strong></span> <span class='ocrx_word' id='word_1_274' title='bbox 1071 3755 1102 3794; x_wconf 89' lang='lat' dir='ltr'><strong>se</strong></span> <span class='ocrx_word' id='word_1_275' title='bbox 1123 3737 1235 3813; x_wconf 89' lang='lat' dir='ltr'><strong>plebem</strong></span> <span class='ocrx_word' id='word_1_276' title='bbox 1251 3737 1434 3796; x_wconf 83' lang='lat' dir='ltr'><strong>criminando</strong></span> <span class='ocrx_word' id='word_1_277' title='bbox 1458 3740 1481 3795; x_wconf 88' lang='lat' dir='ltr'><strong>in</strong></span> <span class='ocrx_word' id='word_1_278' title='bbox 1509 3733 1510 3757; x_wconf 64' lang='lat'>¹</span> 
     </span>
     <span class='ocr_line' id='line_1_32' title="bbox 433 3843 1509 3928; baseline -0.007 -21"><span class='ocrx_word' id='word_1_279' title='bbox 433 3848 574 3923; x_wconf 88' lang='lat' dir='ltr'><strong>primores</strong></span> <span class='ocrx_word' id='word_1_280' title='bbox 595 3844 720 3905; x_wconf 84' lang='lat' dir='ltr'><strong>civitatis</strong></span> <span class='ocrx_word' id='word_1_281' title='bbox 740 3844 945 3928; x_wconf 80' lang='lat' dir='ltr'><strong>instigabant);</strong></span> <span class='ocrx_word' id='word_1_282' title='bbox 968 3843 1019 3900; x_wconf 89' lang='lat' dir='ltr'><strong>sed</strong></span> <span class='ocrx_word' id='word_1_283' title='bbox 1042 3852 1177 3900; x_wconf 89' lang='lat' dir='ltr'><strong>externus</strong></span> <span class='ocrx_word' id='word_1_284' title='bbox 1199 3844 1295 3914; x_wconf 88' lang='lat' dir='ltr'><strong>timor,</strong></span> <span class='ocrx_word' id='word_1_285' title='bbox 1327 3843 1480 3901; x_wconf 85' lang='lat' dir='ltr'><strong>maximum</strong></span> <span class='ocrx_word' id='word_1_286' title='bbox 1508 3865 1509 3893; x_wconf 64' lang='lat' dir='ltr'><strong>i</strong></span> 
     </span>
     <span class='ocr_line' id='line_1_33' title="bbox 433 3949 1508 4029; baseline -0.005 -19"><span class='ocrx_word' id='word_1_287' title='bbox 433 3951 593 4010; x_wconf 75' lang='lat' dir='ltr'><strong>concordie</strong></span> <span class='ocrx_word' id='word_1_288' title='bbox 613 3950 772 4019; x_wconf 84' lang='lat' dir='ltr'><strong>vinculum,</strong></span> <span class='ocrx_word' id='word_1_289' title='bbox 806 3949 939 4024; x_wconf 84' lang='lat' dir='ltr'><strong>quamvis</strong></span> <span class='ocrx_word' id='word_1_290' title='bbox 969 3957 1118 4025; x_wconf 87' lang='lat' dir='ltr'><strong>suspectos</strong></span> <span class='ocrx_word' id='word_1_291' title='bbox 1145 3949 1331 4024; x_wconf 85' lang='lat' dir='ltr'><strong>infensosque</strong></span> <span class='ocrx_word' id='word_1_292' title='bbox 1359 3951 1434 4007; x_wconf 88' lang='lat' dir='ltr'><strong>iuter</strong></span> <span class='ocrx_word' id='word_1_293' title='bbox 1454 3967 1480 4006; x_wconf 87' lang='lat' dir='ltr'><strong>se</strong></span> <span class='ocrx_word' id='word_1_294' title='bbox 1507 3979 1508 4029; x_wconf 56' lang='lat' dir='ltr'><strong>q</strong></span> 
     </span>
     <span class='ocr_line' id='line_1_34' title="bbox 404 4055 1507 4165; baseline -0.003 -51"><span class='ocrx_word' id='word_1_295' title='bbox 404 4056 571 4133; x_wconf 77' lang='lat' dir='ltr'><strong>diungebat</strong></span> <span class='ocrx_word' id='word_1_296' title='bbox 591 4055 713 4114; x_wconf 87' lang='lat' dir='ltr'><strong>animos.</strong></span> <span class='ocrx_word' id='word_1_297' title='bbox 755 4055 791 4112; x_wconf 92' lang='lat' dir='ltr'><strong>Id</strong></span> <span class='ocrx_word' id='word_1_298' title='bbox 821 4055 909 4112; x_wconf 91' lang='lat' dir='ltr'><strong>modo</strong></span> <span class='ocrx_word' id='word_1_299' title='bbox 936 4071 994 4110; x_wconf 89' lang='lat' dir='ltr'><strong>non</strong></span> <span class='ocrx_word' id='word_1_300' title='bbox 1025 4056 1227 4125; x_wconf 84' lang='lat' dir='ltr'><strong>conveniebat,</strong></span> <span class='ocrx_word' id='word_1_301' title='bbox 1259 4056 1338 4131; x_wconf 91' lang='lat' dir='ltr'><strong>quod</strong></span> <span class='ocrx_word' id='word_1_302' title='bbox 1369 4065 1479 4112; x_wconf 84' lang='lat' dir='ltr'><strong>senatus</strong></span> <span class='ocrx_word' id='word_1_303' title='bbox 1506 4105 1507 4165; x_wconf 65' lang='lat' dir='ltr'><strong>l</strong></span> 
     </span>
     <span class='ocr_line' id='line_1_35' title="bbox 432 4159 1479 4237; baseline -0.002 -17"><span class='ocrx_word' id='word_1_304' title='bbox 432 4162 620 4236; x_wconf 90' lang='lat' dir='ltr'><strong>consulesque</strong></span> <span class='ocrx_word' id='word_1_305' title='bbox 650 4178 793 4234; x_wconf 87' lang='lat' dir='ltr'><strong>nusquam</strong></span> <span class='ocrx_word' id='word_1_306' title='bbox 825 4159 894 4217; x_wconf 85' lang='lat' dir='ltr'><strong>alibi</strong></span> <span class='ocrx_word' id='word_1_307' title='bbox 927 4178 1007 4236; x_wconf 91' lang='lat' dir='ltr'><strong>spem</strong></span> <span class='ocrx_word' id='word_1_308' title='bbox 1038 4177 1125 4234; x_wconf 88' lang='lat' dir='ltr'><strong>quarn</strong></span> <span class='ocrx_word' id='word_1_309' title='bbox 1152 4160 1181 4218; x_wconf 91' lang='lat' dir='ltr'><strong>in</strong></span> <span class='ocrx_word' id='word_1_310' title='bbox 1212 4163 1301 4218; x_wconf 87' lang='lat' dir='ltr'><strong>armis</strong></span> <span class='ocrx_word' id='word_1_311' title='bbox 1330 4162 1479 4237; x_wconf 86' lang='lat' dir='ltr'><strong>ponebant,</strong></span> 
     </span>
     <span class='ocr_line' id='line_1_36' title="bbox 401 4265 1477 4343; baseline -0.003 -18"><span class='ocrx_word' id='word_1_312' title='bbox 401 4267 529 4343; x_wconf 81' lang='lat' dir='ltr'><strong>9plcbcs</strong></span> <span class='ocrx_word' id='word_1_313' title='bbox 551 4265 649 4323; x_wconf 86' lang='lat' dir='ltr'><strong>omnia</strong></span> <span class='ocrx_word' id='word_1_314' title='bbox 670 4284 756 4341; x_wconf 87' lang='lat' dir='ltr'><strong>quam</strong></span> <span class='ocrx_word' id='word_1_315' title='bbox 778 4266 884 4323; x_wconf 91' lang='lat' dir='ltr'><strong>bellurn</strong></span> <span class='ocrx_word' id='word_1_316' title='bbox 908 4265 1043 4327; x_wconf 85' lang='lat' dir='ltr'><strong>malebat.</strong></span> <span class='ocrx_word' id='word_1_317' title='bbox 1080 4265 1131 4342; x_wconf 89' lang='lat' dir='ltr'><strong>Sp.</strong></span> <span class='ocrx_word' id='word_1_318' title='bbox 1145 4266 1270 4324; x_wconf 86' lang='lat' dir='ltr'><strong>Nautius</strong></span> <span class='ocrx_word' id='word_1_319' title='bbox 1286 4266 1344 4324; x_wconf 90' lang='lat' dir='ltr'><strong>iam</strong></span> <span class='ocrx_word' id='word_1_320' title='bbox 1367 4277 1395 4325; x_wconf 91' lang='lat' dir='ltr'><strong>et</strong></span> <span class='ocrx_word' id='word_1_321' title='bbox 1413 4267 1477 4326; x_wconf 86' lang='lat' dir='ltr'><strong>Sex.</strong></span> 
     </span>
    </p>
   </div>
   <div class='ocr_carea' id='block_1_5' title="bbox 0 0 1700 5084">
    <p class='ocr_par' dir='ltr' id='par_1_6' title="bbox 0 0 1700 5084">
     <span class='ocr_line' id='line_1_37' title="bbox 0 0 1700 5084; baseline 0 3"><span class='ocrx_word' id='word_1_322' title='bbox 0 0 1700 5084; x_wconf 95' lang='lat' dir='ltr'><strong> </strong></span> 
     </span>
    </p>
   </div>
  </div>
 </body>
</html>
