<?xml version="1.0" encoding="UTF-8"?>
<!DOCTYPE html PUBLIC "-//W3C//DTD XHTML 1.0 Transitional//EN"
    "http://www.w3.org/TR/xhtml1/DTD/xhtml1-transitional.dtd">
<html xmlns="http://www.w3.org/1999/xhtml" xml:lang="en" lang="en">
 <head>
  <title>
</title>
<meta http-equiv="Content-Type" content="text/html;charset=utf-8" />
  <meta name='ocr-system' content='tesseract 3.04.00' />
  <meta name='ocr-capabilities' content='ocr_page ocr_carea ocr_par ocr_line ocrx_word'/>
</head>
<body>
  <div class='ocr_page' id='page_1' title='image "./titiliviihistor03ussigoog_0018.png"; bbox 0 0 3392 5084; ppageno 0'>
   <div class='ocr_carea' id='block_1_1' title="bbox 889 558 942 601">
    <p class='ocr_par' dir='ltr' id='par_1_1' title="bbox 889 558 942 601">
     <span class='ocr_line' id='line_1_1' title="bbox 889 558 942 601; baseline 0.038 -2"><span class='ocrx_word' id='word_1_1' title='bbox 889 558 942 601; x_wconf 84' lang='lat' dir='ltr'><strong>llll</strong></span> 
     </span>
    </p>
   </div>
   <div class='ocr_carea' id='block_1_2' title="bbox 380 722 1458 881">
    <p class='ocr_par' dir='ltr' id='par_1_2' title="bbox 380 722 1458 881">
     <span class='ocr_line' id='line_1_2' title="bbox 381 722 1450 797; baseline 0 -16"><span class='ocrx_word' id='word_1_2' title='bbox 381 727 399 781; x_wconf 91' lang='grc'>9</span> <span class='ocrx_word' id='word_1_3' title='bbox 429 724 604 794; x_wconf 75' lang='lat' dir='ltr'>sollemnes,</span> <span class='ocrx_word' id='word_1_4' title='bbox 636 722 740 780; x_wconf 85' lang='lat' dir='ltr'><strong>deinde</strong></span> <span class='ocrx_word' id='word_1_5' title='bbox 761 723 889 796; x_wconf 87' lang='lat' dir='ltr'><strong>(Deinde</strong></span> <span class='ocrx_word' id='word_1_6' title='bbox 917 744 935 781; x_wconf 85' lang='lat' dir='ltr'><strong>e</strong></span> <span class='ocrx_word' id='word_1_7' title='bbox 965 723 1118 781; x_wconf 81' lang='lat' dir='ltr'><strong>sollemnes</strong></span> <span class='ocrx_word' id='word_1_8' title='bbox 1147 723 1242 780; x_wconf 86' lang='lat' dir='ltr'><strong>diuelli</strong></span> <span class='ocrx_word' id='word_1_9' title='bbox 1268 726 1369 797; x_wconf 79' lang='lat' dir='ltr'><strong>nequit,</strong></span> <span class='ocrx_word' id='word_1_10' title='bbox 1400 742 1450 781; x_wconf 82' lang='lat' dir='ltr'><strong>nee</strong></span> 
     </span>
     <span class='ocr_line' id='line_1_3' title="bbox 380 804 1458 881; baseline 0.001 -18"><span class='ocrx_word' id='word_1_11' title='bbox 380 807 534 865; x_wconf 76' lang='lat' dir='ltr'>sollemnes</span> <span class='ocrx_word' id='word_1_12' title='bbox 566 816 592 863; x_wconf 86' lang='lat' dir='ltr'><strong>et</strong></span> <span class='ocrx_word' id='word_1_13' title='bbox 624 804 712 863; x_wconf 82' lang='lat' dir='ltr'><strong>annui</strong></span> <span class='ocrx_word' id='word_1_14' title='bbox 745 809 880 865; x_wconf 76' lang='lat' dir='ltr'><strong>contrarii</strong></span> <span class='ocrx_word' id='word_1_15' title='bbox 909 808 984 878; x_wconf 86' lang='lat' dir='ltr'><strong>suut)</strong></span> <span class='ocrx_word' id='word_1_16' title='bbox 1018 806 1178 873; x_wconf 86' lang='lat' dir='ltr'>XXXVI,</span> <span class='ocrx_word' id='word_1_17' title='bbox 1212 810 1230 862; x_wconf 99' lang='grc'><strong>4</strong></span> <span class='ocrx_word' id='word_1_18' title='bbox 1263 806 1292 863; x_wconf 91' lang='lat' dir='ltr'><strong>in</strong></span> <span class='ocrx_word' id='word_1_19' title='bbox 1324 808 1458 881; x_wconf 70' lang='lat' dir='ltr'><strong>augurio„</strong></span> 
     </span>
    </p>
   </div>
   <div class='ocr_carea' id='block_1_3' title="bbox 380 887 1538 1046">
    <p class='ocr_par' dir='ltr' id='par_1_3' title="bbox 380 887 1538 1046">
     <span class='ocr_line' id='line_1_4' title="bbox 380 887 1538 963; baseline -0.001 -16"><span class='ocrx_word' id='word_1_20' title='bbox 380 889 556 959; x_wconf 79' lang='lat' dir='ltr'>XXXVII,</span> <span class='ocrx_word' id='word_1_21' title='bbox 579 891 597 947; x_wconf 78' lang='lat'>2</span> <span class='ocrx_word' id='word_1_22' title='bbox 619 887 746 956; x_wconf 79' lang='lat' dir='ltr'><strong>Sabinis,</strong></span> <span class='ocrx_word' id='word_1_23' title='bbox 768 887 866 946; x_wconf 86' lang='lat' dir='ltr'><strong>effusis</strong></span> <span class='ocrx_word' id='word_1_24' title='bbox 888 889 958 962; x_wconf 84' lang='lat' dir='ltr'><strong>(loe.</strong></span> <span class='ocrx_word' id='word_1_25' title='bbox 979 888 1099 947; x_wconf 79' lang='lat' dir='ltr'><strong>Groriou.</strong></span> <span class='ocrx_word' id='word_1_26' title='bbox 1142 887 1208 945; x_wconf 87' lang='lat' dir='ltr'><strong>Nou</strong></span> <span class='ocrx_word' id='word_1_27' title='bbox 1228 891 1325 962; x_wconf 73' lang='lat' dir='ltr'><strong>upitur</strong></span> <span class='ocrx_word' id='word_1_28' title='bbox 1345 888 1379 945; x_wconf 80' lang='lat' dir='ltr'><strong>de</strong></span> <span class='ocrx_word' id='word_1_29' title='bbox 1398 908 1449 963; x_wconf 70' lang='lat' dir='ltr'><strong>pe-</strong></span> <span class='ocrx_word' id='word_1_30' title='bbox 1537 948 1538 963; x_wconf 13' lang='grc' dir='ltr'>χ</span> 
     </span>
     <span class='ocr_line' id='line_1_5' title="bbox 380 970 1538 1046; baseline 0 -17"><span class='ocrx_word' id='word_1_31' title='bbox 380 990 444 1029; x_wconf 83' lang='lat' dir='ltr'><strong>uere</strong></span> <span class='ocrx_word' id='word_1_32' title='bbox 458 974 547 1046; x_wconf 58' lang='grc' dir='ltr'><strong>ῥιφαὶ,</strong></span> <span class='ocrx_word' id='word_1_33' title='bbox 575 971 625 1028; x_wconf 86' lang='lat' dir='ltr'><strong>sed</strong></span> <span class='ocrx_word' id='word_1_34' title='bbox 645 975 786 1030; x_wconf 78' lang='lat' dir='ltr'><strong>contrariu</strong></span> <span class='ocrx_word' id='word_1_35' title='bbox 819 972 932 1028; x_wconf 77' lang='lat' dir='ltr'><strong>suntin</strong></span> <span class='ocrx_word' id='word_1_36' title='bbox 959 989 1057 1046; x_wconf 86' lang='lat' dir='ltr'><strong>pugne</strong></span> <span class='ocrx_word' id='word_1_37' title='bbox 1079 980 1105 1027; x_wconf 91' lang='lat' dir='ltr'><strong>et</strong></span> <span class='ocrx_word' id='word_1_38' title='bbox 1125 970 1213 1041; x_wconf 84' lang='lat' dir='ltr'><strong>lusis,</strong></span> <span class='ocrx_word' id='word_1_39' title='bbox 1241 973 1291 1029; x_wconf 75' lang='lat' dir='ltr'><strong>lioo</strong></span> <span class='ocrx_word' id='word_1_40' title='bbox 1312 981 1360 1037; x_wconf 84' lang='lat' dir='ltr'><strong>est,</strong></span> <span class='ocrx_word' id='word_1_41' title='bbox 1381 982 1451 1046; x_wconf 84' lang='lat' dir='ltr'><strong>post</strong></span> <span class='ocrx_word' id='word_1_42' title='bbox 1537 994 1538 1007; x_wconf 58' lang='lat'>¹</span> 
     </span>
    </p>
   </div>
   <div class='ocr_carea' id='block_1_4' title="bbox 378 1050 1540 1631">
    <p class='ocr_par' dir='ltr' id='par_1_4' title="bbox 378 1050 1540 1631">
     <span class='ocr_line' id='line_1_6' title="bbox 378 1050 1451 1130; baseline 0.001 -19"><span class='ocrx_word' id='word_1_43' title='bbox 378 1073 511 1129; x_wconf 69' lang='lat' dir='ltr'><strong>pequam,</strong></span> <span class='ocrx_word' id='word_1_44' title='bbox 532 1054 623 1126; x_wconf 83' lang='lat' dir='ltr'><strong>vietis)</strong></span> <span class='ocrx_word' id='word_1_45' title='bbox 641 1054 646 1119; x_wconf 83' lang='lat' dir='ltr'><strong>l</strong></span> <span class='ocrx_word' id='word_1_46' title='bbox 664 1053 786 1128; x_wconf 86' lang='lat' dir='ltr'><strong>impedit</strong></span> <span class='ocrx_word' id='word_1_47' title='bbox 804 1050 809 1130; x_wconf 90' lang='lat'><em>)</em></span> <span class='ocrx_word' id='word_1_48' title='bbox 827 1056 925 1111; x_wconf 88' lang='lat' dir='ltr'><strong>hostes</strong></span> <span class='ocrx_word' id='word_1_49' title='bbox 948 1054 998 1126; x_wconf 89' lang='lat' dir='ltr'><strong>(P)</strong></span> <span class='ocrx_word' id='word_1_50' title='bbox 1021 1058 1038 1111; x_wconf 99' lang='lat'><strong>6</strong></span> <span class='ocrx_word' id='word_1_51' title='bbox 1061 1062 1150 1128; x_wconf 74' lang='lat' dir='ltr'><strong>gestae</strong></span> <span class='ocrx_word' id='word_1_52' title='bbox 1171 1072 1217 1110; x_wconf 89' lang='lat' dir='ltr'><strong>res</strong></span> <span class='ocrx_word' id='word_1_53' title='bbox 1240 1063 1323 1111; x_wconf 85' lang='lat' dir='ltr'><strong>erant</strong></span> <span class='ocrx_word' id='word_1_54' title='bbox 1346 1054 1391 1127; x_wconf 91' lang='lat' dir='ltr'><strong>(P,</strong></span> <span class='ocrx_word' id='word_1_55' title='bbox 1414 1056 1451 1112; x_wconf 85' lang='lat' dir='ltr'><strong>de</strong></span> 
     </span>
     <span class='ocr_line' id='line_1_7' title="bbox 380 1136 1449 1211; baseline 0 -18"><span class='ocrx_word' id='word_1_56' title='bbox 380 1156 434 1194; x_wconf 85' lang='lat' dir='ltr'><strong>uno</strong></span> <span class='ocrx_word' id='word_1_57' title='bbox 455 1137 563 1209; x_wconf 86' lang='lat' dir='ltr'><strong>euentu)</strong></span> <span class='ocrx_word' id='word_1_58' title='bbox 585 1137 772 1204; x_wconf 81' lang='lat' dir='ltr'>XXXVIII,</span> <span class='ocrx_word' id='word_1_59' title='bbox 803 1141 820 1193; x_wconf 97' lang='lat'><strong>6</strong></span> <span class='ocrx_word' id='word_1_60' title='bbox 851 1137 1044 1211; x_wconf 80' lang='lat' dir='ltr'><em>(probabiliter</em></span> <span class='ocrx_word' id='word_1_61' title='bbox 1078 1136 1206 1193; x_wconf 80' lang='lat' dir='ltr'><strong>Weuius:</strong></span> <span class='ocrx_word' id='word_1_62' title='bbox 1233 1137 1344 1193; x_wconf 87' lang='lat' dir='ltr'><strong>munite</strong></span> <span class='ocrx_word' id='word_1_63' title='bbox 1373 1139 1449 1211; x_wconf 81' lang='lat' dir='ltr'><strong>erat)</strong></span> 
     </span>
     <span class='ocr_line' id='line_1_8' title="bbox 380 1218 1449 1293; baseline -0.002 -16"><span class='ocrx_word' id='word_1_64' title='bbox 380 1220 537 1290; x_wconf 89' lang='lat' dir='ltr'>XXXIX,</span> <span class='ocrx_word' id='word_1_65' title='bbox 564 1224 573 1277; x_wconf 89' lang='lat'>1</span> <span class='ocrx_word' id='word_1_66' title='bbox 597 1218 690 1275; x_wconf 86' lang='lat' dir='ltr'><strong>visum</strong></span> <span class='ocrx_word' id='word_1_67' title='bbox 714 1220 782 1291; x_wconf 88' lang='lat' dir='ltr'><strong>(uid.</strong></span> <span class='ocrx_word' id='word_1_68' title='bbox 806 1238 893 1293; x_wconf 78' lang='lat' dir='ltr'><strong>supra</strong></span> <span class='ocrx_word' id='word_1_69' title='bbox 910 1238 942 1293; x_wconf 84' lang='lat' dir='ltr'><strong>p.</strong></span> <span class='ocrx_word' id='word_1_70' title='bbox 965 1218 1009 1276; x_wconf 90' lang='lat' dir='ltr'><strong>VI</strong></span> <span class='ocrx_word' id='word_1_71' title='bbox 1018 1218 1058 1291; x_wconf 89' lang='lat' dir='ltr'><strong>u.)</strong></span> <span class='ocrx_word' id='word_1_72' title='bbox 1082 1220 1099 1275; x_wconf 86' lang='lat'><strong>2</strong></span> <span class='ocrx_word' id='word_1_73' title='bbox 1122 1218 1282 1293; x_wconf 84' lang='lat' dir='ltr'><strong>sedatoque</strong></span> <span class='ocrx_word' id='word_1_74' title='bbox 1295 1220 1354 1275; x_wconf 85' lang='lat' dir='ltr'><strong>ium</strong></span> <span class='ocrx_word' id='word_1_75' title='bbox 1376 1219 1449 1292; x_wconf 88' lang='lat' dir='ltr'><strong>(Ne-</strong></span> 
     </span>
     <span class='ocr_line' id='line_1_9' title="bbox 381 1302 1449 1376; baseline 0 -17"><span class='ocrx_word' id='word_1_76' title='bbox 381 1321 433 1376; x_wconf 84' lang='lat' dir='ltr'><strong>que</strong></span> <span class='ocrx_word' id='word_1_77' title='bbox 456 1303 515 1359; x_wconf 85' lang='lat' dir='ltr'><strong>iem</strong></span> <span class='ocrx_word' id='word_1_78' title='bbox 536 1311 632 1376; x_wconf 83' lang='lat' dir='ltr'><strong>aptum</strong></span> <span class='ocrx_word' id='word_1_79' title='bbox 652 1312 693 1357; x_wconf 84' lang='lat' dir='ltr'><strong>est</strong></span> <span class='ocrx_word' id='word_1_80' title='bbox 713 1320 801 1375; x_wconf 80' lang='lat' dir='ltr'><strong>neque</strong></span> <span class='ocrx_word' id='word_1_81' title='bbox 821 1302 968 1358; x_wconf 82' lang='lat' dir='ltr'><strong>subiectum</strong></span> <span class='ocrx_word' id='word_1_82' title='bbox 981 1303 1070 1371; x_wconf 86' lang='lat' dir='ltr'><strong>sueile</strong></span> <span class='ocrx_word' id='word_1_83' title='bbox 1090 1302 1184 1357; x_wconf 81' lang='lat' dir='ltr'><strong>abesse</strong></span> <span class='ocrx_word' id='word_1_84' title='bbox 1200 1310 1292 1376; x_wconf 82' lang='lat' dir='ltr'><strong>potest</strong></span> <span class='ocrx_word' id='word_1_85' title='bbox 1298 1324 1309 1366; x_wconf 91' lang='lat'><em>;</em></span> <span class='ocrx_word' id='word_1_86' title='bbox 1336 1320 1369 1357; x_wconf 81' lang='lat' dir='ltr'><strong>eu</strong></span> <span class='ocrx_word' id='word_1_87' title='bbox 1390 1320 1449 1376; x_wconf 90' lang='lat' dir='ltr'><strong>que</strong></span> 
     </span>
     <span class='ocr_line' id='line_1_10' title="bbox 381 1384 1448 1457; baseline -0.002 -16"><span class='ocrx_word' id='word_1_88' title='bbox 381 1403 445 1441; x_wconf 82' lang='lat' dir='ltr'><strong>eum</strong></span> <span class='ocrx_word' id='word_1_89' title='bbox 460 1388 571 1457; x_wconf 82' lang='lat' dir='ltr'><strong>suetum</strong></span> <span class='ocrx_word' id='word_1_90' title='bbox 592 1402 706 1457; x_wconf 82' lang='lat' dir='ltr'><strong>queem,</strong></span> <span class='ocrx_word' id='word_1_91' title='bbox 728 1393 785 1439; x_wconf 86' lang='lat' dir='ltr'><strong>tum</strong></span> <span class='ocrx_word' id='word_1_92' title='bbox 805 1384 968 1455; x_wconf 86' lang='lat' dir='ltr'><strong>iodditum)</strong></span> <span class='ocrx_word' id='word_1_93' title='bbox 992 1389 1006 1440; x_wconf 93' lang='grc'>4</span> <span class='ocrx_word' id='word_1_94' title='bbox 1025 1384 1106 1440; x_wconf 87' lang='lat' dir='ltr'><strong>cordi</strong></span> <span class='ocrx_word' id='word_1_95' title='bbox 1122 1394 1198 1440; x_wconf 84' lang='lat' dir='ltr'><strong>esset</strong></span> <span class='ocrx_word' id='word_1_96' title='bbox 1219 1384 1293 1457; x_wconf 70' lang='lat' dir='ltr'><em>(My.</em></span> <span class='ocrx_word' id='word_1_97' title='bbox 1314 1385 1379 1441; x_wconf 82' lang='lat' dir='ltr'><strong>Em.</strong></span> <span class='ocrx_word' id='word_1_98' title='bbox 1395 1386 1448 1457; x_wconf 88' lang='grc'><strong>47)</strong></span> 
     </span>
     <span class='ocr_line' id='line_1_11' title="bbox 382 1466 1444 1541; baseline 0.003 -18"><span class='ocrx_word' id='word_1_99' title='bbox 382 1472 399 1523; x_wconf 80' lang='grc'><strong>5</strong></span> <span class='ocrx_word' id='word_1_100' title='bbox 423 1467 576 1541; x_wconf 75' lang='lat' dir='ltr'><strong>(Sumptus</strong></span> <span class='ocrx_word' id='word_1_101' title='bbox 589 1469 714 1539; x_wconf 75' lang='lat' dir='ltr'><strong>fortusse</strong></span> <span class='ocrx_word' id='word_1_102' title='bbox 735 1470 858 1539; x_wconf 81' lang='lat' dir='ltr'><strong>oportuit</strong></span> <span class='ocrx_word' id='word_1_103' title='bbox 877 1467 971 1524; x_wconf 80' lang='lat' dir='ltr'><strong>Prisci</strong></span> <span class='ocrx_word' id='word_1_104' title='bbox 993 1466 1147 1541; x_wconf 86' lang='lat' dir='ltr'><strong>Tarquinii</strong></span> <span class='ocrx_word' id='word_1_105' title='bbox 1174 1466 1267 1535; x_wconf 87' lang='lat' dir='ltr'><strong>domi;</strong></span> <span class='ocrx_word' id='word_1_106' title='bbox 1296 1467 1363 1525; x_wconf 88' lang='lat' dir='ltr'><strong>inde</strong></span> <span class='ocrx_word' id='word_1_107' title='bbox 1392 1477 1444 1526; x_wconf 85' lang='lat' dir='ltr'><strong>eet.</strong></span> 
     </span>
     <span class='ocr_line' id='line_1_12' title="bbox 380 1543 1540 1631; baseline 0 -26"><span class='ocrx_word' id='word_1_108' title='bbox 380 1550 429 1605; x_wconf 80' lang='lat' dir='ltr'><strong>Ee</strong></span> <span class='ocrx_word' id='word_1_109' title='bbox 453 1550 588 1606; x_wconf 83' lang='lat' dir='ltr'><strong>&#39;dominde</strong></span> <span class='ocrx_word' id='word_1_110' title='bbox 610 1558 705 1605; x_wconf 82' lang='lat' dir='ltr'><strong>uatum</strong></span> <span class='ocrx_word' id='word_1_111' title='bbox 726 1549 814 1605; x_wconf 91' lang='lat' dir='ltr'><strong>domo</strong></span> <span class='ocrx_word' id='word_1_112' title='bbox 835 1549 911 1618; x_wconf 90' lang='lat' dir='ltr'><strong>inde,</strong></span> <span class='ocrx_word' id='word_1_113' title='bbox 940 1550 1029 1606; x_wconf 84' lang='lat' dir='ltr'><strong>voeuli</strong></span> <span class='ocrx_word' id='word_1_114' title='bbox 1049 1568 1101 1605; x_wconf 84' lang='lat' dir='ltr'><strong>nou</strong></span> <span class='ocrx_word' id='word_1_115' title='bbox 1122 1558 1197 1604; x_wconf 81' lang='lat' dir='ltr'><strong>reete</strong></span> <span class='ocrx_word' id='word_1_116' title='bbox 1219 1543 1365 1623; x_wconf 66' lang='lat' dir='ltr'><strong>suppletas</strong></span> <span class='ocrx_word' id='word_1_117' title='bbox 1394 1552 1446 1623; x_wconf 76' lang='lat' dir='ltr'><strong>cfr.</strong></span> <span class='ocrx_word' id='word_1_118' title='bbox 1539 1587 1540 1631; x_wconf 60' lang='lat'><em>(</em></span> 
     </span>
    </p>
   </div>
   <div class='ocr_carea' id='block_1_5' title="bbox 380 1630 1540 1706">
    <p class='ocr_par' dir='ltr' id='par_1_5' title="bbox 380 1630 1540 1706">
     <span class='ocr_line' id='line_1_13' title="bbox 380 1630 1540 1706; baseline 0.002 -19"><span class='ocrx_word' id='word_1_119' title='bbox 380 1632 424 1701; x_wconf 90' lang='lat' dir='ltr'><strong>II,</strong></span> <span class='ocrx_word' id='word_1_120' title='bbox 445 1632 496 1701; x_wconf 76' lang='lat'><strong>36,</strong></span> <span class='ocrx_word' id='word_1_121' title='bbox 519 1635 538 1687; x_wconf 87' lang='lat'><strong>6&#39;</strong></span> <span class='ocrx_word' id='word_1_122' title='bbox 558 1632 621 1703; x_wconf 80' lang='lat' dir='ltr'><strong>ete.)</strong></span> <span class='ocrx_word' id='word_1_123' title='bbox 644 1631 712 1698; x_wconf 87' lang='lat' dir='ltr'><strong>XL,</strong></span> <span class='ocrx_word' id='word_1_124' title='bbox 736 1634 752 1686; x_wconf 91' lang='lat'><strong>3</strong></span> <span class='ocrx_word' id='word_1_125' title='bbox 777 1650 865 1705; x_wconf 84' lang='lat' dir='ltr'><strong>quam</strong></span> <span class='ocrx_word' id='word_1_126' title='bbox 881 1632 1024 1689; x_wconf 86' lang='lat' dir='ltr'>Romulus</span> <span class='ocrx_word' id='word_1_127' title='bbox 1047 1632 1121 1705; x_wconf 75' lang='lat' dir='ltr'><strong>(Mp.</strong></span> <span class='ocrx_word' id='word_1_128' title='bbox 1143 1632 1207 1690; x_wconf 87' lang='lat' dir='ltr'><strong>Em.</strong></span> <span class='ocrx_word' id='word_1_129' title='bbox 1231 1632 1281 1703; x_wconf 88' lang='grc'><strong>47)</strong></span> <span class='ocrx_word' id='word_1_130' title='bbox 1301 1630 1304 1706; x_wconf 90' lang='lat'><em>)</em></span> <span class='ocrx_word' id='word_1_131' title='bbox 1324 1632 1354 1687; x_wconf 82' lang='lat' dir='ltr'><strong>id</strong></span> <span class='ocrx_word' id='word_1_132' title='bbox 1376 1634 1454 1690; x_wconf 78' lang='lat' dir='ltr'><strong>Ser·</strong></span> <span class='ocrx_word' id='word_1_133' title='bbox 1539 1636 1540 1667; x_wconf 75' lang='lat'>³</span> 
     </span>
    </p>
   </div>
   <div class='ocr_carea' id='block_1_6' title="bbox 316 1713 1448 2202">
    <p class='ocr_par' dir='ltr' id='par_1_6' title="bbox 316 1713 1448 2202">
     <span class='ocr_line' id='line_1_14' title="bbox 380 1713 1446 1788; baseline 0.002 -19"><span class='ocrx_word' id='word_1_134' title='bbox 380 1714 445 1770; x_wconf 82' lang='lat' dir='ltr'><strong>vius</strong></span> <span class='ocrx_word' id='word_1_135' title='bbox 466 1733 553 1771; x_wconf 85' lang='lat' dir='ltr'><strong>servo</strong></span> <span class='ocrx_word' id='word_1_136' title='bbox 575 1718 593 1771; x_wconf 94' lang='grc'><strong>4</strong></span> <span class='ocrx_word' id='word_1_137' title='bbox 618 1713 687 1787; x_wconf 88' lang='lat' dir='ltr'><strong>quie</strong></span> <span class='ocrx_word' id='word_1_138' title='bbox 714 1716 772 1772; x_wconf 85' lang='lat' dir='ltr'><strong>siue</strong></span> <span class='ocrx_word' id='word_1_139' title='bbox 799 1716 875 1770; x_wconf 78' lang='lat' dir='ltr'><strong>esseio</strong></span> <span class='ocrx_word' id='word_1_140' title='bbox 897 1713 1011 1788; x_wconf 81' lang='lat' dir='ltr'><strong>(Grou.)</strong></span> <span class='ocrx_word' id='word_1_141' title='bbox 1043 1719 1061 1769; x_wconf 79' lang='lat'><strong>5</strong></span> <span class='ocrx_word' id='word_1_142' title='bbox 1093 1713 1349 1771; x_wconf 78' lang='lat' dir='ltr'><strong>tumultuosissime</strong></span> <span class='ocrx_word' id='word_1_143' title='bbox 1378 1716 1446 1788; x_wconf 75' lang='lat' dir='ltr'><strong>(My.</strong></span> 
     </span>
     <span class='ocr_line' id='line_1_15' title="bbox 381 1796 1447 1871; baseline 0.001 -18"><span class='ocrx_word' id='word_1_144' title='bbox 381 1797 447 1854; x_wconf 86' lang='lat' dir='ltr'><strong>Em.</strong></span> <span class='ocrx_word' id='word_1_145' title='bbox 472 1798 523 1869; x_wconf 83' lang='grc'><strong>48)</strong></span> <span class='ocrx_word' id='word_1_146' title='bbox 557 1801 572 1852; x_wconf 88' lang='lat'><strong>7</strong></span> <span class='ocrx_word' id='word_1_147' title='bbox 597 1797 676 1853; x_wconf 87' lang='lat' dir='ltr'><strong>Dum</strong></span> <span class='ocrx_word' id='word_1_148' title='bbox 698 1796 823 1853; x_wconf 82' lang='lat' dir='ltr'><strong>intentus</strong></span> <span class='ocrx_word' id='word_1_149' title='bbox 846 1796 959 1869; x_wconf 78' lang='lat' dir='ltr'><strong>(Grou.)</strong></span> <span class='ocrx_word' id='word_1_150' title='bbox 988 1798 1078 1867; x_wconf 88' lang='lat' dir='ltr'>XLI,</span> <span class='ocrx_word' id='word_1_151' title='bbox 1119 1802 1127 1853; x_wconf 91' lang='lat' dir='ltr'>l</span> <span class='ocrx_word' id='word_1_152' title='bbox 1155 1796 1256 1871; x_wconf 90' lang='lat' dir='ltr'><strong>populi</strong></span> <span class='ocrx_word' id='word_1_153' title='bbox 1285 1799 1342 1853; x_wconf 86' lang='lat' dir='ltr'><strong>siue</strong></span> <span class='ocrx_word' id='word_1_154' title='bbox 1369 1800 1447 1854; x_wconf 65' lang='lat' dir='ltr'><strong>unceis</strong></span> 
     </span>
     <span class='ocr_line' id='line_1_16' title="bbox 383 1879 1446 1954; baseline 0 -18"><span class='ocrx_word' id='word_1_155' title='bbox 383 1880 451 1952; x_wconf 72' lang='grc'><strong>(119.</strong></span> <span class='ocrx_word' id='word_1_156' title='bbox 474 1879 621 1953; x_wconf 90' lang='lat' dir='ltr'><strong>Populus,</strong></span> <span class='ocrx_word' id='word_1_157' title='bbox 651 1879 788 1935; x_wconf 81' lang='lat' dir='ltr'><strong>mirantes</strong></span> <span class='ocrx_word' id='word_1_158' title='bbox 816 1879 916 1935; x_wconf 89' lang='lat' dir='ltr'><strong>Liuius</strong></span> <span class='ocrx_word' id='word_1_159' title='bbox 942 1899 995 1935; x_wconf 86' lang='lat' dir='ltr'><strong>nou</strong></span> <span class='ocrx_word' id='word_1_160' title='bbox 1016 1882 1104 1952; x_wconf 71' lang='lat' dir='ltr'><strong>inopis</strong></span> <span class='ocrx_word' id='word_1_161' title='bbox 1125 1880 1195 1935; x_wconf 72' lang='lat' dir='ltr'><strong>debit</strong></span> <span class='ocrx_word' id='word_1_162' title='bbox 1217 1898 1299 1953; x_wconf 85' lang='lat' dir='ltr'><strong>quom</strong></span> <span class='ocrx_word' id='word_1_163' title='bbox 1321 1879 1446 1954; x_wconf 90' lang='lat' dir='ltr'><strong>populus</strong></span> 
     </span>
     <span class='ocr_line' id='line_1_17' title="bbox 381 1960 1448 2037; baseline 0 -18"><span class='ocrx_word' id='word_1_164' title='bbox 381 1962 492 2033; x_wconf 86' lang='lat' dir='ltr'><strong>iubent)</strong></span> <span class='ocrx_word' id='word_1_165' title='bbox 519 1962 525 2037; x_wconf 89' lang='lat'><em>)</em></span> <span class='ocrx_word' id='word_1_166' title='bbox 549 1960 633 2018; x_wconf 82' lang='lat' dir='ltr'><strong>eiooit</strong></span> <span class='ocrx_word' id='word_1_167' title='bbox 653 1962 729 2033; x_wconf 74' lang='lat' dir='ltr'><strong>(Eut.</strong></span> <span class='ocrx_word' id='word_1_168' title='bbox 753 1962 827 2026; x_wconf 77' lang='lat'><strong>190,·</strong></span> <span class='ocrx_word' id='word_1_169' title='bbox 858 1962 882 2031; x_wconf 91' lang='lat' dir='ltr'><strong>I,</strong></span> <span class='ocrx_word' id='word_1_170' title='bbox 915 1963 963 2032; x_wconf 85' lang='grc'><strong>48,</strong></span> <span class='ocrx_word' id='word_1_171' title='bbox 984 1962 1017 2035; x_wconf 82' lang='lat'><strong>3)</strong></span> <span class='ocrx_word' id='word_1_172' title='bbox 1041 1965 1057 2019; x_wconf 88' lang='grc'>3</span> <span class='ocrx_word' id='word_1_173' title='bbox 1090 1982 1156 2019; x_wconf 86' lang='lat' dir='ltr'><strong>mea</strong></span> <span class='ocrx_word' id='word_1_174' title='bbox 1183 1962 1304 2018; x_wconf 84' lang='lat' dir='ltr'><strong>consiliu</strong></span> <span class='ocrx_word' id='word_1_175' title='bbox 1324 1980 1448 2035; x_wconf 79' lang='lat' dir='ltr'><strong>sequere</strong></span> 
     </span>
     <span class='ocr_line' id='line_1_18' title="bbox 382 2042 1447 2117; baseline 0.001 -17"><span class='ocrx_word' id='word_1_176' title='bbox 382 2042 549 2116; x_wconf 63' lang='lat' dir='ltr'><strong>(Gruterum</strong></span> <span class='ocrx_word' id='word_1_177' title='bbox 571 2044 636 2103; x_wconf 87' lang='lat' dir='ltr'><strong>Em.</strong></span> <span class='ocrx_word' id='word_1_178' title='bbox 663 2044 713 2116; x_wconf 74' lang='lat'><strong>15)</strong></span> <span class='ocrx_word' id='word_1_179' title='bbox 747 2049 764 2100; x_wconf 92' lang='grc'><strong>4</strong></span> <span class='ocrx_word' id='word_1_180' title='bbox 789 2062 889 2100; x_wconf 85' lang='lat' dir='ltr'><strong>versus</strong></span> <span class='ocrx_word' id='word_1_181' title='bbox 916 2045 988 2117; x_wconf 91' lang='lat' dir='ltr'><strong>(Per</strong></span> <span class='ocrx_word' id='word_1_182' title='bbox 1019 2044 1174 2101; x_wconf 79' lang='lat' dir='ltr'><strong>fenestram</strong></span> <span class='ocrx_word' id='word_1_183' title='bbox 1206 2044 1235 2099; x_wconf 90' lang='lat' dir='ltr'><strong>in</strong></span> <span class='ocrx_word' id='word_1_184' title='bbox 1268 2044 1346 2100; x_wconf 82' lang='lat' dir='ltr'><strong>viam</strong></span> <span class='ocrx_word' id='word_1_185' title='bbox 1376 2045 1447 2101; x_wconf 86' lang='lat' dir='ltr'><strong>dure</strong></span> 
     </span>
     <span class='ocr_line' id='line_1_19' title="bbox 316 2125 1446 2202; baseline 0.001 -20"><span class='ocrx_word' id='word_1_186' title='bbox 316 2150 320 2159; x_wconf 72' lang='lat'><strong><em>¹</em></strong></span> <span class='ocrx_word' id='word_1_187' title='bbox 381 2127 492 2197; x_wconf 82' lang='lat' dir='ltr'><strong>dieitur,</strong></span> <span class='ocrx_word' id='word_1_188' title='bbox 523 2146 576 2202; x_wconf 89' lang='lat' dir='ltr'><strong>per</strong></span> <span class='ocrx_word' id='word_1_189' title='bbox 596 2125 751 2183; x_wconf 82' lang='lat' dir='ltr'><strong>fenestram</strong></span> <span class='ocrx_word' id='word_1_190' title='bbox 776 2127 804 2183; x_wconf 90' lang='lat' dir='ltr'><strong>in</strong></span> <span class='ocrx_word' id='word_1_191' title='bbox 826 2127 904 2183; x_wconf 77' lang='lat' dir='ltr'><strong>viem</strong></span> <span class='ocrx_word' id='word_1_192' title='bbox 933 2145 1034 2183; x_wconf 87' lang='lat' dir='ltr'><strong>versus</strong></span> <span class='ocrx_word' id='word_1_193' title='bbox 1061 2147 1113 2183; x_wconf 86' lang='lat' dir='ltr'><strong>uou</strong></span> <span class='ocrx_word' id='word_1_194' title='bbox 1134 2127 1250 2196; x_wconf 83' lang='lat' dir='ltr'><strong>Latine,</strong></span> <span class='ocrx_word' id='word_1_195' title='bbox 1279 2126 1308 2183; x_wconf 91' lang='lat' dir='ltr'><strong>in</strong></span> <span class='ocrx_word' id='word_1_196' title='bbox 1336 2146 1446 2183; x_wconf 84' lang='lat' dir='ltr'><strong>novem</strong></span> 
     </span>
    </p>
   </div>
   <div class='ocr_carea' id='block_1_7' title="bbox 380 2208 1542 2366">
    <p class='ocr_par' dir='ltr' id='par_1_7' title="bbox 380 2208 1542 2366">
     <span class='ocr_line' id='line_1_20' title="bbox 380 2208 1542 2283; baseline 0 -18"><span class='ocrx_word' id='word_1_197' title='bbox 380 2208 459 2266; x_wconf 85' lang='lat' dir='ltr'><strong>viam</strong></span> <span class='ocrx_word' id='word_1_198' title='bbox 488 2228 588 2265; x_wconf 89' lang='lat' dir='ltr'><strong>versus</strong></span> <span class='ocrx_word' id='word_1_199' title='bbox 617 2209 755 2283; x_wconf 90' lang='lat' dir='ltr'><strong>populum</strong></span> <span class='ocrx_word' id='word_1_200' title='bbox 779 2208 889 2283; x_wconf 85' lang='lat' dir='ltr'><strong>alloqui</strong></span> <span class='ocrx_word' id='word_1_201' title='bbox 917 2210 1055 2281; x_wconf 75' lang='lat' dir='ltr'><strong>ridicule.)</strong></span> <span class='ocrx_word' id='word_1_202' title='bbox 1089 2215 1106 2267; x_wconf 90' lang='lat'><strong>6</strong></span> <span class='ocrx_word' id='word_1_203' title='bbox 1136 2208 1238 2281; x_wconf 87' lang='lat' dir='ltr'><strong>(Codd.</strong></span> <span class='ocrx_word' id='word_1_204' title='bbox 1273 2208 1382 2267; x_wconf 81' lang='lat' dir='ltr'><strong>foetum</strong></span> <span class='ocrx_word' id='word_1_205' title='bbox 1417 2218 1447 2265; x_wconf 87' lang='lat' dir='ltr'><strong>et</strong></span> <span class='ocrx_word' id='word_1_206' title='bbox 1541 2266 1542 2277; x_wconf 54' lang='grc'>,</span> 
     </span>
     <span class='ocr_line' id='line_1_21' title="bbox 382 2288 1542 2366; baseline 0 -17"><span class='ocrx_word' id='word_1_207' title='bbox 382 2292 611 2366; x_wconf 84' lang='lat' dir='ltr'><strong>comploratione</strong></span> <span class='ocrx_word' id='word_1_208' title='bbox 632 2322 671 2334; x_wconf 85' lang='lat'><strong>-</strong></span> <span class='ocrx_word' id='word_1_209' title='bbox 694 2303 773 2361; x_wconf 86' lang='lat' dir='ltr'><strong>orte,</strong></span> <span class='ocrx_word' id='word_1_210' title='bbox 795 2290 915 2349; x_wconf 87' lang='lat' dir='ltr'><strong>Servius</strong></span> <span class='ocrx_word' id='word_1_211' title='bbox 937 2302 985 2352; x_wconf 85' lang='lat' dir='ltr'><strong>eet.</strong></span> <span class='ocrx_word' id='word_1_212' title='bbox 1015 2292 1079 2348; x_wconf 86' lang='lat' dir='ltr'><strong>Em.</strong></span> <span class='ocrx_word' id='word_1_213' title='bbox 1109 2292 1218 2363; x_wconf 84' lang='lat' dir='ltr'><strong>Weiss.)</strong></span> <span class='ocrx_word' id='word_1_214' title='bbox 1249 2296 1263 2347; x_wconf 88' lang='grc'><strong>7</strong></span> <span class='ocrx_word' id='word_1_215' title='bbox 1295 2292 1359 2360; x_wconf 81' lang='lat' dir='ltr'><strong>iam</strong></span> <span class='ocrx_word' id='word_1_216' title='bbox 1383 2300 1446 2349; x_wconf 88' lang='lat' dir='ltr'><strong>tum</strong></span> <span class='ocrx_word' id='word_1_217' title='bbox 1541 2288 1542 2323; x_wconf 60' lang='lat'><em>³</em></span> 
     </span>
    </p>
   </div>
   <div class='ocr_carea' id='block_1_8' title="bbox 381 2374 1448 2531">
    <p class='ocr_par' dir='ltr' id='par_1_8' title="bbox 381 2374 1448 2531">
     <span class='ocr_line' id='line_1_22' title="bbox 381 2374 1448 2449; baseline 0 -18"><span class='ocrx_word' id='word_1_218' title='bbox 381 2375 621 2449; x_wconf 88' lang='lat' dir='ltr'><strong>comprensis-</strong></span> <span class='ocrx_word' id='word_1_219' title='bbox 642 2374 789 2444; x_wconf 80' lang='lat' dir='ltr'><strong>ministris,</strong></span> <span class='ocrx_word' id='word_1_220' title='bbox 811 2383 843 2429; x_wconf 87' lang='lat' dir='ltr'><strong>ut</strong></span> <span class='ocrx_word' id='word_1_221' title='bbox 865 2374 964 2431; x_wconf 85' lang='lat' dir='ltr'><strong>vivere</strong></span> <span class='ocrx_word' id='word_1_222' title='bbox 985 2374 1141 2448; x_wconf 79' lang='lat' dir='ltr'><strong>(Klielcrius</strong></span> <span class='ocrx_word' id='word_1_223' title='bbox 1170 2383 1196 2429; x_wconf 86' lang='lat' dir='ltr'><strong>et</strong></span> <span class='ocrx_word' id='word_1_224' title='bbox 1221 2374 1283 2430; x_wconf 75' lang='lat' dir='ltr'><strong>Ues.</strong></span> <span class='ocrx_word' id='word_1_225' title='bbox 1330 2374 1448 2431; x_wconf 83' lang='lat' dir='ltr'><strong>Eeeidit</strong></span> 
     </span>
     <span class='ocr_line' id='line_1_23' title="bbox 382 2456 1445 2531; baseline 0.001 -19"><span class='ocrx_word' id='word_1_226' title='bbox 382 2476 446 2513; x_wconf 83' lang='lat' dir='ltr'><strong>oum</strong></span> <span class='ocrx_word' id='word_1_227' title='bbox 470 2466 533 2512; x_wconf 87' lang='lat' dir='ltr'><strong>unte</strong></span> <span class='ocrx_word' id='word_1_228' title='bbox 555 2457 642 2526; x_wconf 84' lang='lat' dir='ltr'><strong>eom.)</strong></span> <span class='ocrx_word' id='word_1_229' title='bbox 677 2457 778 2525; x_wconf 91' lang='lat' dir='ltr'>XLII,</span> <span class='ocrx_word' id='word_1_230' title='bbox 802 2459 818 2513; x_wconf 86' lang='lat'>2</span> <span class='ocrx_word' id='word_1_231' title='bbox 842 2457 883 2529; x_wconf 92' lang='lat' dir='ltr'><strong>(P</strong></span> <span class='ocrx_word' id='word_1_232' title='bbox 901 2458 950 2531; x_wconf 89' lang='lat' dir='ltr'><strong>qui</strong></span> <span class='ocrx_word' id='word_1_233' title='bbox 973 2476 1036 2514; x_wconf 90' lang='lat' dir='ltr'><strong>oum</strong></span> <span class='ocrx_word' id='word_1_234' title='bbox 1058 2457 1176 2526; x_wconf 84' lang='lat' dir='ltr'><strong>invidis,</strong></span> <span class='ocrx_word' id='word_1_235' title='bbox 1199 2457 1238 2513; x_wconf 88' lang='lat' dir='ltr'><em>M</em></span> <span class='ocrx_word' id='word_1_236' title='bbox 1256 2456 1305 2530; x_wconf 92' lang='lat' dir='ltr'><strong>qui</strong></span> <span class='ocrx_word' id='word_1_237' title='bbox 1326 2476 1392 2513; x_wconf 88' lang='lat' dir='ltr'><strong>eum</strong></span> <span class='ocrx_word' id='word_1_238' title='bbox 1413 2457 1445 2513; x_wconf 87' lang='lat' dir='ltr'><strong>in</strong></span> 
     </span>
    </p>
   </div>
   <div class='ocr_carea' id='block_1_9' title="bbox 381 2538 1543 2613">
    <p class='ocr_par' dir='ltr' id='par_1_9' title="bbox 381 2538 1543 2613">
     <span class='ocr_line' id='line_1_24' title="bbox 381 2538 1543 2613; baseline 0.001 -18"><span class='ocrx_word' id='word_1_239' title='bbox 381 2538 504 2610; x_wconf 87' lang='lat' dir='ltr'><strong>invidis)</strong></span> <span class='ocrx_word' id='word_1_240' title='bbox 536 2539 659 2607; x_wconf 88' lang='lat' dir='ltr'>XLIII,</span> <span class='ocrx_word' id='word_1_241' title='bbox 690 2542 707 2595; x_wconf 88' lang='lat'>5</span> <span class='ocrx_word' id='word_1_242' title='bbox 730 2539 838 2595; x_wconf 85' lang='lat' dir='ltr'><strong>Tertiae</strong></span> <span class='ocrx_word' id='word_1_243' title='bbox 861 2539 962 2597; x_wconf 84' lang='lat' dir='ltr'><strong>classis</strong></span> <span class='ocrx_word' id='word_1_244' title='bbox 983 2541 1012 2597; x_wconf 88' lang='lat' dir='ltr'><strong>in</strong></span> <span class='ocrx_word' id='word_1_245' title='bbox 1036 2540 1246 2613; x_wconf 78' lang='lat' dir='ltr'><strong>quinquaginta</strong></span> <span class='ocrx_word' id='word_1_246' title='bbox 1271 2539 1448 2612; x_wconf 65' lang='lat' dir='ltr'><strong>(liberianum</strong></span> <span class='ocrx_word' id='word_1_247' title='bbox 1542 2543 1543 2571; x_wconf 67' lang='lat' dir='ltr'><strong>r</strong></span> 
     </span>
    </p>
   </div>
   <div class='ocr_carea' id='block_1_10' title="bbox 380 2610 1543 2944">
    <p class='ocr_par' dir='ltr' id='par_1_10' title="bbox 380 2610 1543 2944">
     <span class='ocr_line' id='line_1_25' title="bbox 380 2610 1543 2696; baseline 0.003 -19"><span class='ocrx_word' id='word_1_248' title='bbox 380 2621 445 2677; x_wconf 88' lang='lat' dir='ltr'><strong>Em.</strong></span> <span class='ocrx_word' id='word_1_249' title='bbox 459 2622 510 2693; x_wconf 81' lang='grc'><strong>49)</strong></span> <span class='ocrx_word' id='word_1_250' title='bbox 528 2620 533 2694; x_wconf 91' lang='lat'><em>)</em></span> <span class='ocrx_word' id='word_1_251' title='bbox 552 2630 581 2677; x_wconf 86' lang='lat' dir='ltr'><strong>et</strong></span> <span class='ocrx_word' id='word_1_252' title='bbox 594 2622 655 2677; x_wconf 84' lang='lat' dir='ltr'><strong>haee</strong></span> <span class='ocrx_word' id='word_1_253' title='bbox 673 2622 772 2695; x_wconf 80' lang='lat' dir='ltr'><strong>(supro</strong></span> <span class='ocrx_word' id='word_1_254' title='bbox 778 2641 811 2696; x_wconf 84' lang='lat' dir='ltr'><strong>p.</strong></span> <span class='ocrx_word' id='word_1_255' title='bbox 830 2621 899 2694; x_wconf 90' lang='lat' dir='ltr'><strong>VII)</strong></span> <span class='ocrx_word' id='word_1_256' title='bbox 924 2627 939 2679; x_wconf 86' lang='lat'><strong>7</strong></span> <span class='ocrx_word' id='word_1_257' title='bbox 957 2623 1162 2696; x_wconf 83' lang='lat' dir='ltr'><strong>tubicinesque,</strong></span> <span class='ocrx_word' id='word_1_258' title='bbox 1184 2621 1213 2679; x_wconf 93' lang='lat' dir='ltr'><strong>in</strong></span> <span class='ocrx_word' id='word_1_259' title='bbox 1229 2623 1317 2695; x_wconf 84' lang='lat' dir='ltr'><strong>(Inter</strong></span> <span class='ocrx_word' id='word_1_260' title='bbox 1332 2622 1450 2679; x_wconf 75' lang='lat' dir='ltr'><strong>hostria</strong></span> <span class='ocrx_word' id='word_1_261' title='bbox 1542 2610 1543 2627; x_wconf 45' lang='lat'>¹</span> 
     </span>
     <span class='ocr_line' id='line_1_26' title="bbox 380 2704 1448 2780; baseline 0.004 -21"><span class='ocrx_word' id='word_1_262' title='bbox 380 2705 430 2759; x_wconf 84' lang='lat' dir='ltr'><strong>illu</strong></span> <span class='ocrx_word' id='word_1_263' title='bbox 450 2722 550 2776; x_wconf 71' lang='lat' dir='ltr'><strong>penus</strong></span> <span class='ocrx_word' id='word_1_264' title='bbox 571 2704 726 2779; x_wconf 73' lang='lat' dir='ltr'><strong>distribute</strong></span> <span class='ocrx_word' id='word_1_265' title='bbox 740 2714 804 2761; x_wconf 72' lang='lat' dir='ltr'><strong>suist</strong></span> <span class='ocrx_word' id='word_1_266' title='bbox 818 2708 846 2761; x_wconf 86' lang='lat' dir='ltr'><strong>iu</strong></span> <span class='ocrx_word' id='word_1_267' title='bbox 869 2713 924 2775; x_wconf 79' lang='lat' dir='ltr'><strong>tres</strong></span> <span class='ocrx_word' id='word_1_268' title='bbox 944 2705 1103 2777; x_wconf 76' lang='lat' dir='ltr'><strong>centurius.)</strong></span> <span class='ocrx_word' id='word_1_269' title='bbox 1129 2710 1161 2761; x_wconf 89' lang='lat' dir='ltr'><strong>ll</strong></span> <span class='ocrx_word' id='word_1_270' title='bbox 1177 2706 1301 2780; x_wconf 88' lang='lat' dir='ltr'><strong>primum</strong></span> <span class='ocrx_word' id='word_1_271' title='bbox 1316 2705 1448 2780; x_wconf 88' lang='lat' dir='ltr'><strong>pediturn</strong></span> 
     </span>
     <span class='ocr_line' id='line_1_27' title="bbox 380 2786 1450 2862; baseline 0.004 -21"><span class='ocrx_word' id='word_1_272' title='bbox 380 2788 561 2861; x_wconf 77' lang='lat' dir='ltr'><strong>vooebsntur</strong></span> <span class='ocrx_word' id='word_1_273' title='bbox 582 2789 639 2843; x_wconf 84' lang='lat' dir='ltr'><strong>siue</strong></span> <span class='ocrx_word' id='word_1_274' title='bbox 659 2790 744 2843; x_wconf 74' lang='lat' dir='ltr'><strong>uiues.</strong></span> <span class='ocrx_word' id='word_1_275' title='bbox 754 2786 864 2861; x_wconf 82' lang='lat' dir='ltr'><strong>(Neque</strong></span> <span class='ocrx_word' id='word_1_276' title='bbox 878 2788 1001 2862; x_wconf 89' lang='lat' dir='ltr'><strong>primum</strong></span> <span class='ocrx_word' id='word_1_277' title='bbox 1016 2808 1069 2861; x_wconf 86' lang='lat' dir='ltr'><strong>pro</strong></span> <span class='ocrx_word' id='word_1_278' title='bbox 1084 2788 1241 2862; x_wconf 88' lang='lat' dir='ltr'><strong>primorum</strong></span> <span class='ocrx_word' id='word_1_279' title='bbox 1257 2790 1347 2861; x_wconf 78' lang='lat' dir='ltr'><strong>aoeipi</strong></span> <span class='ocrx_word' id='word_1_280' title='bbox 1355 2796 1450 2861; x_wconf 87' lang='lat' dir='ltr'><strong>potest</strong></span> 
     </span>
     <span class='ocr_line' id='line_1_28' title="bbox 380 2869 1448 2944; baseline 0.005 -20"><span class='ocrx_word' id='word_1_281' title='bbox 380 2888 465 2943; x_wconf 85' lang='lat' dir='ltr'><strong>neque</strong></span> <span class='ocrx_word' id='word_1_282' title='bbox 481 2872 570 2943; x_wconf 81' lang='lat' dir='ltr'><strong>primi</strong></span> <span class='ocrx_word' id='word_1_283' title='bbox 578 2869 685 2944; x_wconf 78' lang='lat' dir='ltr'><strong>pedites</strong></span> <span class='ocrx_word' id='word_1_284' title='bbox 706 2871 759 2926; x_wconf 88' lang='lat' dir='ltr'><strong>ulli</strong></span> <span class='ocrx_word' id='word_1_285' title='bbox 772 2870 872 2942; x_wconf 85' lang='lat' dir='ltr'><strong>eraut.)</strong></span> <span class='ocrx_word' id='word_1_286' title='bbox 900 2873 934 2928; x_wconf 87' lang='grc'><strong>13</strong></span> <span class='ocrx_word' id='word_1_287' title='bbox 951 2871 1174 2944; x_wconf 85' lang='lat' dir='ltr'><strong>regionibusque</strong></span> <span class='ocrx_word' id='word_1_288' title='bbox 1197 2880 1225 2926; x_wconf 81' lang='lat' dir='ltr'><strong>et</strong></span> <span class='ocrx_word' id='word_1_289' title='bbox 1240 2870 1372 2938; x_wconf 85' lang='lat' dir='ltr'><strong>collibus,</strong></span> <span class='ocrx_word' id='word_1_290' title='bbox 1397 2871 1448 2944; x_wconf 93' lang='lat' dir='ltr'><strong>qui</strong></span> 
     </span>
    </p>
   </div>
   <div class='ocr_carea' id='block_1_11' title="bbox 256 2950 1448 3027">
    <p class='ocr_par' dir='ltr' id='par_1_11' title="bbox 256 2950 1448 3027">
     <span class='ocr_line' id='line_1_29' title="bbox 256 2950 1448 3027; baseline 0.002 -20"><span class='ocrx_word' id='word_1_291' title='bbox 256 2990 265 3007; x_wconf 86' lang='lat'><strong><em>.</em></strong></span> <span class='ocrx_word' id='word_1_292' title='bbox 382 2950 465 3024; x_wconf 87' lang='lat' dir='ltr'>(HL;</span> <span class='ocrx_word' id='word_1_293' title='bbox 483 2952 513 3007; x_wconf 92' lang='lat' dir='ltr'><strong>in</strong></span> <span class='ocrx_word' id='word_1_294' title='bbox 533 2953 596 3008; x_wconf 88' lang='lat' dir='ltr'><strong>MP</strong></span> <span class='ocrx_word' id='word_1_295' title='bbox 611 2961 652 3008; x_wconf 82' lang='lat' dir='ltr'><strong>est</strong></span> <span class='ocrx_word' id='word_1_296' title='bbox 665 2953 890 3026; x_wconf 87' lang='lat' dir='ltr'><strong>regionibusque</strong></span> <span class='ocrx_word' id='word_1_297' title='bbox 908 2952 1031 3010; x_wconf 82' lang='lat' dir='ltr'><strong>collibus</strong></span> <span class='ocrx_word' id='word_1_298' title='bbox 1043 2954 1104 3027; x_wconf 90' lang='lat' dir='ltr'><strong>qui)</strong></span> <span class='ocrx_word' id='word_1_299' title='bbox 1128 2953 1242 3021; x_wconf 89' lang='lat' dir='ltr'>XLIV,</span> <span class='ocrx_word' id='word_1_300' title='bbox 1267 2952 1448 3026; x_wconf 87' lang='lat' dir='ltr'><strong>3Esquiliss</strong></span> 
     </span>
    </p>
   </div>
   <div class='ocr_carea' id='block_1_12' title="bbox 379 3032 1449 3356">
    <p class='ocr_par' dir='ltr' id='par_1_12' title="bbox 379 3032 1449 3356">
     <span class='ocr_line' id='line_1_30' title="bbox 381 3032 1448 3110; baseline 0.001 -20"><span class='ocrx_word' id='word_1_301' title='bbox 381 3032 498 3107; x_wconf 83' lang='lat' dir='ltr'><strong>(Grou.)</strong></span> <span class='ocrx_word' id='word_1_302' title='bbox 519 3035 618 3105; x_wconf 90' lang='lat' dir='ltr'>XLV,</span> <span class='ocrx_word' id='word_1_303' title='bbox 646 3041 656 3091; x_wconf 94' lang='lat' dir='ltr'>l</span> <span class='ocrx_word' id='word_1_304' title='bbox 676 3034 823 3107; x_wconf 81' lang='lat' dir='ltr'><strong>(Fortasse</strong></span> <span class='ocrx_word' id='word_1_305' title='bbox 836 3036 1023 3091; x_wconf 82' lang='lat' dir='ltr'><strong>scribendum:</strong></span> <span class='ocrx_word' id='word_1_306' title='bbox 1047 3040 1145 3092; x_wconf 86' lang='lat' dir='ltr'><strong>Aucts</strong></span> <span class='ocrx_word' id='word_1_307' title='bbox 1159 3035 1275 3091; x_wconf 78' lang='lat' dir='ltr'><strong>civitate</strong></span> <span class='ocrx_word' id='word_1_308' title='bbox 1291 3044 1319 3091; x_wconf 90' lang='lat' dir='ltr'><strong>et</strong></span> <span class='ocrx_word' id='word_1_309' title='bbox 1334 3036 1448 3110; x_wconf 81' lang='lat' dir='ltr'><strong>magni-</strong></span> 
     </span>
     <span class='ocr_line' id='line_1_31' title="bbox 380 3116 1448 3191; baseline 0.001 -18"><span class='ocrx_word' id='word_1_310' title='bbox 380 3116 478 3173; x_wconf 81' lang='lat' dir='ltr'><strong>tudine</strong></span> <span class='ocrx_word' id='word_1_311' title='bbox 500 3117 592 3189; x_wconf 91' lang='lat' dir='ltr'><strong>urbis)</strong></span> <span class='ocrx_word' id='word_1_312' title='bbox 615 3118 726 3177; x_wconf 77' lang='lat' dir='ltr'><strong>beives</strong></span> <span class='ocrx_word' id='word_1_313' title='bbox 743 3148 779 3159; x_wconf 89' lang='lat'><strong>·-</strong></span> <span class='ocrx_word' id='word_1_314' title='bbox 796 3117 995 3175; x_wconf 84' lang='lat' dir='ltr'><strong>immolassent</strong></span> <span class='ocrx_word' id='word_1_315' title='bbox 1018 3118 1099 3191; x_wconf 84' lang='lat' dir='ltr'><strong>(civis</strong></span> <span class='ocrx_word' id='word_1_316' title='bbox 1114 3118 1153 3190; x_wconf 87' lang='lat' dir='ltr'><strong>P)</strong></span> <span class='ocrx_word' id='word_1_317' title='bbox 1176 3122 1193 3175; x_wconf 88' lang='lat'><strong>6</strong></span> <span class='ocrx_word' id='word_1_318' title='bbox 1210 3118 1394 3191; x_wconf 82' lang='lat' dir='ltr'><strong>Sabinusque</strong></span> <span class='ocrx_word' id='word_1_319' title='bbox 1415 3126 1448 3174; x_wconf 88' lang='lat' dir='ltr'><strong>ut</strong></span> 
     </span>
     <span class='ocr_line' id='line_1_32' title="bbox 379 3198 1449 3275; baseline 0.002 -20"><span class='ocrx_word' id='word_1_320' title='bbox 379 3198 504 3274; x_wconf 86' lang='lat' dir='ltr'><strong>primum</strong></span> <span class='ocrx_word' id='word_1_321' title='bbox 527 3199 634 3274; x_wconf 85' lang='lat' dir='ltr'><strong>(prime</strong></span> <span class='ocrx_word' id='word_1_322' title='bbox 656 3199 729 3272; x_wconf 91' lang='lat' dir='ltr'><strong>MP)</strong></span> <span class='ocrx_word' id='word_1_323' title='bbox 750 3200 866 3268; x_wconf 89' lang='lat' dir='ltr'>XLVI,</span> <span class='ocrx_word' id='word_1_324' title='bbox 897 3205 911 3255; x_wconf 89' lang='lat'>7</span> <span class='ocrx_word' id='word_1_325' title='bbox 936 3218 1000 3256; x_wconf 86' lang='lat' dir='ltr'><strong>oum</strong></span> <span class='ocrx_word' id='word_1_326' title='bbox 1022 3199 1128 3275; x_wconf 87' lang='lat' dir='ltr'><strong>impuri</strong></span> <span class='ocrx_word' id='word_1_327' title='bbox 1148 3201 1237 3275; x_wconf 84' lang='lat' dir='ltr'><strong>iungi,</strong></span> <span class='ocrx_word' id='word_1_328' title='bbox 1260 3210 1290 3258; x_wconf 82' lang='lat' dir='ltr'><strong>ut</strong></span> <span class='ocrx_word' id='word_1_329' title='bbox 1310 3232 1346 3243; x_wconf 72' lang='grc'><strong>.-</strong></span> <span class='ocrx_word' id='word_1_330' title='bbox 1371 3211 1449 3258; x_wconf 87' lang='lat' dir='ltr'><strong>esset</strong></span> 
     </span>
     <span class='ocr_line' id='line_1_33' title="bbox 381 3282 1447 3356; baseline 0.002 -19"><span class='ocrx_word' id='word_1_331' title='bbox 381 3283 455 3355; x_wconf 73' lang='lat' dir='ltr'><strong>(Mp.</strong></span> <span class='ocrx_word' id='word_1_332' title='bbox 477 3283 543 3342; x_wconf 84' lang='lat' dir='ltr'><strong>Em.</strong></span> <span class='ocrx_word' id='word_1_333' title='bbox 558 3283 609 3355; x_wconf 83' lang='grc'><strong>49)</strong></span> <span class='ocrx_word' id='word_1_334' title='bbox 634 3282 773 3356; x_wconf 77' lang='lat' dir='ltr'><strong>Simplet.</strong></span> <span class='ocrx_word' id='word_1_335' title='bbox 818 3283 866 3338; x_wconf 85' lang='lat' dir='ltr'><strong>Its</strong></span> <span class='ocrx_word' id='word_1_336' title='bbox 882 3282 916 3341; x_wconf 90' lang='lat' dir='ltr'><strong>L.</strong></span> <span class='ocrx_word' id='word_1_337' title='bbox 932 3283 1109 3356; x_wconf 79' lang='lat' dir='ltr'><strong>Tarquinius</strong></span> <span class='ocrx_word' id='word_1_338' title='bbox 1134 3283 1236 3355; x_wconf 85' lang='lat' dir='ltr'><strong>(Codd.</strong></span> <span class='ocrx_word' id='word_1_339' title='bbox 1252 3302 1358 3349; x_wconf 78' lang='lat' dir='ltr'><strong>omues,-</strong></span> <span class='ocrx_word' id='word_1_340' title='bbox 1379 3283 1447 3340; x_wconf 89' lang='lat' dir='ltr'><strong>Em.</strong></span> 
     </span>
    </p>
   </div>
   <div class='ocr_carea' id='block_1_13' title="bbox 267 3364 1447 3440">
    <p class='ocr_par' dir='ltr' id='par_1_13' title="bbox 267 3364 1447 3440">
     <span class='ocr_line' id='line_1_34' title="bbox 267 3364 1447 3440; baseline 0.002 -19"><span class='ocrx_word' id='word_1_341' title='bbox 267 3386 276 3399; x_wconf 94' lang='lat'><strong>·</strong></span> <span class='ocrx_word' id='word_1_342' title='bbox 381 3365 433 3437; x_wconf 81' lang='lat'><strong>50)</strong></span> <span class='ocrx_word' id='word_1_343' title='bbox 466 3365 604 3435; x_wconf 90' lang='lat' dir='ltr'>XLVII,</span> <span class='ocrx_word' id='word_1_344' title='bbox 647 3370 664 3421; x_wconf 81' lang='lat'>5</span> <span class='ocrx_word' id='word_1_345' title='bbox 700 3364 917 3437; x_wconf 85' lang='lat' dir='ltr'><strong>(lretrisimilior</strong></span> <span class='ocrx_word' id='word_1_346' title='bbox 946 3384 1033 3439; x_wconf 81' lang='lat' dir='ltr'><strong>quem</strong></span> <span class='ocrx_word' id='word_1_347' title='bbox 1066 3368 1158 3440; x_wconf 85' lang='lat' dir='ltr'><strong>petris</strong></span> <span class='ocrx_word' id='word_1_348' title='bbox 1191 3366 1289 3436; x_wconf 82' lang='lat' dir='ltr'><strong>Mnul,</strong></span> <span class='ocrx_word' id='word_1_349' title='bbox 1322 3365 1447 3423; x_wconf 82' lang='lat' dir='ltr'><strong>iratrisi·</strong></span> 
     </span>
    </p>
   </div>
   <div class='ocr_carea' id='block_1_14' title="bbox 379 3447 1507 4349">
    <p class='ocr_par' dir='ltr' id='par_1_14' title="bbox 379 3447 1507 4349">
     <span class='ocr_line' id='line_1_35' title="bbox 381 3447 1447 3522; baseline 0.001 -19"><span class='ocrx_word' id='word_1_350' title='bbox 381 3447 477 3505; x_wconf 91' lang='lat' dir='ltr'><strong>milior</strong></span> <span class='ocrx_word' id='word_1_351' title='bbox 505 3466 592 3521; x_wconf 85' lang='lat' dir='ltr'><strong>quem</strong></span> <span class='ocrx_word' id='word_1_352' title='bbox 615 3448 693 3522; x_wconf 83' lang='lat' dir='ltr'><strong>putri</strong></span> <span class='ocrx_word' id='word_1_353' title='bbox 712 3448 846 3511; x_wconf 85' lang='lat' dir='ltr'><strong>PMm.2,·</strong></span> <span class='ocrx_word' id='word_1_354' title='bbox 876 3466 926 3507; x_wconf 88' lang='lat' dir='ltr'><strong>em.</strong></span> <span class='ocrx_word' id='word_1_355' title='bbox 958 3448 1165 3521; x_wconf 62' lang='lat' dir='ltr'><strong>Abebeybltium</strong></span> <span class='ocrx_word' id='word_1_356' title='bbox 1195 3457 1267 3507; x_wconf 81' lang='lat' dir='ltr'><strong>erat:</strong></span> <span class='ocrx_word' id='word_1_357' title='bbox 1297 3448 1381 3505; x_wconf 85' lang='lat' dir='ltr'><strong>frotri</strong></span> <span class='ocrx_word' id='word_1_358' title='bbox 1406 3478 1447 3491; x_wconf 88' lang='lat'>-</span> 
     </span>
     <span class='ocr_line' id='line_1_36' title="bbox 380 3529 1428 3605; baseline 0.001 -20"><span class='ocrx_word' id='word_1_359' title='bbox 380 3530 468 3603; x_wconf 84' lang='lat' dir='ltr'><strong>petri)</strong></span> <span class='ocrx_word' id='word_1_360' title='bbox 487 3530 636 3598; x_wconf 90' lang='lat' dir='ltr'>XLVIII,</span> <span class='ocrx_word' id='word_1_361' title='bbox 662 3532 679 3585; x_wconf 87' lang='lat'><strong>3</strong></span> <span class='ocrx_word' id='word_1_362' title='bbox 701 3530 760 3586; x_wconf 83' lang='lat' dir='ltr'><strong>iem</strong></span> <span class='ocrx_word' id='word_1_363' title='bbox 786 3529 871 3585; x_wconf 87' lang='lat' dir='ltr'><strong>etiem</strong></span> <span class='ocrx_word' id='word_1_364' title='bbox 893 3529 959 3605; x_wconf 85' lang='lat' dir='ltr'><strong>ipse</strong></span> <span class='ocrx_word' id='word_1_365' title='bbox 981 3532 1007 3603; x_wconf 91' lang='lat' dir='ltr'><strong>(e</strong></span> <span class='ocrx_word' id='word_1_366' title='bbox 1026 3533 1204 3605; x_wconf 72' lang='lat' dir='ltr'><strong>qeninauone</strong></span> <span class='ocrx_word' id='word_1_367' title='bbox 1230 3531 1395 3603; x_wconf 79' lang='lat' dir='ltr'><strong>litterarum)</strong></span> <span class='ocrx_word' id='word_1_368' title='bbox 1423 3531 1428 3603; x_wconf 89' lang='lat'><em>)</em></span> 
     </span>
     <span class='ocr_line' id='line_1_37' title="bbox 380 3610 1447 3689; baseline 0.003 -21"><span class='ocrx_word' id='word_1_369' title='bbox 380 3611 484 3669; x_wconf 86' lang='lat' dir='ltr'><strong>deiecit</strong></span> <span class='ocrx_word' id='word_1_370' title='bbox 510 3613 572 3685; x_wconf 77' lang='lat' dir='ltr'><strong>(eje.</strong></span> <span class='ocrx_word' id='word_1_371' title='bbox 593 3612 634 3668; x_wconf 88' lang='lat' dir='ltr'><strong>ud</strong></span> <span class='ocrx_word' id='word_1_372' title='bbox 653 3630 677 3671; x_wconf 85' lang='lat' dir='ltr'><strong>e.</strong></span> <span class='ocrx_word' id='word_1_373' title='bbox 699 3614 748 3680; x_wconf 89' lang='grc'><strong>41,</strong></span> <span class='ocrx_word' id='word_1_374' title='bbox 770 3612 800 3683; x_wconf 85' lang='grc'><strong>1)</strong></span> <span class='ocrx_word' id='word_1_375' title='bbox 820 3610 824 3688; x_wconf 90' lang='grc' dir='ltr'>Ι</span> <span class='ocrx_word' id='word_1_376' title='bbox 843 3613 930 3669; x_wconf 86' lang='lat' dir='ltr'><strong>rediit</strong></span> <span class='ocrx_word' id='word_1_377' title='bbox 952 3617 968 3671; x_wconf 94' lang='grc'>4</span> <span class='ocrx_word' id='word_1_378' title='bbox 992 3615 1147 3689; x_wconf 82' lang='lat' dir='ltr'><strong>exsanguis</strong></span> <span class='ocrx_word' id='word_1_379' title='bbox 1169 3616 1246 3687; x_wconf 88' lang='lat' dir='ltr'><strong>[oum</strong></span> <span class='ocrx_word' id='word_1_380' title='bbox 1268 3613 1447 3671; x_wconf 86' lang='lat' dir='ltr'><strong>semianimis</strong></span> 
     </span>
     <span class='ocr_line' id='line_1_38' title="bbox 380 3694 1446 3771; baseline 0.002 -20"><span class='ocrx_word' id='word_1_381' title='bbox 380 3694 460 3770; x_wconf 79' lang='lat' dir='ltr'><strong>regio</strong></span> <span class='ocrx_word' id='word_1_382' title='bbox 480 3697 617 3753; x_wconf 81' lang='lat' dir='ltr'><strong>comitutu</strong></span> <span class='ocrx_word' id='word_1_383' title='bbox 633 3694 750 3751; x_wconf 86' lang='lat' dir='ltr'><strong>domum</strong></span> <span class='ocrx_word' id='word_1_384' title='bbox 773 3713 805 3750; x_wconf 90' lang='lat' dir='ltr'><strong>se</strong></span> <span class='ocrx_word' id='word_1_385' title='bbox 819 3694 960 3770; x_wconf 82' lang='lat' dir='ltr'><strong>reciperet</strong></span> <span class='ocrx_word' id='word_1_386' title='bbox 982 3697 1217 3771; x_wconf 84' lang='lat' dir='ltr'><strong>pervenissetque</strong></span> <span class='ocrx_word' id='word_1_387' title='bbox 1239 3696 1275 3753; x_wconf 86' lang='lat' dir='ltr'><strong>od</strong></span> <span class='ocrx_word' id='word_1_388' title='bbox 1300 3714 1446 3753; x_wconf 90' lang='lat' dir='ltr'><strong>summum</strong></span> 
     </span>
     <span class='ocr_line' id='line_1_39' title="bbox 380 3774 1446 3854; baseline 0.002 -20"><span class='ocrx_word' id='word_1_389' title='bbox 380 3775 518 3852; x_wconf 85' lang='lat' dir='ltr'><strong>Cyprium</strong></span> <span class='ocrx_word' id='word_1_390' title='bbox 541 3776 651 3848; x_wconf 82' lang='lat' dir='ltr'><strong>vicum]</strong></span> <span class='ocrx_word' id='word_1_391' title='bbox 673 3778 711 3833; x_wconf 83' lang='lat' dir='ltr'><strong>ab</strong></span> <span class='ocrx_word' id='word_1_392' title='bbox 725 3774 760 3832; x_wconf 89' lang='lat' dir='ltr'><strong>iis</strong></span> <span class='ocrx_word' id='word_1_393' title='bbox 784 3780 801 3833; x_wconf 89' lang='lat'><strong>6</strong></span> <span class='ocrx_word' id='word_1_394' title='bbox 824 3796 890 3833; x_wconf 88' lang='lat' dir='ltr'><strong>cum</strong></span> <span class='ocrx_word' id='word_1_395' title='bbox 912 3797 943 3835; x_wconf 89' lang='lat' dir='ltr'><strong>se</strong></span> <span class='ocrx_word' id='word_1_396' title='bbox 962 3779 1078 3836; x_wconf 90' lang='lat' dir='ltr'><strong>domum</strong></span> <span class='ocrx_word' id='word_1_397' title='bbox 1102 3781 1197 3853; x_wconf 82' lang='lat' dir='ltr'><strong>(verbu</strong></span> <span class='ocrx_word' id='word_1_398' title='bbox 1210 3779 1291 3854; x_wconf 83' lang='lat' dir='ltr'><strong>regio</strong></span> <span class='ocrx_word' id='word_1_399' title='bbox 1306 3778 1446 3837; x_wconf 80' lang='lat' dir='ltr'><strong>comitutu</strong></span> 
     </span>
     <span class='ocr_line' id='line_1_40' title="bbox 380 3860 1445 3936; baseline 0.005 -20"><span class='ocrx_word' id='word_1_400' title='bbox 380 3860 461 3916; x_wconf 87' lang='lat' dir='ltr'><strong>oodd.</strong></span> <span class='ocrx_word' id='word_1_401' title='bbox 483 3862 509 3917; x_wconf 78' lang='lat' dir='ltr'><strong>ir.</strong></span> <span class='ocrx_word' id='word_1_402' title='bbox 528 3861 545 3919; x_wconf 92' lang='grc'><strong>1.</strong></span> <span class='ocrx_word' id='word_1_403' title='bbox 557 3862 691 3926; x_wconf 80' lang='lat' dir='ltr'><strong>omittunt,</strong></span> <span class='ocrx_word' id='word_1_404' title='bbox 711 3876 799 3933; x_wconf 82' lang='lat' dir='ltr'><strong>supra</strong></span> <span class='ocrx_word' id='word_1_405' title='bbox 814 3860 937 3933; x_wconf 74' lang='lat' dir='ltr'><strong>suvant)</strong></span> <span class='ocrx_word' id='word_1_406' title='bbox 961 3864 978 3918; x_wconf 92' lang='lat'><strong>6</strong></span> <span class='ocrx_word' id='word_1_407' title='bbox 994 3862 1200 3935; x_wconf 87' lang='lat' dir='ltr'><strong>Esquilierium</strong></span> <span class='ocrx_word' id='word_1_408' title='bbox 1213 3862 1284 3936; x_wconf 85' lang='lat' dir='ltr'><strong>(eod.</strong></span> <span class='ocrx_word' id='word_1_409' title='bbox 1295 3862 1445 3935; x_wconf 70' lang='lat' dir='ltr'><strong>Bamtuq.</strong></span> 
     </span>
     <span class='ocr_line' id='line_1_41' title="bbox 379 3941 1507 4019; baseline 0.002 -20"><span class='ocrx_word' id='word_1_410' title='bbox 379 3945 434 4015; x_wconf 68' lang='lat' dir='ltr'><strong>Mu.</strong></span> <span class='ocrx_word' id='word_1_411' title='bbox 446 3944 511 4003; x_wconf 85' lang='lat' dir='ltr'><strong>Em.</strong></span> <span class='ocrx_word' id='word_1_412' title='bbox 523 3941 576 4013; x_wconf 82' lang='lat'><strong>52)</strong></span> <span class='ocrx_word' id='word_1_413' title='bbox 600 3943 634 4009; x_wconf 85' lang='lat' dir='ltr'>L,</span> <span class='ocrx_word' id='word_1_414' title='bbox 649 3946 664 3998; x_wconf 85' lang='lat'><strong>7</strong></span> <span class='ocrx_word' id='word_1_415' title='bbox 677 3941 771 4015; x_wconf 90' lang='lat' dir='ltr'><strong>iisque</strong></span> <span class='ocrx_word' id='word_1_416' title='bbox 793 3942 845 4012; x_wconf 91' lang='lat' dir='ltr'><strong>LI,</strong></span> <span class='ocrx_word' id='word_1_417' title='bbox 869 3944 886 3999; x_wconf 80' lang='lat'><strong>2</strong></span> <span class='ocrx_word' id='word_1_418' title='bbox 909 3945 1046 4019; x_wconf 85' lang='lat' dir='ltr'><strong>corrupit,</strong></span> <span class='ocrx_word' id='word_1_419' title='bbox 1067 3944 1097 4001; x_wconf 90' lang='lat' dir='ltr'><strong>in</strong></span> <span class='ocrx_word' id='word_1_420' title='bbox 1109 3945 1304 4003; x_wconf 85' lang='lat' dir='ltr'><strong>deversorium</strong></span> <span class='ocrx_word' id='word_1_421' title='bbox 1330 3944 1446 4001; x_wconf 68' lang='lat' dir='ltr'><strong>lesdis</strong></span> <span class='ocrx_word' id='word_1_422' title='bbox 1505 3964 1507 3977; x_wconf 64' lang='lat'><strong><em>⁴</em></strong></span> 
     </span>
     <span class='ocr_line' id='line_1_42' title="bbox 380 4023 1446 4100; baseline 0.004 -20"><span class='ocrx_word' id='word_1_423' title='bbox 380 4024 442 4097; x_wconf 88' lang='grc' dir='ltr'><strong>(Μ)</strong></span> <span class='ocrx_word' id='word_1_424' title='bbox 463 4025 531 4094; x_wconf 89' lang='lat' dir='ltr'>LII,</span> <span class='ocrx_word' id='word_1_425' title='bbox 554 4026 572 4081; x_wconf 74' lang='lat'>2</span> <span class='ocrx_word' id='word_1_426' title='bbox 593 4023 624 4082; x_wconf 91' lang='lat' dir='ltr'><strong>in</strong></span> <span class='ocrx_word' id='word_1_427' title='bbox 644 4026 702 4081; x_wconf 86' lang='lat' dir='ltr'><strong>siue</strong></span> <span class='ocrx_word' id='word_1_428' title='bbox 721 4027 798 4081; x_wconf 83' lang='lat' dir='ltr'><strong>uuois</strong></span> <span class='ocrx_word' id='word_1_429' title='bbox 826 4025 879 4098; x_wconf 78' lang='lat' dir='ltr'><strong>(A.</strong></span> <span class='ocrx_word' id='word_1_430' title='bbox 900 4026 1071 4100; x_wconf 78' lang='lat' dir='ltr'><strong>Perizonius)</strong></span> <span class='ocrx_word' id='word_1_431' title='bbox 1104 4031 1120 4085; x_wconf 90' lang='lat'><strong>3</strong></span> <span class='ocrx_word' id='word_1_432' title='bbox 1143 4029 1174 4085; x_wconf 91' lang='lat' dir='ltr'><strong>id</strong></span> <span class='ocrx_word' id='word_1_433' title='bbox 1194 4032 1252 4085; x_wconf 86' lang='lat' dir='ltr'><strong>siue</strong></span> <span class='ocrx_word' id='word_1_434' title='bbox 1272 4030 1348 4083; x_wconf 86' lang='lat' dir='ltr'><strong>uueis</strong></span> <span class='ocrx_word' id='word_1_435' title='bbox 1369 4024 1446 4100; x_wconf 90' lang='lat' dir='ltr'><strong>(No-</strong></span> 
     </span>
     <span class='ocr_line' id='line_1_43' title="bbox 380 4108 1445 4182; baseline 0.005 -20"><span class='ocrx_word' id='word_1_436' title='bbox 380 4110 448 4164; x_wconf 83' lang='lat' dir='ltr'><strong>tavit</strong></span> <span class='ocrx_word' id='word_1_437' title='bbox 466 4108 531 4165; x_wconf 82' lang='lat' dir='ltr'><strong>Ues.</strong></span> <span class='ocrx_word' id='word_1_438' title='bbox 551 4126 701 4181; x_wconf 81' lang='lat' dir='ltr'><strong>pronomen</strong></span> <span class='ocrx_word' id='word_1_439' title='bbox 715 4127 748 4163; x_wconf 81' lang='lat' dir='ltr'><strong>ee</strong></span> <span class='ocrx_word' id='word_1_440' title='bbox 769 4111 898 4182; x_wconf 67' lang='lat' dir='ltr'><strong>prosumo</strong></span> <span class='ocrx_word' id='word_1_441' title='bbox 911 4128 991 4166; x_wconf 76' lang='lat' dir='ltr'><strong>versu</strong></span> <span class='ocrx_word' id='word_1_442' title='bbox 1013 4119 1162 4167; x_wconf 79' lang='lat' dir='ltr'><strong>retractum</strong></span> <span class='ocrx_word' id='word_1_443' title='bbox 1168 4132 1179 4177; x_wconf 80' lang='lat'><strong>,-</strong></span> <span class='ocrx_word' id='word_1_444' title='bbox 1202 4130 1255 4168; x_wconf 82' lang='lat' dir='ltr'><strong>uon</strong></span> <span class='ocrx_word' id='word_1_445' title='bbox 1276 4110 1393 4165; x_wconf 84' lang='lat' dir='ltr'><strong>dieitur:</strong></span> <span class='ocrx_word' id='word_1_446' title='bbox 1414 4110 1445 4167; x_wconf 89' lang='lat' dir='ltr'><strong>id</strong></span> 
     </span>
     <span class='ocr_line' id='line_1_44' title="bbox 380 4190 1445 4265; baseline 0.003 -19"><span class='ocrx_word' id='word_1_447' title='bbox 380 4207 494 4259; x_wconf 83' lang='lat' dir='ltr'><strong>censeo,</strong></span> <span class='ocrx_word' id='word_1_448' title='bbox 520 4190 565 4262; x_wconf 86' lang='lat' dir='ltr'><strong>nt)</strong></span> <span class='ocrx_word' id='word_1_449' title='bbox 593 4190 677 4261; x_wconf 92' lang='lat' dir='ltr'>LIII,</span> <span class='ocrx_word' id='word_1_450' title='bbox 711 4192 728 4247; x_wconf 88' lang='lat'><strong>3</strong></span> <span class='ocrx_word' id='word_1_451' title='bbox 752 4191 900 4249; x_wconf 83' lang='lat' dir='ltr'><strong>divendita</strong></span> <span class='ocrx_word' id='word_1_452' title='bbox 921 4193 962 4265; x_wconf 91' lang='lat' dir='ltr'><strong>(P</strong></span> <span class='ocrx_word' id='word_1_453' title='bbox 980 4192 1145 4263; x_wconf 81' lang='lat' dir='ltr'><strong>dividenda,</strong></span> <span class='ocrx_word' id='word_1_454' title='bbox 1167 4195 1256 4252; x_wconf 82' lang='lat' dir='ltr'><strong>Mml</strong></span> <span class='ocrx_word' id='word_1_455' title='bbox 1283 4192 1445 4265; x_wconf 84' lang='lat' dir='ltr'><strong>dividente)</strong></span> 
     </span>
     <span class='ocr_line' id='line_1_45' title="bbox 382 4272 1445 4349; baseline 0.004 -20"><span class='ocrx_word' id='word_1_456' title='bbox 382 4272 560 4330; x_wconf 74' lang='lat' dir='ltr'><strong>blesiendis</strong></span> <span class='ocrx_word' id='word_1_457' title='bbox 584 4275 601 4331; x_wconf 84' lang='lat'><strong>6</strong></span> <span class='ocrx_word' id='word_1_458' title='bbox 622 4291 656 4330; x_wconf 87' lang='lat' dir='ltr'><strong>se</strong></span> <span class='ocrx_word' id='word_1_459' title='bbox 676 4276 735 4331; x_wconf 83' lang='lat' dir='ltr'><strong>sine</strong></span> <span class='ocrx_word' id='word_1_460' title='bbox 748 4277 824 4331; x_wconf 85' lang='lat' dir='ltr'><strong>uueis</strong></span> <span class='ocrx_word' id='word_1_461' title='bbox 845 4272 960 4347; x_wconf 71' lang='lat' dir='ltr'><strong>(Goon.)</strong></span> <span class='ocrx_word' id='word_1_462' title='bbox 983 4276 1064 4346; x_wconf 91' lang='lat' dir='ltr'>LIV,</span> <span class='ocrx_word' id='word_1_463' title='bbox 1092 4280 1100 4333; x_wconf 92' lang='lat' dir='ltr'>l</span> <span class='ocrx_word' id='word_1_464' title='bbox 1129 4277 1231 4349; x_wconf 81' lang='lat' dir='ltr'><strong>(Codd.</strong></span> <span class='ocrx_word' id='word_1_465' title='bbox 1247 4283 1323 4333; x_wconf 87' lang='lat' dir='ltr'><strong>esset</strong></span> <span class='ocrx_word' id='word_1_466' title='bbox 1342 4277 1373 4331; x_wconf 93' lang='lat' dir='ltr'><strong>in</strong></span> <span class='ocrx_word' id='word_1_467' title='bbox 1395 4295 1445 4347; x_wconf 72' lang='grc' dir='ltr'><strong>θος</strong></span> 
     </span>
    </p>
   </div>
   <div class='ocr_carea' id='block_1_15' title="bbox 380 4355 1445 4434">
    <p class='ocr_par' dir='ltr' id='par_1_15' title="bbox 380 4355 1445 4434">
     <span class='ocr_line' id='line_1_46' title="bbox 380 4355 1445 4434; baseline 0.005 -23"><span class='ocrx_word' id='word_1_468' title='bbox 380 4373 429 4419; x_wconf 83' lang='lat' dir='ltr'><strong>em.</strong></span> <span class='ocrx_word' id='word_1_469' title='bbox 452 4355 657 4431; x_wconf 78' lang='lat' dir='ltr'><strong>Abelessloius3</strong></span> <span class='ocrx_word' id='word_1_470' title='bbox 684 4358 831 4415; x_wconf 81' lang='lat' dir='ltr'><strong>edebatur:</strong></span> <span class='ocrx_word' id='word_1_471' title='bbox 857 4374 936 4427; x_wconf 82' lang='lat' dir='ltr'><strong>esse3</strong></span> <span class='ocrx_word' id='word_1_472' title='bbox 966 4357 995 4415; x_wconf 89' lang='lat' dir='ltr'><strong>in</strong></span> <span class='ocrx_word' id='word_1_473' title='bbox 1025 4360 1072 4432; x_wconf 87' lang='lat' dir='ltr'><strong>eo)</strong></span> <span class='ocrx_word' id='word_1_474' title='bbox 1096 4363 1113 4416; x_wconf 88' lang='lat'><strong>5</strong></span> <span class='ocrx_word' id='word_1_475' title='bbox 1136 4380 1209 4418; x_wconf 90' lang='lat' dir='ltr'><strong>unus</strong></span> <span class='ocrx_word' id='word_1_476' title='bbox 1231 4360 1316 4434; x_wconf 81' lang='lat' dir='ltr'><strong>[proe]</strong></span> <span class='ocrx_word' id='word_1_477' title='bbox 1338 4358 1445 4419; x_wconf 79' lang='lat' dir='ltr'><strong>Gabiis</strong></span> 
     </span>
    </p>
   </div>
   <div class='ocr_carea' id='block_1_16' title="bbox 0 0 1700 5084">
    <p class='ocr_par' dir='ltr' id='par_1_16' title="bbox 0 0 1700 5084">
     <span class='ocr_line' id='line_1_47' title="bbox 0 0 1700 5084; baseline 0 0"><span class='ocrx_word' id='word_1_478' title='bbox 0 0 1700 5084; x_wconf 95' lang='lat' dir='ltr'><strong> </strong></span> 
     </span>
    </p>
   </div>
  </div>
 </body>
</html>
