3392 5084
468 507 528 566 212
773 505 851 554 Liber
867 505 901 554 Χ.
938 505 1016 569 (A.u.
1027 508 1131 566 atti.)

396 690 620 760 9committunt3
642 698 778 761 ceterum,
801 691 862 748 sive
884 689 953 765 quia
974 705 1011 748 ex
1025 691 1152 748 omnium
1165 691 1337 750 Samnitium
1356 693 1465 767 populis,

427 797 619 872 quodcunque
640 797 753 854 roboris
774 795 885 866 fuerat,
920 804 1138 867 contraxerant,
1165 816 1217 855 seu
1242 798 1312 872 qnia
1332 797 1467 854 discrimen

427 921 546 962 summa
579 922 674 960 rerum
707 903 833 977 augebat
860 901 988 970 animos,
1024 902 1203 978 aliquantum
1236 913 1338 979 aperta
1367 920 1468 978 quoque

378 1012 413 1068 10
427 1027 526 1084 pugna
546 1011 729 1086 prabuerunt
749 1008 877 1065 terroris.
919 1007 1029 1065 Fabius
1050 1009 1101 1066 ubi
1120 1009 1201 1066 nulla
1223 1029 1262 1066 ex
1275 1009 1467 1084 partahostem

427 1114 492 1174 loco
508 1116 618 1173 moveri
631 1116 712 1186 vidit,
735 1115 896 1172 Maximum
916 1115 1007 1172 tilium
1022 1123 1051 1171 et
1064 1115 1105 1173 M.
1120 1115 1273 1172 Valerium
1287 1115 1410 1172 tribunos
1421 1115 1469 1171 mi·

427 1220 518 1292 litum,
541 1240 606 1279 cum
629 1222 732 1296 quibus
754 1221 793 1278 ad
807 1220 930 1296 primam
945 1220 1036 1278 aciem
1051 1232 1245 1295 procurreret,
1265 1221 1310 1278 ire
1322 1222 1358 1278 ed
1370 1223 1472 1296 equites

378 1325 411 1386 11
426 1326 506 1384 iubet
527 1337 555 1386 et
577 1327 740 1398 adhortari,
770 1335 816 1395 nt,
845 1326 870 1382 si
892 1327 1008 1400 quando
1030 1345 1157 1401 unquam
1179 1328 1307 1401 equestri
1326 1347 1377 1403 ope
1397 1329 1473 1384 adiu-

426 1441 486 1490 tem
507 1452 568 1491 rem
590 1433 736 1508 publicam
757 1431 947 1503 meminerint,
969 1432 1020 1488 illo
1043 1432 1090 1490 die
1111 1432 1294 1503 annituntur,
1322 1442 1354 1488 ut
1372 1434 1473 1490 ordinis

378 1539 413 1594 12
427 1539 488 1596 eius
510 1539 633 1614 gloriam
655 1538 790 1596 invictam
812 1546 963 1612 prastent:
985 1539 1112 1614 peditum
1134 1538 1291 1595 certamine
1308 1538 1473 1596 immobilem

427 1647 540 1704 hostem
560 1653 684 1713 restare;
707 1663 821 1701 omnem
842 1645 985 1718 reliquam
1000 1663 1082 1720 spem
1095 1645 1126 1700 in
1143 1644 1254 1720 impetu
1269 1662 1332 1700 esse
1346 1645 1474 1718 equitnm

426 1753 466 1810 Et
487 1751 566 1825 ipsos
588 1749 756 1807 nominatim
783 1750 919 1820 iuvenes,
950 1750 1015 1825 pari
1044 1751 1179 1808 comitate
1205 1760 1374 1824 utrumque,
1406 1767 1475 1806 nunc

380 1855 413 1912 13
426 1857 570 1927 laudibus,
591 1875 666 1914 nunc
680 1856 830 1932 promissis
852 1865 961 1916 onerat.
1004 1854 1148 1926 Ceterum,
1170 1856 1287 1930 quando
1309 1873 1346 1911 ne
1359 1873 1396 1910 ea
1409 1873 1476 1928 quo·

413 1982 484 2047 ¹que
508 1970 618 2020 tentata
638 1963 682 2020 vis
703 1956 947 2037 proficeret**¹),
978 1961 1098 2018 consilio
1124 1960 1331 2036 grassandum,
1361 1960 1386 2017 si
1413 1961 1480 2016 nihil

378 2069 413 2122 14
428 2069 504 2126 vires
528 2068 677 2138 iuvarent,
706 2075 801 2136 ratus,
834 2066 999 2142 Scipionem
1020 2067 1147 2142 legatum
1168 2067 1301 2122 hastatos
1321 2066 1423 2140 prima
1442 2067 1479 2123 le·

427 2174 520 2250 gionis
542 2175 712 2231 subtrahere
735 2193 772 2230 ex
793 2171 856 2229 acie
877 2182 905 2229 ct
919 2173 957 2228 ad
973 2181 1084 2228 montes
1102 2172 1261 2246 proximos,
1283 2189 1370 2245 quam
1385 2181 1482 2246 posset

428 2281 628 2350 occultissime,
651 2278 862 2336 circumducere
882 2278 975 2347 iubet;
996 2277 1064 2334 iude
1088 2277 1229 2334 adscensu
1251 2277 1350 2333 abdito
1374 2296 1395 2333 a
1416 2297 1483 2334 con-

427 2393 527 2460 spectu
553 2385 663 2460 erigere
690 2384 718 2441 iu
745 2392 857 2464 montes
887 2403 1005 2460 agmen,
1037 2401 1199 2456 aversoque
1225 2383 1304 2440 hosti
1335 2383 1373 2439 ab
1402 2392 1482 2457 tergo

381 2493 415 2548 15
427 2499 545 2566 repente
566 2509 597 2548 se
619 2489 778 2548 ostendere.
829 2490 967 2564 Equites,
988 2490 1109 2563 ducibus
1126 2489 1263 2560 tribunis,
1292 2489 1372 2545 haud
1393 2489 1484 2545 multo

427 2596 492 2671 plus
513 2597 644 2655 hostibus
669 2614 755 2670 quam
777 2595 846 2665 suis,
868 2614 904 2652 ex
925 2595 1084 2668 improviso
1099 2606 1166 2652 ante
1187 2594 1270 2669 signa
1283 2595 1389 2664 evecti,
1412 2572 1486 2668 pra·

378 2701 413 2756 16
427 2703 549 2760 buerunt
578 2702 723 2764 tumultus.
774 2701 926 2758 Adversus
955 2701 1089 2758 incitatas
1120 2709 1230 2757 turmas
1257 2699 1337 2756 stetit
1362 2699 1488 2755 immota

427 2807 599 2866 Samnitium
627 2807 718 2878 acies,
751 2825 804 2863 uec
835 2815 919 2882 parte
949 2807 1009 2864 ulla
1034 2806 1103 2880 pelli
1130 2816 1181 2863 aut
1209 2805 1360 2881 perrumpi
1380 2805 1487 2880 potuit,

427 2920 455 2968 et
490 2921 643 2987 postquam
681 2913 792 2972 irritum
833 2913 978 2988 inceptum
1019 2922 1095 2984 erat,
1141 2913 1250 2988 recepti
1292 2918 1361 2986 post
1402 2911 1489 2985 sigua

378 3017 412 3071 17
426 3017 527 3092 proelio
549 3028 742 3082 excesserunt.
785 3017 885 3078 Crevit
904 3038 942 3076 ex
963 3037 997 3075 eo
1018 3020 1144 3077 hostium
1166 3019 1294 3087 animus,
1323 3035 1379 3074 uec
1402 3018 1490 3074 susti·

378 3185 381 3190 ,
426 3141 494 3204 nere
515 3122 594 3182 frons
617 3125 711 3199 prime
733 3135 793 3186 tam
807 3125 926 3201 longum
941 3134 1086 3183 certamen
1099 3125 1364 3199 increscentemque
1377 3125 1491 3182 fiducia

426 3228 470 3284 sui
491 3228 549 3286 vim
571 3231 727 3305 potuisset,
758 3232 789 3288 ni
810 3231 936 3290 secunda
959 3231 1037 3289 acies
1057 3231 1137 3288 iussu
1159 3231 1284 3288 consulis
1305 3230 1335 3286 in
1356 3230 1490 3305 primum

377 3333 412 3390 18
425 3335 615 3396 successisset.
676 3339 723 3394 lbi
755 3338 873 3414 integrm
905 3339 981 3395 vires
1012 3337 1117 3395 sistunt
1144 3336 1328 3394 invehentem
1360 3355 1395 3392 se
1431 3337 1490 3392 iam

426 3440 597 3512 Samnitem
620 3451 649 3500 et
670 3452 799 3521 tempore
819 3445 884 3520 ipso
900 3445 965 3502 visa
987 3463 1024 3501 ex
1046 3443 1189 3500 montibus
1210 3444 1295 3518 signa
1314 3442 1491 3516 clamorque

425 3546 554 3606 sublatus
581 3567 639 3606 non
665 3567 735 3606 vero
762 3558 873 3606 tautum
897 3559 975 3607 metu
1002 3558 1130 3606 terruere
1159 3547 1332 3607 Samnitium
1362 3548 1491 3604 animos.

377 3651 412 3706 19
425 3653 503 3709 Nem
528 3662 555 3710 et
582 3655 692 3712 Fabius
713 3655 834 3712 Decium
865 3656 1004 3730 collegam
1032 3636 1267 3730 appropinquare
1296 3652 1492 3716 exclamavit,

425 3767 454 3814 et
482 3777 536 3833 pro
568 3762 741 3837 aequisque
773 3763 864 3832 miles,
896 3762 1015 3818 adesse*
1031 3761 1154 3817 alterum
1184 3757 1347 3828 consulem,
1385 3759 1494 3815 adesse

374 3863 411 3920 20
425 3864 562 3940 legiones,
583 3867 689 3940 gaudio
715 3868 825 3926 alacres
845 3867 987 3935 fremunt3
1009 3884 1147 3939 errorque
1167 3863 1244 3921 utilis
1264 3864 1415 3921 Romanis
1443 3863 1493 3919 ob·

424 3970 499 4028 latus
520 3962 597 4046 fugas
617 3971 835 4050 formidinisque
856 3972 1001 4032 Samnites
1030 3963 1180 4047 implevit,
1208 3969 1334 4026 maxime
1356 3969 1493 4033 territos,

425 4141 621 4149 --.—.—--——.....-

469 4233 492 4300 ¹)
511 4240 669 4288 Exciderunt
689 4243 812 4304 quadam,
831 4241 913 4290 velut:
932 4243 1067 4306 qnando,
1085 4256 1123 4289 ne
1142 4255 1327 4305 aequoque
1350 4247 1494 4289 tentata

511 4310 558 4358 vis
579 4311 902 4375 parum'proiicerct‚
923 4313 1033 4361 timeri
1050 4319 1193 4375 poterat,
1213 4312 1393 4360 consilio..
