3392 5084
485 507 543 564 180
776 504 856 556 Liber
872 504 919 556 IL
947 505 1152 571 (mum-444.)

440 657 546 768 putes?
598 689 691 765 Quem
719 687 795 748 clavi
824 690 931 766 figendi
963 699 1014 748 aut
1040 691 1175 748 ludorum
1208 708 1300 749 causa
1327 690 1475 748 diesem

391 800 427 857 1³
441 793 580 852 audacter
601 793 702 852 crees?
744 793 839 868 Quum
861 795 909 854 isti
930 795 1051 853 stolidos
1073 815 1109 854 ac
1125 797 1264 854 socordes
1277 796 1369 854 videri
1381 795 1476 854 creditis
1515 810 1516 821 ¹

441 917 501 969 eos,
536 899 586 976 qui
603 900 680 958 intre
700 899 868 960 vicesimum
892 901 977 972 diem,
997 901 1161 977 ingentibus
1181 903 1269 960 rebus
1289 902 1386 978 gestis,
1403 902 1477 958 dicte
1515 952 1516 963 ,

440 1015 506 1066 ture
528 1025 559 1064 ss
580 1006 797 1078 abdicaverunt,
819 1018 870 1065 eut
891 1007 941 1082 qui
960 1007 1032 1065 vitio
1054 1007 1143 1065 oresti
1162 1007 1296 1066 abierunt
1308 1006 1480 1084 magistratui

389 1117 428 1176 14
441 1111 519 1186 Quid
549 1129 604 1188 ego
639 1113 758 1188 antique
786 1112 940 1189 repetem?
984 1115 1088 1189 Nuper
1112 1114 1189 1170 intra
1216 1113 1316 1172 decem
1346 1132 1430 1172 anuos
1449 1111 1480 1173 Ο.
1515 1186 1516 1191 ¹

440 1219 562 1278 Mrenirrs
583 1219 715 1290 dictetur,
747 1218 823 1293 quia,
855 1237 944 1294 quum
966 1221 1138 1294 questiones
1159 1220 1299 1291 severius,
1326 1241 1409 1297 quam
1428 1219 1482 1294 qui·
1515 1198 1517 1269 l

439 1325 564 1384 hosdem
584 1325 749 1400 potentibus
770 1333 864 1382 tutum
888 1335 959 1397 erat,
981 1334 1136 1396 exerceret,
1164 1327 1302 1402 conlegio
1324 1328 1394 1398 eiua
1415 1327 1482 1401 quoi
1515 1276 1517 1359 l

441 1433 587 1506 quaerebat
607 1431 679 1507 ipse,
709 1427 835 1488 criminis
858 1433 1004 1490 obiectata
1025 1433 1063 1488 ab
1082 1430 1206 1488 inimicis
1227 1441 1289 1502 cst,
1315 1441 1348 1490 ut
1367 1434 1485 1508 privatur
1515 1500 1517 1521 Ι

390 1544 426 1599 15
440 1536 556 1596 obviem
577 1536 631 1594 iret
653 1536 780 1606 crimini,
811 1526 955 1596 dictatura
983 1556 1015 1594 se
1036 1537 1191 1597 ebrfiouvit.
1233 1537 1315 1594 Nolo
1335 1557 1391 1613 ego
1410 1539 1485 1596 uum
1515 1556 1516 1605 i

438 1642 468 1699 in
490 1651 519 1700 te
547 1641 732 1713 modestiem3
765 1661 801 1700 ne
828 1643 1049 1720 degeneraveris
1078 1662 1097 1699 e
1123 1641 1238 1701 familia
1262 1643 1487 1720 imperiosissime
1515 1698 1516 1705 ,

440 1757 468 1806 et
488 1747 710 1823 superbissime3
738 1769 796 1808 non
818 1751 874 1821 die,
894 1767 954 1806 non
977 1749 1052 1806 bore
1068 1749 1166 1819 citius,
1195 1767 1283 1823 quam
1307 1769 1421 1808 necesse
1439 1759 1491 1819 est,
1515 1712 1516 1803 l

389 1861 426 1918 16
439 1855 610 1931 magistratu
632 1855 754 1927 obieris,
788 1857 875 1914 modo
902 1873 939 1912 ne
966 1854 1091 1911 excedas
1113 1855 1225 1911 finitum
1246 1863 1373 1930 tempus.
1416 1853 1492 1911 Setis
1515 1834 1516 1919 l

438 1969 482 2018 est
504 1960 640 2018 sutdiem
663 1970 713 2018 aut
728 1981 855 2019 mensem
870 1979 997 2018 censurae
1007 1958 1155 2016 udiicere?
1194 1960 1373 2033 Triennium,
1395 1946 1516 2036 inquit,l

438 2075 467 2124 et
487 2085 540 2124 sex
561 2085 673 2124 menses
695 2067 780 2138 ultre,
803 2085 890 2141 quam
905 2065 973 2124 lieet
981 2064 1106 2122 AEmilie
1125 2065 1199 2140 lege,
1220 2084 1372 2125 censuram
1384 2086 1494 2143 genem,

273 2247 279 2258 Δ
391 2180 425 2235 17
438 2181 467 2230 et
495 2172 574 2230 solus
598 2189 708 2248 gerum.
768 2171 835 2229 Hoc
867 2173 983 2248 quidem
1002 2172 1071 2230 iam
1102 2191 1193 2247 regno
1222 2172 1317 2230 simile
1348 2182 1399 2230 est.
1447 2156 1516 2230 nn'

438 2278 579 2354 collegam
606 2277 793 2354 subrogabis,
828 2297 915 2353 *quem
948 2297 986 2336 nc
1016 2278 1046 2334 in
1075 2278 1218 2361 demoruri
1252 2278 1368 2353 quidem
1401 2278 1516 2345 locutu¹

389 2389 424 2447 18
437 2384 590 2459 subrogari
604 2383 650 2442 fas
665 2382 730 2441 est?
771 2384 895 2441 Prenitet
908 2383 994 2453 enim,
1017 2383 1096 2457 qnod
1109 2383 1343 2458 antiquissimum
1358 2385 1499 2442 sollemne

437 2498 466 2546 et
487 2489 579 2547 solum
602 2490 734 2565 abipso,
755 2489 801 2547 cui
822 2489 863 2559 fit,
881 2489 1041 2546 institutum
1064 2489 1128 2560 deo,
1153 2491 1192 2548 ab
1212 2492 1398 2549 nobilissimis
1420 2491 1499 2548 enti·

437 2594 552 2653 stitibus
580 2595 645 2654 eius·
668 2595 742 2652 seori
769 2595 807 2652 ad
828 2613 982 2652 'servorum
1010 2595 1197 2654 ministerium
1218 2596 1370 2672 religiosus
1389 2613 1500 2652 censor

387 2709 423 2765 19
437 2701 590 2770 deduxisti,
606 2719 676 2776 gens
692 2699 837 2775 antiquior
853 2700 1011 2780 originibus
1023 2701 1103 2758 urbis
1117 2702 1213 2773 buius,
1228 2701 1357 2776 bospitio
1374 2701 1500 2758 deorum
1515 2718 1517 2751 ι

369 2889 372 2894 ,
436 2806 641 2864 immortalium
665 2814 780 2878 seucta,
811 2784 931 2882 propter
956 2814 987 2862 te
1012 2824 1048 2862 ac
1068 2815 1148 2910 tuapn
1169 2826 1323 2865 censuram
1346 2805 1424 2864 intre
1447 2790 1517 2864 att-l

435 2929 503 2970 num
526 2912 565 2968 eb
585 2911 675 2987 stirpe
696 2911 838 2970 exstincta
859 2919 919 2981 est,
946 2910 1002 2967 nisi
1023 2911 1186 2970 universam
1207 2933 1270 2971 rem
1292 2912 1442 2989 publicam
1466 2841 1517 2970 eol

270 3037 271 3042 ¹
394 3018 401 3039 ⁸
435 3017 547 3075 nefario
568 3017 773 3089 obstrinxeris,
806 3017 885 3093 quod
910 3017 1033 3074 onuuari
1062 3018 1149 3075 etiem
1176 3017 1349 3076 reformidet
1369 3017 1500 3074 animus.

383 3124 422 3181 20
435 3120 515 3182 Urbs
537 3141 571 3178 eo
592 3122 683 3180 lustro
713 3134 798 3200 capta
829 3131 886 3194 est,
920 3141 993 3197 quo,
1022 3114 1173 3182 demortuo
1196 3121 1338 3201 [collega]
1359 3122 1393 3185 C.
1418 3126 1517 3184 Iulio:

436 3245 564 3298 censore,
585 3227 619 3286 L.
642 3229 779 3303 Papirius
802 3228 921 3298 Cursor,
941 3246 978 3284 ne
998 3228 1092 3287 abiret
1112 3230 1295 3305 magistratu,
1317 3230 1358 3286 M.
1381 3198 1517 3319 Corne-l

383 3338 419 3395 21
434 3335 504 3392 lium
516 3334 744 3411 Maluginensem
760 3334 900 3410 collegam
922 3334 1102 3409 subrogavit.
1142 3334 1182 3392 Et
1203 3344 1314 3408 quanto
1334 3335 1503 3394 modestior

434 3441 510 3499 illius
542 3442 683 3516 cupiditas
709 3439 764 3499 fuit
794 3459 882 3515 quam
913 3449 979 3510 tue,
1010 3439 1111 3515 Appi?
1135 3440 1211 3498 ‘Nec
1232 3441 1313 3498 solus
1333 3459 1388 3498 nec
1419 3443 1517 3511 ultre}

434 3549 545 3606 linitum
577 3548 643 3623 lege
681 3557 795 3622 tempus
826 3547 862 3607 L.
888 3545 1025 3621 Papirius
1054 3563 1205 3604 censuram
1244 3547 1347 3620 gessit;
1394 3557 1502 3606 tamen

434 3653 575 3712 nemiuem
597 3651 721 3724 invenit,
752 3653 855 3727 quise
879 3660 983 3726 postea
1003 3661 1150 3708 auctorem
1171 3661 1354 3726 sequeretur;
1390 3651 1517 3721 omnesl

435 3761 568 3836 deinceps
597 3775 731 3816 censores
763 3771 830 3834 post
858 3768 979 3814 mortem
1010 3757 1128 3832 college
1153 3775 1186 3814 se
1205 3757 1378 3831 magistratu
1409 3752 1517 3816 abdi-I

382 3867 419 3923 22
434 3876 545 3926 cerunt.
592 3867 637 3922 Te
659 3883 711 3921 nec
736 3865 814 3939 quod
842 3863 904 3920 dies
931 3862 1000 3919 exiit
1028 3881 1172 3933 censurae,
1202 3881 1255 3921 neo
1276 3862 1356 3936 quod
1377 3842 1517 3941 collegei

433 3972 603 4048 magist-retu
626 3969 706 4041 abiit,
727 3987 780 4026 nec
800 3969 850 4027 lex
870 3987 923 4026 nec
938 3969 1033 4044 pudor
1047 3977 1172 4038 coercet3
1194 3968 1326 4025 virtutem
1341 3967 1374 4024 in
1388 3978 1517 4046 super·'

432 4080 497 4150 bia,
528 4079 558 4136 in
587 4076 735 4144 audacia,
755 4075 784 4132 in
812 4083 977 4150 contemptu
1009 4074 1129 4130 deorum
1158 4073 1367 4147 bominumque
1395 4079 1502 4151 ponis

378 4183 418 4240 23
431 4185 497 4260 Ego
512 4191 550 4254 te,
571 4183 652 4258 Appi
667 4181 780 4253 Claudi,
801 4199 855 4257 pro
868 4180 952 4237 istius
966 4179 1153 4254 magistratus
1173 4179 1328 4237 museum
1349 4198 1387 4238 sc
1408 4199 1499 4240 vere·

430 4289 545 4360 cundia,
566 4305 652 4362 quem
673 4285 796 4362 gessisti,
815 4303 874 4343 non
896 4285 984 4344 modo
1006 4303 1093 4342 manu
1107 4284 1258 4354 violetum,
1279 4285 1331 4342 sed
1346 4305 1384 4343 ne
1398 4291 1500 4347 verbo
