3392 5084
558 525 635 574 Liber
652 525 687 576 x.
724 527 773 589 (a.
786 525 834 576 ch.
846 528 920 590 aas.)
1165 535 1224 590 229

192 720 246 766 tus
264 717 349 764 ,orat
380 725 515 783 proceres
546 708 717 778 iuventutis,
749 709 779 766 in
812 712 926 768 hostem
954 720 988 768 ut
1010 730 1108 770 secum
1131 715 1269 790 impetum

191 816 327 872 faciant:
356 812 636 886 duplicemillorum
664 814 788 888 gloriam
814 814 888 885 fore,
915 817 940 873 si
962 819 1000 874 ab
1031 818 1105 875 laevo
1128 839 1217 879 cornu
1242 834 1271 877 et

192 923 235 978 ab
263 920 361 994 equite
383 918 507 975 victoria
523 919 655 994 incipiat.
699 919 753 976 Bis
766 929 898 978 avertere
921 921 1070 980 Gallicum
1094 924 1300 997 equitatum38

191 1025 307 1082 iterum
340 1023 454 1098 longius
488 1033 605 1080 evectos
637 1034 665 1081 et
697 1026 754 1082 iarn
783 1026 859 1082 inter
880 1027 977 1083 media
997 1028 1131 1102 peditum
1152 1029 1271 1104 agmina

191 1129 337 1204 proelium
349 1129 466 1186 ¹cientes
495 1147 603 1185 novum
637 1149 742 1205 pugnae
763 1131 924 1188 conterruit
947 1149 1054 1206 genus3
1075 1133 1185 1188 essedis
1206 1141 1300 1194 car-9

190 1235 301 1308 risque
323 1243 490 1309 superstans
512 1243 641 1290 armatus
662 1235 754 1292 hostis
774 1234 884 1310 ingenti
909 1235 1005 1292 sonitu
1028 1232 1167 1311 equorum
1190 1246 1270 1294 rota·

190 1357 327 1414 rumque
357 1339 473 1396 advenit
500 1349 528 1396 et
555 1337 687 1396 insolitos
705 1338 779 1394 eius
807 1339 947 1396 tumultus
973 1343 1173 1400 Romanorum
1201 1361 1269 1400 con·

190 1444 307 1502 terruit
342 1453 440 1516 equos.
505 1445 553 1501 Ita
589 1445 727 1500 victorem
765 1444 925 1518 equitatum
961 1447 1042 1504 velat
1075 1447 1269 1522 lymphaticus
1285 1457 1321 1509 10

190 1569 298 1628 pavor
320 1549 455 1623 dissipat;
483 1550 585 1606 sternit
603 1548 671 1606 iude
695 1558 811 1606 ruentes
834 1569 926 1624 equos
947 1552 1085 1625 virosque
1105 1553 1270 1627 improvida
1364 1591 1372 1611 ,

189 1656 283 1730 fuga.
333 1653 466 1712 Turbata
485 1655 552 1710 hine
574 1654 662 1711 etiam
684 1653 767 1729 signa
801 1648 963 1729 legionum,
992 1656 1133 1730 multique
1160 1657 1269 1731 impetu
1286 1658 1344 1718 tt*

192 1778 347 1836 equorum
376 1776 411 1814 ac
438 1759 635 1817 vehiculorum
668 1754 818 1834 raptorum
845 1777 900 1834 per
926 1778 1032 1834 agmen
1061 1760 1160 1817 obtriti
1188 1770 1270 1817 ante-

191 1865 333 1941 signani,
358 1873 387 1920 et
405 1863 545 1934 insecuta,
573 1864 659 1921 simul
680 1865 795 1922 territos
817 1865 916 1921 hostes
938 1864 1027 1932 vidit,
1055 1865 1172 1923 Gallica
1193 1866 1270 1924 acies

190 1971 314 2028 nullum
339 1968 464 2043 spatium
493 1968 654 2043 respirandi
678 1969 895 2045 recipiendique
918 1987 951 2025 se
973 1969 1062 2028 dedit.
1106 1969 1271 2027 Vociferari
1287 1977 1322 2032 12

191 2075 330 2144 Decius,
352 2092 410 2148 quo
439 2071 587 2147 fugerent,
617 2093 742 2148 quamve
764 2074 793 2130 in
814 2073 886 2147 fuga
914 2091 995 2147 spem
1018 2074 1173 2143 haberent3
1192 2076 1270 2132 obsi·

191 2191 280 2238 stere
311 2177 476 2236 cedentibus
505 2195 539 2234 ac
566 2196 706 2235 revocare
733 2177 828 2246 fusos3
860 2179 972 2249 deinde,
1000 2179 1134 2235 utnulla
1154 2180 1184 2234 vi
1204 2198 1270 2253 per-

191 2287 300 2344 culsos
321 2283 462 2340 sustinere
489 2291 620 2357 poterat,
648 2293 761 2357 patrem
789 2285 825 2342 P.
851 2283 975 2342 Decium
1000 2283 1118 2338 nomine
1143 2284 1269 2357 compal-

189 2395 281 2460 lanS,
320 2387 417 2460 ,Quid
448 2387 525 2444 ultra
552 2393 669 2445 moror“
700 2388 793 2462 inquit
821 2387 985 2458 „familiare
1013 2386 1129 2444 fatum?
1158 2387 1268 2445 Datum
1285 2393 1320 2448 13

190 2499 258 2554 hoc
287 2503 388 2550 nostro
416 2492 514 2568 generi
543 2500 600 2558 est,
634 2503 666 2550 ut
693 2493 806 2550 luendis
839 2491 974 2566 periculis
1005 2491 1128 2565 publicis
1153 2492 1270 2566 piacula

192 2603 306 2658 simus.
358 2598 423 2654 Iam
446 2616 500 2672 ego
530 2616 643 2654 mecum
664 2598 790 2654 hostium
813 2596 942 2670 legiones
964 2596 1135 2653 mactandas
1158 2597 1270 2654 Telluri

183 2685 252 2764 'ac'
266 2703 323 2759 diis
344 2704 478 2760 manibus
506 2704 611 2760 dabo-‘⁴
657 2703 730 2760 Haec
752 2688 867 2759 loeutus
888 2702 931 2758 M.
953 2701 1071 2758 Livium
1093 2702 1268 2777 pontificem,
1284 2709 1320 2761 14
1420 2705 1426 2718 '

192 2827 291 2885 quem
323 2789 497 2866 descendens
525 2809 554 2866 in
585 2808 676 2864 aciem
711 2807 832 2880 digredi*
854 2815 989 2863 vetuerat
1017 2807 1056 2863 ab
1088 2824 1134 2876 se,
1166 2807 1269 2880 praeire

191 2915 286 2974 iussit
309 2915 409 2981 verba,
439 2915 544 2988 quibus
571 2931 602 2968 se
623 2912 809 2986 legionesque
838 2912 965 2968 hostium
987 2930 1042 2985 pro
1064 2911 1193 2969 exercitu
1214 2931 1269 2987 po-

191 3021 264 3098 puli
287 3019 414 3118 Roprani
438 3018 593 3091 Quiritium
621 3016 786 3075 devoveret.
830 3017 965 3074 Devotns
992 3018 1059 3073 inde
1080 3018 1181 3074 eadem
1202 3020 1321 3090 pre-15

192 3125 321 3184 catione
348 3124 507 3199 eodemque
534 3123 651 3192 habitu,
682 3141 741 3196 quo
762 3131 846 3196 pater
876 3123 910 3180 P.
932 3123 1042 3179 Decius
1067 3121 1106 3178 ad
1135 3121 1268 3177 Veserim

192 3231 280 3290 bello
304 3217 410 3284 Latino
437 3247 470 3284 se
496 3229 620 3284 iusserat
649 3226 795 3296 devoveri,
825 3245 915 3300 qaum
936 3228 1093 3283 seeundum
1115 3225 1268 3281 sollemnes
1284 3229 1320 3284 16

190 3333 387 3412 precationes
402 3333 562 3403 adiecisset,
585 3351 644 3407 prae
660 3349 691 3388 se
713 3349 800 3406 agere
821 3349 886 3388 sese
906 3330 1091 3387 formidinem
1113 3347 1149 3384 ae
1168 3327 1268 3402 fugam

192 3439 370 3510 caedemque
392 3455 428 3494 ac
449 3455 590 3506 cruorem,
612 3434 777 3504 caelestium,
799 3433 957 3492 inferorum
971 3436 1047 3504 iras3
1069 3441 1268 3491 contacturum
1285 3438 1319 3492 17

191 3542 373 3603 funebribus
396 3540 465 3598 diris
488 3539 581 3614 sigua,
610 3539 677 3612 tela,
699 3557 782 3596 arma
802 3515 945 3610 bostium,
971 3540 1127 3611 locumque
1147 3539 1268 3595 eundem

192 3667 262 3706 snae
284 3647 375 3721 pestis
396 3663 431 3702 ac
453 3644 607 3702 Gallorum
630 3663 664 3702 ac
679 3644 853 3702 Samnitium
874 3642 948 3714 fore,
969 3645 1030 3700 haec
1051 3653 1219 3701 exsecratus
1239 3643 1269 3699 in
1286 3648 1321 3702 18

193 3774 230 3812 se
253 3753 428 3824 hostesque,
457 3766 516 3825 qua
547 3748 787 3806 confertissimam
821 3750 957 3806 comebat
984 3748 1139 3807 Gallorum
1168 3749 1269 3818 aciem,

193 3857 331 3916 concitat
345 3874 460 3929 equum,
481 3853 665 3927 inferensque
680 3873 711 3912 se
734 3855 798 3930 ipse
817 3853 930 3910 infestis
951 3853 1016 3910 telis
1035 3862 1080 3910 est
1092 3853 1269 3910 interfectus.

193 3965 264 4022 vix
292 3963 429 4018 humanae
450 3959 518 4016 inde
545 3960 608 4034 opis
630 3960 722 4016 videri
751 3977 850 4034 pugna
876 3958 981 4033 potuit.
1029 3959 1165 4027 Romani,
1196 3959 1268 4016 duee
1316 3953 1363 4024 29

195 4068 329 4134 amisse,
359 4085 423 4141 quaa
453 4083 500 4122 res
523 4065 627 4121 terrori
659 4065 732 4121 alias
764 4081 827 4120 esse
850 4063 938 4132 solet,
968 4064 1070 4120 sistere
1101 4062 1201 4139 fugam
1233 4083 1269 4122 ac

195 4191 313 4232 novam
336 4173 372 4228 de
393 4173 506 4247 integro
526 4171 601 4228 velle
622 4170 785 4226 instaurare
805 4187 949 4243 pugnam3
981 4167 1072 4240 Galli,
1094 4179 1124 4226 et
1144 4143 1299 4227 maxime2

195 4280 310 4356 globus
332 4277 521 4334 circumstans
536 4274 662 4334 consulis
685 4291 800 4349 corpus,
823 4274 903 4330 velut
925 4274 1053 4331 alienata
1068 4283 1172 4344 mente,
1193 4293 1271 4330 vana
