<?xml version="1.0" encoding="UTF-8"?>
<!DOCTYPE html PUBLIC "-//W3C//DTD XHTML 1.0 Transitional//EN"
    "http://www.w3.org/TR/xhtml1/DTD/xhtml1-transitional.dtd">
<html xmlns="http://www.w3.org/1999/xhtml" xml:lang="en" lang="en">
 <head>
  <title>
</title>
<meta http-equiv="Content-Type" content="text/html;charset=utf-8" />
  <meta name='ocr-system' content='tesseract 3.04.00' />
  <meta name='ocr-capabilities' content='ocr_page ocr_carea ocr_par ocr_line ocrx_word'/>
</head>
<body>
  <div class='ocr_page' id='page_1' title='image "./titiliviihistor03ussigoog_0246.png"; bbox 0 0 3392 5084; ppageno 0'>
   <div class='ocr_carea' id='block_1_1' title="bbox 478 481 1157 548">
    <p class='ocr_par' dir='ltr' id='par_1_1' title="bbox 478 481 1157 548">
     <span class='ocr_line' id='line_1_1' title="bbox 478 481 1157 548; baseline -0.007 -10"><span class='ocrx_word' id='word_1_1' title='bbox 478 481 539 541; x_wconf 78' lang='lat'><strong>208</strong></span> <span class='ocrx_word' id='word_1_2' title='bbox 781 484 861 534; x_wconf 80' lang='lat' dir='ltr'><strong>Liber</strong></span> <span class='ocrx_word' id='word_1_3' title='bbox 872 485 920 534; x_wconf 90' lang='lat' dir='ltr'><strong>1v.</strong></span> <span class='ocrx_word' id='word_1_4' title='bbox 951 484 999 548; x_wconf 78' lang='lat' dir='ltr'><strong>(A.</strong></span> <span class='ocrx_word' id='word_1_5' title='bbox 1009 500 1033 533; x_wconf 87' lang='lat' dir='ltr'><strong>n.</strong></span> <span class='ocrx_word' id='word_1_6' title='bbox 1048 499 1069 534; x_wconf 87' lang='lat' dir='ltr'><strong>e.</strong></span> <span class='ocrx_word' id='word_1_7' title='bbox 1082 484 1157 548; x_wconf 79' lang='lat' dir='ltr'><strong>als.)</strong></span> 
     </span>
    </p>
   </div>
   <div class='ocr_carea' id='block_1_2' title="bbox 257 665 1525 4328">
    <p class='ocr_par' dir='ltr' id='par_1_2' title="bbox 405 665 1487 1061">
     <span class='ocr_line' id='line_1_2' title="bbox 405 665 1485 744; baseline 0.001 -23"><span class='ocrx_word' id='word_1_8' title='bbox 405 665 423 721; x_wconf 83' lang='grc'><strong>1</strong></span> <span class='ocrx_word' id='word_1_9' title='bbox 436 665 561 724; x_wconf 85' lang='lat' dir='ltr'><strong>Poetelio</strong></span> <span class='ocrx_word' id='word_1_10' title='bbox 576 667 706 741; x_wconf 84' lang='lat' dir='ltr'><strong>quaesita,</strong></span> <span class='ocrx_word' id='word_1_11' title='bbox 729 668 788 743; x_wconf 88' lang='lat' dir='ltr'><strong>qui,</strong></span> <span class='ocrx_word' id='word_1_12' title='bbox 809 670 942 727; x_wconf 82' lang='lat' dir='ltr'><strong>tribunus</strong></span> <span class='ocrx_word' id='word_1_13' title='bbox 956 668 1050 744; x_wconf 88' lang='lat' dir='ltr'><strong>plebis</strong></span> <span class='ocrx_word' id='word_1_14' title='bbox 1063 668 1168 725; x_wconf 91' lang='lat' dir='ltr'><strong>iterum</strong></span> <span class='ocrx_word' id='word_1_15' title='bbox 1179 686 1215 725; x_wconf 86' lang='lat' dir='ltr'><strong>ea</strong></span> <span class='ocrx_word' id='word_1_16' title='bbox 1228 668 1296 743; x_wconf 89' lang='lat' dir='ltr'><strong>ipsa</strong></span> <span class='ocrx_word' id='word_1_17' title='bbox 1307 666 1485 724; x_wconf 87' lang='lat' dir='ltr'><strong>denuntiando</strong></span> 
     </span>
     <span class='ocr_line' id='line_1_3' title="bbox 436 767 1486 851; baseline 0 -24"><span class='ocrx_word' id='word_1_18' title='bbox 436 767 547 846; x_wconf 79' lang='lat' dir='ltr'><strong>faetus,</strong></span> <span class='ocrx_word' id='word_1_19' title='bbox 577 789 684 847; x_wconf 87' lang='lat' dir='ltr'><strong>neque,</strong></span> <span class='ocrx_word' id='word_1_20' title='bbox 714 783 747 830; x_wconf 90' lang='lat' dir='ltr'><strong>ut</strong></span> <span class='ocrx_word' id='word_1_21' title='bbox 767 775 804 832; x_wconf 92' lang='lat' dir='ltr'><strong>de</strong></span> <span class='ocrx_word' id='word_1_22' title='bbox 825 776 905 851; x_wconf 84' lang='lat' dir='ltr'><strong>agris</strong></span> <span class='ocrx_word' id='word_1_23' title='bbox 927 774 1089 832; x_wconf 87' lang='lat' dir='ltr'><strong>dividendis</strong></span> <span class='ocrx_word' id='word_1_24' title='bbox 1110 774 1190 849; x_wconf 92' lang='lat' dir='ltr'><strong>plebi</strong></span> <span class='ocrx_word' id='word_1_25' title='bbox 1209 773 1352 831; x_wconf 76' lang='lat' dir='ltr'><strong>referrent</strong></span> <span class='ocrx_word' id='word_1_26' title='bbox 1373 771 1486 830; x_wconf 88' lang='lat' dir='ltr'><strong>consules</strong></span> 
     </span>
     <span class='ocr_line' id='line_1_4' title="bbox 435 875 1487 956; baseline 0.003 -27"><span class='ocrx_word' id='word_1_27' title='bbox 435 875 474 930; x_wconf 90' lang='lat' dir='ltr'><strong>ad</strong></span> <span class='ocrx_word' id='word_1_28' title='bbox 501 884 649 948; x_wconf 85' lang='lat' dir='ltr'><strong>senatum,</strong></span> <span class='ocrx_word' id='word_1_29' title='bbox 678 879 848 953; x_wconf 86' lang='lat' dir='ltr'><strong>pervincere</strong></span> <span class='ocrx_word' id='word_1_30' title='bbox 878 881 986 956; x_wconf 88' lang='lat' dir='ltr'><strong>potuit,</strong></span> <span class='ocrx_word' id='word_1_31' title='bbox 1018 887 1064 950; x_wconf 86' lang='lat' dir='ltr'><strong>et,</strong></span> <span class='ocrx_word' id='word_1_32' title='bbox 1095 897 1185 954; x_wconf 89' lang='lat' dir='ltr'><strong>quum</strong></span> <span class='ocrx_word' id='word_1_33' title='bbox 1211 892 1320 953; x_wconf 83' lang='lat' dir='ltr'><strong>magno</strong></span> <span class='ocrx_word' id='word_1_34' title='bbox 1347 877 1487 935; x_wconf 70' lang='lat' dir='ltr'><strong>certamine</strong></span> 
     </span>
     <span class='ocr_line' id='line_1_5' title="bbox 436 978 1487 1061; baseline 0.003 -27"><span class='ocrx_word' id='word_1_35' title='bbox 436 978 621 1051; x_wconf 77' lang='lat' dir='ltr'><strong>obtinuisset,</strong></span> <span class='ocrx_word' id='word_1_36' title='bbox 651 991 683 1040; x_wconf 93' lang='lat' dir='ltr'><strong>ut</strong></span> <span class='ocrx_word' id='word_1_37' title='bbox 704 985 921 1042; x_wconf 80' lang='lat' dir='ltr'><strong>consulerentur</strong></span> <span class='ocrx_word' id='word_1_38' title='bbox 947 989 1060 1061; x_wconf 80' lang='lat' dir='ltr'><strong>patres,</strong></span> <span class='ocrx_word' id='word_1_39' title='bbox 1090 985 1242 1043; x_wconf 88' lang='lat' dir='ltr'><strong>consulum</strong></span> <span class='ocrx_word' id='word_1_40' title='bbox 1263 1001 1301 1040; x_wconf 88' lang='lat' dir='ltr'><strong>an</strong></span> <span class='ocrx_word' id='word_1_41' title='bbox 1322 981 1487 1038; x_wconf 85' lang='lat' dir='ltr'><strong>tribunorum</strong></span> 
     </span>
    </p>

    <p class='ocr_par' dir='ltr' id='par_1_3' title="bbox 406 1082 1486 1460">
     <span class='ocr_line' id='line_1_6' title="bbox 406 1082 1486 1160; baseline 0 -20"><span class='ocrx_word' id='word_1_42' title='bbox 406 1082 564 1158; x_wconf 80' lang='lat' dir='ltr'><strong>bplaceret</strong></span> <span class='ocrx_word' id='word_1_43' title='bbox 585 1089 703 1146; x_wconf 84' lang='lat' dir='ltr'><strong>comitia</strong></span> <span class='ocrx_word' id='word_1_44' title='bbox 723 1091 834 1160; x_wconf 88' lang='lat' dir='ltr'><strong>haberi,</strong></span> <span class='ocrx_word' id='word_1_45' title='bbox 857 1090 990 1148; x_wconf 86' lang='lat' dir='ltr'><strong>consules</strong></span> <span class='ocrx_word' id='word_1_46' title='bbox 1013 1090 1107 1147; x_wconf 73' lang='lat' dir='ltr'><strong>meari</strong></span> <span class='ocrx_word' id='word_1_47' title='bbox 1127 1089 1199 1147; x_wconf 89' lang='lat' dir='ltr'><strong>inssi</strong></span> <span class='ocrx_word' id='word_1_48' title='bbox 1219 1097 1300 1159; x_wconf 88' lang='lat' dir='ltr'><strong>sunt;</strong></span> <span class='ocrx_word' id='word_1_49' title='bbox 1321 1087 1486 1160; x_wconf 80' lang='lat' dir='ltr'><strong>ludibrioque</strong></span> 
     </span>
     <span class='ocr_line' id='line_1_7' title="bbox 436 1193 1485 1268; baseline 0.004 -22"><span class='ocrx_word' id='word_1_50' title='bbox 436 1200 521 1248; x_wconf 85' lang='lat' dir='ltr'><strong>arant</strong></span> <span class='ocrx_word' id='word_1_51' title='bbox 556 1193 640 1250; x_wconf 86' lang='lat' dir='ltr'><strong>minae</strong></span> <span class='ocrx_word' id='word_1_52' title='bbox 678 1195 786 1252; x_wconf 87' lang='lat' dir='ltr'><strong>tribuni</strong></span> <span class='ocrx_word' id='word_1_53' title='bbox 820 1196 1015 1254; x_wconf 88' lang='lat' dir='ltr'><strong>denuntiantis</strong></span> <span class='ocrx_word' id='word_1_54' title='bbox 1047 1213 1080 1252; x_wconf 93' lang='lat' dir='ltr'><strong>se</strong></span> <span class='ocrx_word' id='word_1_55' title='bbox 1111 1195 1259 1253; x_wconf 82' lang='lat' dir='ltr'><strong>delectum</strong></span> <span class='ocrx_word' id='word_1_56' title='bbox 1289 1193 1485 1268; x_wconf 77' lang='lat' dir='ltr'><strong>impeditnnrn</strong></span> 
     </span>
     <span class='ocr_line' id='line_1_8' title="bbox 438 1299 1485 1377; baseline -0.002 -23"><span class='ocrx_word' id='word_1_57' title='bbox 438 1315 526 1371; x_wconf 89' lang='lat' dir='ltr'><strong>quum</strong></span> <span class='ocrx_word' id='word_1_58' title='bbox 549 1299 653 1372; x_wconf 88' lang='lat' dir='ltr'><strong>quietis</strong></span> <span class='ocrx_word' id='word_1_59' title='bbox 675 1300 803 1358; x_wconf 87' lang='lat' dir='ltr'><strong>finitimis</strong></span> <span class='ocrx_word' id='word_1_60' title='bbox 827 1319 923 1377; x_wconf 90' lang='lat' dir='ltr'><strong>neque</strong></span> <span class='ocrx_word' id='word_1_61' title='bbox 943 1300 1020 1358; x_wconf 83' lang='lat' dir='ltr'><strong>bede</strong></span> <span class='ocrx_word' id='word_1_62' title='bbox 1041 1318 1137 1375; x_wconf 90' lang='lat' dir='ltr'><strong>neque</strong></span> <span class='ocrx_word' id='word_1_63' title='bbox 1163 1300 1232 1358; x_wconf 89' lang='lat' dir='ltr'><strong>belli</strong></span> <span class='ocrx_word' id='word_1_64' title='bbox 1256 1309 1404 1375; x_wconf 85' lang='lat' dir='ltr'><strong>apparatu</strong></span> <span class='ocrx_word' id='word_1_65' title='bbox 1428 1315 1485 1371; x_wconf 87' lang='lat' dir='ltr'><strong>epm</strong></span> 
     </span>
     <span class='ocr_line' id='line_1_9' title="bbox 436 1411 553 1460; baseline 0.009 -1"><span class='ocrx_word' id='word_1_66' title='bbox 436 1411 520 1460; x_wconf 88' lang='lat' dir='ltr'><strong>esset.</strong></span> <span class='ocrx_word' id='word_1_67' title='bbox 547 1413 553 1424; x_wconf 93' lang='grc'><em>·</em></span> 
     </span>
    </p>

    <p class='ocr_par' dir='ltr' id='par_1_4' title="bbox 406 1499 1485 1590">
     <span class='ocr_line' id='line_1_10' title="bbox 406 1499 1485 1590; baseline -0.006 -21"><span class='ocrx_word' id='word_1_68' title='bbox 406 1499 424 1554; x_wconf 80' lang='grc'><strong>6</strong></span> <span class='ocrx_word' id='word_1_69' title='bbox 521 1509 660 1585; x_wconf 82' lang='lat' dir='ltr'><strong>Sequitur</strong></span> <span class='ocrx_word' id='word_1_70' title='bbox 668 1511 745 1568; x_wconf 89' lang='lat' dir='ltr'><strong>hanc</strong></span> <span class='ocrx_word' id='word_1_71' title='bbox 754 1511 992 1590; x_wconf 75' lang='lat' dir='ltr'><strong>tranquillitatem</strong></span> <span class='ocrx_word' id='word_1_72' title='bbox 1003 1530 1099 1568; x_wconf 90' lang='lat' dir='ltr'><strong>rerum</strong></span> <span class='ocrx_word' id='word_1_73' title='bbox 1112 1527 1215 1580; x_wconf 81' lang='lat' dir='ltr'><strong>annus,</strong></span> <span class='ocrx_word' id='word_1_74' title='bbox 1226 1509 1357 1568; x_wconf 90' lang='lat' dir='ltr'><strong>Proculo</strong></span> <span class='ocrx_word' id='word_1_75' title='bbox 1368 1509 1485 1585; x_wconf 87' lang='lat' dir='ltr'><strong>Geganio</strong></span> 
     </span>
    </p>

    <p class='ocr_par' dir='ltr' id='par_1_5' title="bbox 257 1581 1485 1904">
     <span class='ocr_line' id='line_1_11' title="bbox 257 1581 1485 1704; baseline -0.002 -32"><span class='ocrx_word' id='word_1_76' title='bbox 257 1581 293 1704; x_wconf 46' lang='grc' dir='ltr'><strong>’ζ’</strong></span> <span class='ocrx_word' id='word_1_77' title='bbox 300 1591 353 1704; x_wconf 53' lang='lat' dir='ltr'><strong>{jd</strong></span> <span class='ocrx_word' id='word_1_78' title='bbox 361 1583 423 1697; x_wconf 47' lang='lat'><strong>{13</strong></span> <span class='ocrx_word' id='word_1_79' title='bbox 436 1616 604 1687; x_wconf 79' lang='lat' dir='ltr'><strong>Macerino,</strong></span> <span class='ocrx_word' id='word_1_80' title='bbox 626 1618 660 1677; x_wconf 89' lang='lat' dir='ltr'><strong>L.</strong></span> <span class='ocrx_word' id='word_1_81' title='bbox 683 1616 819 1675; x_wconf 89' lang='lat' dir='ltr'><strong>Menenio</strong></span> <span class='ocrx_word' id='word_1_82' title='bbox 841 1618 957 1675; x_wconf 79' lang='lat' dir='ltr'><strong>Lanato</strong></span> <span class='ocrx_word' id='word_1_83' title='bbox 979 1618 1162 1688; x_wconf 88' lang='lat' dir='ltr'><strong>consulibus,</strong></span> <span class='ocrx_word' id='word_1_84' title='bbox 1192 1615 1345 1692; x_wconf 82' lang='lat' dir='ltr'><strong>multiplici</strong></span> <span class='ocrx_word' id='word_1_85' title='bbox 1365 1615 1445 1673; x_wconf 83' lang='lat' dir='ltr'><strong>clade</strong></span> <span class='ocrx_word' id='word_1_86' title='bbox 1461 1631 1485 1669; x_wconf 86' lang='lat' dir='ltr'><strong>ae</strong></span> 
     </span>
     <span class='ocr_line' id='line_1_12' title="bbox 344 1716 1485 1799; baseline -0.001 -23"><span class='ocrx_word' id='word_1_87' title='bbox 344 1761 347 1769; x_wconf 53' lang='grc'>,</span> <span class='ocrx_word' id='word_1_88' title='bbox 434 1719 563 1794; x_wconf 87' lang='lat' dir='ltr'><strong>periculo</strong></span> <span class='ocrx_word' id='word_1_89' title='bbox 585 1721 715 1796; x_wconf 86' lang='lat' dir='ltr'><strong>insignis,</strong></span> <span class='ocrx_word' id='word_1_90' title='bbox 735 1722 935 1795; x_wconf 85' lang='lat' dir='ltr'><strong>seditionibus,</strong></span> <span class='ocrx_word' id='word_1_91' title='bbox 957 1716 1046 1795; x_wconf 76' lang='lat' dir='ltr'><strong>ieme,</strong></span> <span class='ocrx_word' id='word_1_92' title='bbox 1067 1741 1159 1798; x_wconf 89' lang='lat' dir='ltr'><strong>regno</strong></span> <span class='ocrx_word' id='word_1_93' title='bbox 1171 1740 1265 1799; x_wconf 91' lang='lat' dir='ltr'><strong>prope</strong></span> <span class='ocrx_word' id='word_1_94' title='bbox 1278 1740 1332 1796; x_wconf 91' lang='lat' dir='ltr'><strong>per</strong></span> <span class='ocrx_word' id='word_1_95' title='bbox 1341 1719 1485 1796; x_wconf 86' lang='lat' dir='ltr'><strong>largitionis</strong></span> 
     </span>
     <span class='ocr_line' id='line_1_13' title="bbox 435 1824 1485 1904; baseline -0.002 -23"><span class='ocrx_word' id='word_1_96' title='bbox 435 1824 616 1883; x_wconf 83' lang='lat' dir='ltr'><strong>dulcedinem</strong></span> <span class='ocrx_word' id='word_1_97' title='bbox 637 1825 666 1881; x_wconf 91' lang='lat' dir='ltr'><strong>in</strong></span> <span class='ocrx_word' id='word_1_98' title='bbox 689 1826 817 1884; x_wconf 85' lang='lat' dir='ltr'><strong>cervices</strong></span> <span class='ocrx_word' id='word_1_99' title='bbox 839 1836 973 1904; x_wconf 89' lang='lat' dir='ltr'><strong>aceepto;</strong></span> <span class='ocrx_word' id='word_1_100' title='bbox 1000 1847 1090 1885; x_wconf 90' lang='lat' dir='ltr'><strong>unum</strong></span> <span class='ocrx_word' id='word_1_101' title='bbox 1112 1826 1188 1884; x_wconf 84' lang='lat' dir='ltr'><strong>afuit</strong></span> <span class='ocrx_word' id='word_1_102' title='bbox 1208 1828 1315 1885; x_wconf 90' lang='lat' dir='ltr'><strong>bellum</strong></span> <span class='ocrx_word' id='word_1_103' title='bbox 1338 1836 1485 1891; x_wconf 77' lang='lat' dir='ltr'><strong>externnn3</strong></span> 
     </span>
    </p>

    <p class='ocr_par' dir='ltr' id='par_1_6' title="bbox 405 1929 1484 2112">
     <span class='ocr_line' id='line_1_14' title="bbox 405 1929 1484 2009; baseline 0 -24"><span class='ocrx_word' id='word_1_104' title='bbox 405 1932 494 2004; x_wconf 82' lang='lat' dir='ltr'><strong>lquo</strong></span> <span class='ocrx_word' id='word_1_105' title='bbox 527 1929 551 1986; x_wconf 87' lang='lat' dir='ltr'><strong>si</strong></span> <span class='ocrx_word' id='word_1_106' title='bbox 588 1940 757 2006; x_wconf 74' lang='lat' dir='ltr'><strong>aggravatae</strong></span> <span class='ocrx_word' id='word_1_107' title='bbox 795 1949 842 1990; x_wconf 89' lang='lat' dir='ltr'><strong>res</strong></span> <span class='ocrx_word' id='word_1_108' title='bbox 878 1943 987 2005; x_wconf 86' lang='lat' dir='ltr'><strong>essent,</strong></span> <span class='ocrx_word' id='word_1_109' title='bbox 1029 1935 1080 1991; x_wconf 85' lang='lat' dir='ltr'><strong>vix</strong></span> <span class='ocrx_word' id='word_1_110' title='bbox 1118 1953 1175 2009; x_wconf 92' lang='lat' dir='ltr'><strong>ope</strong></span> <span class='ocrx_word' id='word_1_111' title='bbox 1212 1933 1333 1990; x_wconf 85' lang='lat' dir='ltr'><strong>deomm</strong></span> <span class='ocrx_word' id='word_1_112' title='bbox 1374 1931 1484 1988; x_wconf 89' lang='lat' dir='ltr'><strong>omniun</strong></span> 
     </span>
     <span class='ocr_line' id='line_1_15' title="bbox 435 2035 1484 2112; baseline 0.001 -21"><span class='ocrx_word' id='word_1_113' title='bbox 435 2035 552 2108; x_wconf 78' lang='lat' dir='ltr'><strong>[relsisti</strong></span> <span class='ocrx_word' id='word_1_114' title='bbox 573 2037 723 2112; x_wconf 86' lang='lat' dir='ltr'><strong>potuisset.</strong></span> <span class='ocrx_word' id='word_1_115' title='bbox 767 2036 890 2112; x_wconf 89' lang='lat' dir='ltr'><strong>Coepere</strong></span> <span class='ocrx_word' id='word_1_116' title='bbox 913 2060 932 2097; x_wconf 88' lang='lat' dir='ltr'><strong>a</strong></span> <span class='ocrx_word' id='word_1_117' title='bbox 952 2040 1031 2098; x_wconf 82' lang='lat' dir='ltr'><strong>ieme</strong></span> <span class='ocrx_word' id='word_1_118' title='bbox 1052 2040 1146 2109; x_wconf 88' lang='lat' dir='ltr'><strong>mala,</strong></span> <span class='ocrx_word' id='word_1_119' title='bbox 1174 2057 1226 2096; x_wconf 89' lang='lat' dir='ltr'><strong>seu</strong></span> <span class='ocrx_word' id='word_1_120' title='bbox 1247 2039 1388 2096; x_wconf 86' lang='lat' dir='ltr'><strong>adversus</strong></span> <span class='ocrx_word' id='word_1_121' title='bbox 1410 2053 1484 2094; x_wconf 84' lang='lat' dir='ltr'><strong>annm</strong></span> 
     </span>
    </p>

    <p class='ocr_par' dir='ltr' id='par_1_7' title="bbox 434 2139 1520 2218">
     <span class='ocr_line' id='line_1_16' title="bbox 434 2139 1520 2218; baseline 0.004 -19"><span class='ocrx_word' id='word_1_122' title='bbox 434 2139 566 2217; x_wconf 79' lang='lat' dir='ltr'><strong>frugibus</strong></span> <span class='ocrx_word' id='word_1_123' title='bbox 588 2142 657 2213; x_wconf 87' lang='lat' dir='ltr'><strong>suit,</strong></span> <span class='ocrx_word' id='word_1_124' title='bbox 686 2162 737 2200; x_wconf 90' lang='lat' dir='ltr'><strong>seu</strong></span> <span class='ocrx_word' id='word_1_125' title='bbox 758 2143 909 2200; x_wconf 87' lang='lat' dir='ltr'><strong>dulcedine</strong></span> <span class='ocrx_word' id='word_1_126' title='bbox 931 2145 1098 2202; x_wconf 88' lang='lat' dir='ltr'><strong>contionum</strong></span> <span class='ocrx_word' id='word_1_127' title='bbox 1122 2153 1152 2202; x_wconf 90' lang='lat' dir='ltr'><strong>et</strong></span> <span class='ocrx_word' id='word_1_128' title='bbox 1173 2145 1254 2201; x_wconf 89' lang='lat' dir='ltr'><strong>urbis</strong></span> <span class='ocrx_word' id='word_1_129' title='bbox 1276 2145 1392 2202; x_wconf 75' lang='lat' dir='ltr'><strong>deserto</strong></span> <span class='ocrx_word' id='word_1_130' title='bbox 1412 2161 1484 2218; x_wconf 79' lang='lat' dir='ltr'><strong>agru-</strong></span> <span class='ocrx_word' id='word_1_131' title='bbox 1519 2162 1520 2165; x_wconf 72' lang='grc'>’</span> 
     </span>
    </p>

    <p class='ocr_par' dir='ltr' id='par_1_8' title="bbox 432 2249 1483 2326">
     <span class='ocr_line' id='line_1_17' title="bbox 432 2249 1483 2326; baseline -0.004 -19"><span class='ocrx_word' id='word_1_132' title='bbox 432 2267 498 2307; x_wconf 80' lang='lat' dir='ltr'><strong>uum</strong></span> <span class='ocrx_word' id='word_1_133' title='bbox 521 2249 614 2321; x_wconf 78' lang='lat' dir='ltr'><strong>cultu3</strong></span> <span class='ocrx_word' id='word_1_134' title='bbox 635 2267 704 2306; x_wconf 88' lang='lat' dir='ltr'><strong>nam</strong></span> <span class='ocrx_word' id='word_1_135' title='bbox 726 2255 882 2326; x_wconf 88' lang='lat' dir='ltr'><strong>utrumque</strong></span> <span class='ocrx_word' id='word_1_136' title='bbox 898 2251 1031 2308; x_wconf 89' lang='lat' dir='ltr'><strong>traditur.</strong></span> <span class='ocrx_word' id='word_1_137' title='bbox 1075 2251 1117 2308; x_wconf 87' lang='lat' dir='ltr'><strong>Et</strong></span> <span class='ocrx_word' id='word_1_138' title='bbox 1129 2257 1228 2326; x_wconf 89' lang='lat' dir='ltr'><strong>patres</strong></span> <span class='ocrx_word' id='word_1_139' title='bbox 1242 2250 1359 2325; x_wconf 89' lang='lat' dir='ltr'><strong>plebem</strong></span> <span class='ocrx_word' id='word_1_140' title='bbox 1372 2249 1483 2306; x_wconf 84' lang='lat' dir='ltr'><strong>desidem</strong></span> 
     </span>
    </p>

    <p class='ocr_par' dir='ltr' id='par_1_9' title="bbox 434 2355 1482 2431">
     <span class='ocr_line' id='line_1_18' title="bbox 434 2355 1482 2431; baseline 0 -20"><span class='ocrx_word' id='word_1_141' title='bbox 434 2363 463 2411; x_wconf 90' lang='lat' dir='ltr'><strong>et</strong></span> <span class='ocrx_word' id='word_1_142' title='bbox 473 2355 581 2413; x_wconf 90' lang='lat' dir='ltr'><strong>tribuni</strong></span> <span class='ocrx_word' id='word_1_143' title='bbox 591 2355 685 2430; x_wconf 89' lang='lat' dir='ltr'><strong>plebis</strong></span> <span class='ocrx_word' id='word_1_144' title='bbox 699 2374 776 2413; x_wconf 91' lang='lat' dir='ltr'><strong>nune</strong></span> <span class='ocrx_word' id='word_1_145' title='bbox 790 2355 934 2425; x_wconf 82' lang='lat' dir='ltr'><strong>fraudem,</strong></span> <span class='ocrx_word' id='word_1_146' title='bbox 945 2374 1022 2412; x_wconf 91' lang='lat' dir='ltr'><strong>nune</strong></span> <span class='ocrx_word' id='word_1_147' title='bbox 1031 2356 1240 2431; x_wconf 84' lang='lat' dir='ltr'><strong>negligentiam</strong></span> <span class='ocrx_word' id='word_1_148' title='bbox 1251 2355 1402 2413; x_wconf 89' lang='lat' dir='ltr'><strong>consulum</strong></span> <span class='ocrx_word' id='word_1_149' title='bbox 1414 2371 1482 2411; x_wconf 84' lang='lat' dir='ltr'><strong>aecn-</strong></span> 
     </span>
    </p>

    <p class='ocr_par' dir='ltr' id='par_1_10' title="bbox 404 2459 1525 2853">
     <span class='ocr_line' id='line_1_19' title="bbox 404 2459 1525 2536; baseline -0.004 -21"><span class='ocrx_word' id='word_1_150' title='bbox 404 2459 547 2517; x_wconf 85' lang='lat' dir='ltr'><strong>8sabant</strong></span> <span class='ocrx_word' id='word_1_151' title='bbox 579 2461 734 2517; x_wconf 84' lang='lat' dir='ltr'><strong>Postremo</strong></span> <span class='ocrx_word' id='word_1_152' title='bbox 745 2461 898 2536; x_wconf 90' lang='lat' dir='ltr'><strong>perpulere</strong></span> <span class='ocrx_word' id='word_1_153' title='bbox 910 2461 1035 2536; x_wconf 80' lang='lat' dir='ltr'><strong>plebem,</strong></span> <span class='ocrx_word' id='word_1_154' title='bbox 1058 2463 1137 2519; x_wconf 90' lang='lat' dir='ltr'><strong>haud</strong></span> <span class='ocrx_word' id='word_1_155' title='bbox 1148 2462 1324 2519; x_wconf 87' lang='lat' dir='ltr'><strong>adversante</strong></span> <span class='ocrx_word' id='word_1_156' title='bbox 1334 2469 1442 2527; x_wconf 89' lang='lat' dir='ltr'><strong>senatu,</strong></span> <span class='ocrx_word' id='word_1_157' title='bbox 1458 2464 1482 2511; x_wconf 92' lang='lat' dir='ltr'><strong>ut</strong></span> <span class='ocrx_word' id='word_1_158' title='bbox 1523 2499 1525 2504; x_wconf 88' lang='lat'><em>.</em></span> 
     </span>
     <span class='ocr_line' id='line_1_20' title="bbox 433 2545 1482 2640; baseline -0.001 -20"><span class='ocrx_word' id='word_1_159' title='bbox 433 2564 468 2622; x_wconf 88' lang='lat' dir='ltr'><strong>L.</strong></span> <span class='ocrx_word' id='word_1_160' title='bbox 481 2545 626 2621; x_wconf 86' lang='lat' dir='ltr'><strong>Minucius</strong></span> <span class='ocrx_word' id='word_1_161' title='bbox 637 2564 794 2638; x_wconf 84' lang='lat' dir='ltr'><strong>praefectus·</strong></span> <span class='ocrx_word' id='word_1_162' title='bbox 803 2583 927 2623; x_wconf 86' lang='lat' dir='ltr'><strong>annonae</strong></span> <span class='ocrx_word' id='word_1_163' title='bbox 937 2577 1095 2637; x_wconf 83' lang='lat' dir='ltr'><strong>crearetur,</strong></span> <span class='ocrx_word' id='word_1_164' title='bbox 1111 2566 1225 2624; x_wconf 86' lang='lat' dir='ltr'><strong>felicior</strong></span> <span class='ocrx_word' id='word_1_165' title='bbox 1235 2567 1266 2623; x_wconf 92' lang='lat' dir='ltr'><strong>in</strong></span> <span class='ocrx_word' id='word_1_166' title='bbox 1278 2585 1314 2623; x_wconf 93' lang='lat' dir='ltr'><strong>eo</strong></span> <span class='ocrx_word' id='word_1_167' title='bbox 1329 2565 1482 2640; x_wconf 85' lang='lat' dir='ltr'><strong>magistratu</strong></span> 
     </span>
     <span class='ocr_line' id='line_1_21' title="bbox 432 2647 1523 2753; baseline 0 -28"><span class='ocrx_word' id='word_1_168' title='bbox 432 2647 470 2726; x_wconf 80' lang='lat' dir='ltr'><strong>ad</strong></span> <span class='ocrx_word' id='word_1_169' title='bbox 492 2670 653 2727; x_wconf 88' lang='lat' dir='ltr'><strong>custodiam</strong></span> <span class='ocrx_word' id='word_1_170' title='bbox 675 2670 817 2728; x_wconf 85' lang='lat' dir='ltr'><strong>libertatis</strong></span> <span class='ocrx_word' id='word_1_171' title='bbox 839 2671 954 2728; x_wconf 87' lang='lat' dir='ltr'><strong>futurus</strong></span> <span class='ocrx_word' id='word_1_172' title='bbox 975 2690 1063 2746; x_wconf 88' lang='lat' dir='ltr'><strong>quam</strong></span> <span class='ocrx_word' id='word_1_173' title='bbox 1086 2673 1326 2730; x_wconf 90' lang='lat' dir='ltr'><strong>adcurationem</strong></span> <span class='ocrx_word' id='word_1_174' title='bbox 1350 2665 1482 2728; x_wconf 84' lang='lat' dir='ltr'><strong>ministerii</strong></span> <span class='ocrx_word' id='word_1_175' title='bbox 1520 2700 1523 2753; x_wconf 50' lang='lat'><em>3</em></span> 
     </span>
     <span class='ocr_line' id='line_1_22' title="bbox 416 2772 1522 2853; baseline 0.001 -23"><span class='ocrx_word' id='word_1_176' title='bbox 416 2775 485 2845; x_wconf 77' lang='lat' dir='ltr'><strong>‚sui,</strong></span> <span class='ocrx_word' id='word_1_177' title='bbox 508 2791 675 2849; x_wconf 88' lang='lat' dir='ltr'><strong>quanquam</strong></span> <span class='ocrx_word' id='word_1_178' title='bbox 697 2785 844 2853; x_wconf 88' lang='lat' dir='ltr'><strong>postremo</strong></span> <span class='ocrx_word' id='word_1_179' title='bbox 868 2795 991 2834; x_wconf 87' lang='lat' dir='ltr'><strong>annonae</strong></span> <span class='ocrx_word' id='word_1_180' title='bbox 1013 2795 1130 2852; x_wconf 90' lang='lat' dir='ltr'><strong>quoque</strong></span> <span class='ocrx_word' id='word_1_181' title='bbox 1150 2778 1255 2835; x_wconf 76' lang='lat' dir='ltr'><strong>levate</strong></span> <span class='ocrx_word' id='word_1_182' title='bbox 1276 2778 1357 2834; x_wconf 90' lang='lat' dir='ltr'><strong>baud</strong></span> <span class='ocrx_word' id='word_1_183' title='bbox 1371 2772 1481 2832; x_wconf 88' lang='lat' dir='ltr'><strong>immeri-</strong></span> <span class='ocrx_word' id='word_1_184' title='bbox 1521 2822 1522 2831; x_wconf 70' lang='grc'>,</span> 
     </span>
    </p>

    <p class='ocr_par' dir='ltr' id='par_1_11' title="bbox 401 2877 1522 3177">
     <span class='ocr_line' id='line_1_23' title="bbox 401 2877 1480 2958; baseline 0.001 -23"><span class='ocrx_word' id='word_1_185' title='bbox 401 2880 491 2936; x_wconf 87' lang='lat' dir='ltr'><strong>9tam</strong></span> <span class='ocrx_word' id='word_1_186' title='bbox 514 2889 542 2936; x_wconf 92' lang='lat' dir='ltr'><strong>et</strong></span> <span class='ocrx_word' id='word_1_187' title='bbox 562 2882 688 2956; x_wconf 86' lang='lat' dir='ltr'><strong>gratiam</strong></span> <span class='ocrx_word' id='word_1_188' title='bbox 710 2891 739 2940; x_wconf 91' lang='lat' dir='ltr'><strong>et</strong></span> <span class='ocrx_word' id='word_1_189' title='bbox 760 2883 884 2958; x_wconf 86' lang='lat' dir='ltr'><strong>gloriam</strong></span> <span class='ocrx_word' id='word_1_190' title='bbox 906 2884 980 2944; x_wconf 83' lang='lat' dir='ltr'><strong>tulit.</strong></span> <span class='ocrx_word' id='word_1_191' title='bbox 1028 2883 1087 2956; x_wconf 82' lang='lat' dir='ltr'><strong>Qui</strong></span> <span class='ocrx_word' id='word_1_192' title='bbox 1108 2901 1207 2957; x_wconf 91' lang='lat' dir='ltr'><strong>quum,</strong></span> <span class='ocrx_word' id='word_1_193' title='bbox 1229 2882 1415 2940; x_wconf 86' lang='lat' dir='ltr'><strong>multiscirca</strong></span> <span class='ocrx_word' id='word_1_194' title='bbox 1431 2877 1480 2935; x_wconf 88' lang='lat' dir='ltr'><strong>lini·</strong></span> 
     </span>
     <span class='ocr_line' id='line_1_24' title="bbox 430 2983 1522 3066; baseline -0.002 -24"><span class='ocrx_word' id='word_1_195' title='bbox 430 2986 516 3043; x_wconf 83' lang='lat' dir='ltr'><strong>timos</strong></span> <span class='ocrx_word' id='word_1_196' title='bbox 538 2987 879 3066; x_wconf 29' lang='lat' dir='ltr'><strong>populos-legationibus</strong></span> <span class='ocrx_word' id='word_1_197' title='bbox 908 2998 986 3046; x_wconf 86' lang='lat' dir='ltr'><strong>terra</strong></span> <span class='ocrx_word' id='word_1_198' title='bbox 1013 2987 1147 3063; x_wconf 89' lang='lat' dir='ltr'><strong>marique</strong></span> <span class='ocrx_word' id='word_1_199' title='bbox 1173 2989 1368 3063; x_wconf 88' lang='lat' dir='ltr'><strong>nequicquam</strong></span> <span class='ocrx_word' id='word_1_200' title='bbox 1393 2983 1481 3053; x_wconf 86' lang='lat' dir='ltr'><strong>missis,</strong></span> <span class='ocrx_word' id='word_1_201' title='bbox 1521 2992 1522 3005; x_wconf 65' lang='lat'>¹</span> 
     </span>
     <span class='ocr_line' id='line_1_25' title="bbox 429 3092 1521 3177; baseline 0.001 -29"><span class='ocrx_word' id='word_1_202' title='bbox 429 3092 485 3149; x_wconf 87' lang='lat' dir='ltr'><strong>nisi</strong></span> <span class='ocrx_word' id='word_1_203' title='bbox 506 3095 585 3168; x_wconf 91' lang='lat' dir='ltr'><strong>quod</strong></span> <span class='ocrx_word' id='word_1_204' title='bbox 607 3113 644 3151; x_wconf 86' lang='lat' dir='ltr'><strong>ex</strong></span> <span class='ocrx_word' id='word_1_205' title='bbox 666 3092 785 3150; x_wconf 89' lang='lat' dir='ltr'><strong>Etruria</strong></span> <span class='ocrx_word' id='word_1_206' title='bbox 806 3093 885 3151; x_wconf 87' lang='lat' dir='ltr'><strong>haud</strong></span> <span class='ocrx_word' id='word_1_207' title='bbox 906 3094 948 3151; x_wconf 87' lang='lat' dir='ltr'><strong>ita</strong></span> <span class='ocrx_word' id='word_1_208' title='bbox 969 3094 1095 3151; x_wconf 84' lang='lat' dir='ltr'><strong>multum</strong></span> <span class='ocrx_word' id='word_1_209' title='bbox 1111 3093 1250 3151; x_wconf 87' lang='lat' dir='ltr'><strong>frumenti</strong></span> <span class='ocrx_word' id='word_1_210' title='bbox 1271 3094 1421 3151; x_wconf 85' lang='lat' dir='ltr'><strong>advectum</strong></span> <span class='ocrx_word' id='word_1_211' title='bbox 1438 3097 1479 3156; x_wconf 71' lang='lat' dir='ltr'><strong>est</strong></span> <span class='ocrx_word' id='word_1_212' title='bbox 1520 3120 1521 3177; x_wconf 30' lang='lat' dir='ltr'>j</span> 
     </span>
    </p>

    <p class='ocr_par' dir='ltr' id='par_1_12' title="bbox 380 3197 1520 3590">
     <span class='ocr_line' id='line_1_26' title="bbox 380 3197 1479 3272; baseline 0.002 -19"><span class='ocrx_word' id='word_1_213' title='bbox 380 3197 417 3252; x_wconf 89' lang='lat'><strong>10</strong></span> <span class='ocrx_word' id='word_1_214' title='bbox 429 3197 540 3254; x_wconf 89' lang='lat' dir='ltr'><strong>nullum</strong></span> <span class='ocrx_word' id='word_1_215' title='bbox 561 3206 739 3269; x_wconf 86' lang='lat' dir='ltr'><strong>momentum</strong></span> <span class='ocrx_word' id='word_1_216' title='bbox 763 3199 886 3255; x_wconf 81' lang='lat' dir='ltr'><strong>annonae</strong></span> <span class='ocrx_word' id='word_1_217' title='bbox 907 3197 1024 3258; x_wconf 79' lang='lat' dir='ltr'><strong>fecisset</strong></span> <span class='ocrx_word' id='word_1_218' title='bbox 1044 3208 1087 3272; x_wconf 89' lang='lat' dir='ltr'><strong>et,</strong></span> <span class='ocrx_word' id='word_1_219' title='bbox 1116 3198 1266 3255; x_wconf 84' lang='lat' dir='ltr'><strong>revolutus</strong></span> <span class='ocrx_word' id='word_1_220' title='bbox 1288 3198 1327 3255; x_wconf 88' lang='lat' dir='ltr'><strong>ad</strong></span> <span class='ocrx_word' id='word_1_221' title='bbox 1348 3197 1479 3272; x_wconf 59' lang='lat' dir='ltr'><strong>dispenso</strong></span> 
     </span>
     <span class='ocr_line' id='line_1_27' title="bbox 430 3298 1520 3379; baseline 0.003 -19"><span class='ocrx_word' id='word_1_222' title='bbox 430 3304 538 3362; x_wconf 89' lang='lat' dir='ltr'><strong>tionem</strong></span> <span class='ocrx_word' id='word_1_223' title='bbox 561 3303 680 3378; x_wconf 87' lang='lat' dir='ltr'><strong>inopiae,</strong></span> <span class='ocrx_word' id='word_1_224' title='bbox 703 3304 832 3379; x_wconf 87' lang='lat' dir='ltr'><strong>profiteri</strong></span> <span class='ocrx_word' id='word_1_225' title='bbox 854 3304 985 3378; x_wconf 89' lang='lat' dir='ltr'><strong>cogendo</strong></span> <span class='ocrx_word' id='word_1_226' title='bbox 1006 3301 1182 3360; x_wconf 81' lang='lat' dir='ltr'><strong>frumentum</strong></span> <span class='ocrx_word' id='word_1_227' title='bbox 1204 3312 1234 3360; x_wconf 91' lang='lat' dir='ltr'><strong>et</strong></span> <span class='ocrx_word' id='word_1_228' title='bbox 1253 3305 1394 3374; x_wconf 88' lang='lat' dir='ltr'><strong>vendere,</strong></span> <span class='ocrx_word' id='word_1_229' title='bbox 1414 3298 1479 3375; x_wconf 80' lang='lat' dir='ltr'><strong>qnod</strong></span> <span class='ocrx_word' id='word_1_230' title='bbox 1519 3354 1520 3363; x_wconf 70' lang='grc'>,</span> 
     </span>
     <span class='ocr_line' id='line_1_28' title="bbox 431 3407 1478 3485; baseline -0.009 -18"><span class='ocrx_word' id='word_1_231' title='bbox 431 3409 496 3468; x_wconf 89' lang='lat' dir='ltr'><strong>usui</strong></span> <span class='ocrx_word' id='word_1_232' title='bbox 517 3417 665 3467; x_wconf 88' lang='lat' dir='ltr'><strong>menstruo</strong></span> <span class='ocrx_word' id='word_1_233' title='bbox 687 3417 864 3485; x_wconf 86' lang='lat' dir='ltr'><strong>superesset,</strong></span> <span class='ocrx_word' id='word_1_234' title='bbox 891 3407 1116 3483; x_wconf 83' lang='lat' dir='ltr'><strong>fraudandoque</strong></span> <span class='ocrx_word' id='word_1_235' title='bbox 1136 3415 1220 3483; x_wconf 87' lang='lat' dir='ltr'><strong>parte</strong></span> <span class='ocrx_word' id='word_1_236' title='bbox 1240 3409 1338 3466; x_wconf 73' lang='lat' dir='ltr'><strong>dim-ni</strong></span> <span class='ocrx_word' id='word_1_237' title='bbox 1359 3408 1412 3466; x_wconf 90' lang='lat' dir='ltr'><strong>cibi</strong></span> <span class='ocrx_word' id='word_1_238' title='bbox 1429 3423 1478 3461; x_wconf 87' lang='lat' dir='ltr'><strong>ser·</strong></span> 
     </span>
     <span class='ocr_line' id='line_1_29' title="bbox 430 3504 1477 3590; baseline 0.004 -19"><span class='ocrx_word' id='word_1_239' title='bbox 430 3517 519 3589; x_wconf 84' lang='lat' dir='ltr'><strong>vitia,</strong></span> <span class='ocrx_word' id='word_1_240' title='bbox 545 3515 725 3572; x_wconf 85' lang='lat' dir='ltr'><strong>criminando</strong></span> <span class='ocrx_word' id='word_1_241' title='bbox 755 3515 821 3571; x_wconf 91' lang='lat' dir='ltr'><strong>inde</strong></span> <span class='ocrx_word' id='word_1_242' title='bbox 848 3504 877 3571; x_wconf 87' lang='lat' dir='ltr'><strong>et</strong></span> <span class='ocrx_word' id='word_1_243' title='bbox 904 3514 1066 3572; x_wconf 90' lang='lat' dir='ltr'><strong>obiiciendo</strong></span> <span class='ocrx_word' id='word_1_244' title='bbox 1087 3515 1138 3571; x_wconf 87' lang='lat' dir='ltr'><strong>irae</strong></span> <span class='ocrx_word' id='word_1_245' title='bbox 1158 3514 1261 3590; x_wconf 91' lang='lat' dir='ltr'><strong>populi</strong></span> <span class='ocrx_word' id='word_1_246' title='bbox 1280 3510 1477 3575; x_wconf 72' lang='lat' dir='ltr'><strong>frumenunoa</strong></span> 
     </span>
    </p>

    <p class='ocr_par' dir='ltr' id='par_1_13' title="bbox 381 3611 1477 3906">
     <span class='ocr_line' id='line_1_30' title="bbox 381 3611 1477 3696; baseline -0.007 -20"><span class='ocrx_word' id='word_1_247' title='bbox 381 3621 415 3676; x_wconf 90' lang='lat'><strong>11</strong></span> <span class='ocrx_word' id='word_1_248' title='bbox 431 3622 539 3678; x_wconf 87' lang='lat' dir='ltr'><strong>acerba</strong></span> <span class='ocrx_word' id='word_1_249' title='bbox 558 3620 743 3694; x_wconf 84' lang='lat' dir='ltr'><strong>inquisitione</strong></span> <span class='ocrx_word' id='word_1_250' title='bbox 765 3621 891 3696; x_wconf 87' lang='lat' dir='ltr'><strong>aperiret</strong></span> <span class='ocrx_word' id='word_1_251' title='bbox 911 3620 1006 3695; x_wconf 91' lang='lat' dir='ltr'><strong>magis</strong></span> <span class='ocrx_word' id='word_1_252' title='bbox 1028 3638 1116 3694; x_wconf 91' lang='lat' dir='ltr'><strong>quam</strong></span> <span class='ocrx_word' id='word_1_253' title='bbox 1131 3619 1243 3675; x_wconf 88' lang='lat' dir='ltr'><strong>levaret</strong></span> <span class='ocrx_word' id='word_1_254' title='bbox 1252 3619 1392 3692; x_wconf 86' lang='lat' dir='ltr'><strong>inopiam,</strong></span> <span class='ocrx_word' id='word_1_255' title='bbox 1411 3611 1477 3672; x_wconf 86' lang='lat' dir='ltr'><strong>multi</strong></span> 
     </span>
     <span class='ocr_line' id='line_1_31' title="bbox 429 3717 1476 3803; baseline -0.009 -21"><span class='ocrx_word' id='word_1_256' title='bbox 429 3725 588 3802; x_wconf 82' lang='lat' dir='ltr'><strong>explebe,</strong></span> <span class='ocrx_word' id='word_1_257' title='bbox 619 3743 671 3800; x_wconf 90' lang='lat' dir='ltr'><strong>spe</strong></span> <span class='ocrx_word' id='word_1_258' title='bbox 700 3726 822 3798; x_wconf 90' lang='lat' dir='ltr'><strong>amissa,</strong></span> <span class='ocrx_word' id='word_1_259' title='bbox 853 3725 950 3803; x_wconf 92' lang='lat' dir='ltr'><strong>potins</strong></span> <span class='ocrx_word' id='word_1_260' title='bbox 973 3745 1061 3801; x_wconf 90' lang='lat' dir='ltr'><strong>quam</strong></span> <span class='ocrx_word' id='word_1_261' title='bbox 1082 3733 1115 3781; x_wconf 87' lang='lat' dir='ltr'><strong>ut</strong></span> <span class='ocrx_word' id='word_1_262' title='bbox 1135 3723 1335 3782; x_wconf 87' lang='lat' dir='ltr'><strong>cruciarentur</strong></span> <span class='ocrx_word' id='word_1_263' title='bbox 1353 3717 1476 3780; x_wconf 75' lang='lat' dir='ltr'><strong>nubendo</strong></span> 
     </span>
     <span class='ocr_line' id='line_1_32' title="bbox 430 3829 1475 3906; baseline -0.004 -18"><span class='ocrx_word' id='word_1_264' title='bbox 430 3833 573 3900; x_wconf 87' lang='lat' dir='ltr'><strong>animam,</strong></span> <span class='ocrx_word' id='word_1_265' title='bbox 607 3831 750 3906; x_wconf 87' lang='lat' dir='ltr'><strong>capitibus</strong></span> <span class='ocrx_word' id='word_1_266' title='bbox 777 3831 924 3888; x_wconf 88' lang='lat' dir='ltr'><strong>obvolutis</strong></span> <span class='ocrx_word' id='word_1_267' title='bbox 952 3849 983 3888; x_wconf 90' lang='lat' dir='ltr'><strong>se</strong></span> <span class='ocrx_word' id='word_1_268' title='bbox 1013 3830 1043 3887; x_wconf 92' lang='lat' dir='ltr'><strong>in</strong></span> <span class='ocrx_word' id='word_1_269' title='bbox 1072 3829 1204 3887; x_wconf 87' lang='lat' dir='ltr'><strong>Tiberim</strong></span> <span class='ocrx_word' id='word_1_270' title='bbox 1232 3829 1475 3905; x_wconf 79' lang='lat' dir='ltr'><strong>praecipitaverunt·</strong></span> 
     </span>
    </p>

    <p class='ocr_par' dir='ltr' id='par_1_14' title="bbox 333 3927 1475 4328">
     <span class='ocr_line' id='line_1_33' title="bbox 333 3927 1475 4012; baseline -0.009 -16"><span class='ocrx_word' id='word_1_271' title='bbox 333 3927 373 3997; x_wconf 82' lang='grc'><strong>13</strong></span> <span class='ocrx_word' id='word_1_272' title='bbox 430 3939 508 3994; x_wconf 87' lang='lat' dir='ltr'><strong>Tum</strong></span> <span class='ocrx_word' id='word_1_273' title='bbox 530 3936 580 4012; x_wconf 86' lang='lat' dir='ltr'><strong>Sp.</strong></span> <span class='ocrx_word' id='word_1_274' title='bbox 601 3937 716 3994; x_wconf 86' lang='lat' dir='ltr'><strong>Maelius</strong></span> <span class='ocrx_word' id='word_1_275' title='bbox 738 3956 775 3993; x_wconf 86' lang='lat' dir='ltr'><strong>ex</strong></span> <span class='ocrx_word' id='word_1_276' title='bbox 797 3935 924 4010; x_wconf 87' lang='lat' dir='ltr'><strong>equestri</strong></span> <span class='ocrx_word' id='word_1_277' title='bbox 945 3935 1056 4005; x_wconf 86' lang='lat' dir='ltr'><strong>ordine,</strong></span> <span class='ocrx_word' id='word_1_278' title='bbox 1077 3943 1110 3992; x_wconf 92' lang='lat' dir='ltr'><strong>nt</strong></span> <span class='ocrx_word' id='word_1_279' title='bbox 1129 3933 1186 3990; x_wconf 89' lang='lat' dir='ltr'><strong>illis</strong></span> <span class='ocrx_word' id='word_1_280' title='bbox 1206 3934 1394 4009; x_wconf 76' lang='lat' dir='ltr'><strong>temporibus,</strong></span> <span class='ocrx_word' id='word_1_281' title='bbox 1413 3945 1475 4006; x_wconf 78' lang='lat' dir='ltr'><strong>pra·</strong></span> 
     </span>
     <span class='ocr_line' id='line_1_34' title="bbox 428 4038 1475 4117; baseline -0.006 -18"><span class='ocrx_word' id='word_1_282' title='bbox 428 4043 518 4115; x_wconf 84' lang='lat' dir='ltr'><strong>dives,</strong></span> <span class='ocrx_word' id='word_1_283' title='bbox 539 4063 600 4101; x_wconf 89' lang='lat' dir='ltr'><strong>rem</strong></span> <span class='ocrx_word' id='word_1_284' title='bbox 619 4044 717 4101; x_wconf 90' lang='lat' dir='ltr'><strong>utilem</strong></span> <span class='ocrx_word' id='word_1_285' title='bbox 740 4041 867 4117; x_wconf 85' lang='lat' dir='ltr'><strong>pessimo</strong></span> <span class='ocrx_word' id='word_1_286' title='bbox 895 4040 1044 4116; x_wconf 90' lang='lat' dir='ltr'><strong>exemplo,</strong></span> <span class='ocrx_word' id='word_1_287' title='bbox 1076 4039 1187 4115; x_wconf 89' lang='lat' dir='ltr'><strong>pleiore</strong></span> <span class='ocrx_word' id='word_1_288' title='bbox 1216 4038 1337 4096; x_wconf 78' lang='lat' dir='ltr'><strong>consilio</strong></span> <span class='ocrx_word' id='word_1_289' title='bbox 1365 4047 1408 4095; x_wconf 89' lang='lat' dir='ltr'><strong>est</strong></span> <span class='ocrx_word' id='word_1_290' title='bbox 1433 4050 1475 4106; x_wconf 78' lang='lat' dir='ltr'><strong>eg·</strong></span> 
     </span>
     <span class='ocr_line' id='line_1_35' title="bbox 397 4143 1474 4222; baseline 0 -20"><span class='ocrx_word' id='word_1_291' title='bbox 397 4147 552 4222; x_wconf 76' lang='lat' dir='ltr'><strong>agressus.</strong></span> <span class='ocrx_word' id='word_1_292' title='bbox 600 4149 759 4205; x_wconf 86' lang='lat' dir='ltr'><strong>Frumento</strong></span> <span class='ocrx_word' id='word_1_293' title='bbox 786 4163 913 4220; x_wconf 91' lang='lat' dir='ltr'><strong>namque</strong></span> <span class='ocrx_word' id='word_1_294' title='bbox 940 4163 978 4203; x_wconf 84' lang='lat' dir='ltr'><strong>ex</strong></span> <span class='ocrx_word' id='word_1_295' title='bbox 1004 4145 1124 4203; x_wconf 87' lang='lat' dir='ltr'><strong>Etruria</strong></span> <span class='ocrx_word' id='word_1_296' title='bbox 1150 4145 1268 4220; x_wconf 88' lang='lat' dir='ltr'><strong>privata</strong></span> <span class='ocrx_word' id='word_1_297' title='bbox 1293 4143 1413 4221; x_wconf 82' lang='lat' dir='ltr'><strong>pecunia</strong></span> <span class='ocrx_word' id='word_1_298' title='bbox 1432 4155 1474 4214; x_wconf 67' lang='lat' dir='ltr'><strong>per</strong></span> 
     </span>
     <span class='ocr_line' id='line_1_36' title="bbox 426 4250 1473 4328; baseline -0.008 -20"><span class='ocrx_word' id='word_1_299' title='bbox 426 4253 573 4328; x_wconf 82' lang='lat' dir='ltr'><strong>hospitum</strong></span> <span class='ocrx_word' id='word_1_300' title='bbox 595 4251 799 4325; x_wconf 89' lang='lat' dir='ltr'><strong>clientiumque</strong></span> <span class='ocrx_word' id='word_1_301' title='bbox 818 4251 980 4308; x_wconf 83' lang='lat' dir='ltr'><strong>ministeria</strong></span> <span class='ocrx_word' id='word_1_302' title='bbox 993 4259 1138 4326; x_wconf 83' lang='lat' dir='ltr'><strong>coempto,</strong></span> <span class='ocrx_word' id='word_1_303' title='bbox 1157 4269 1231 4325; x_wconf 72' lang='lat' dir='ltr'><strong>quae,</strong></span> <span class='ocrx_word' id='word_1_304' title='bbox 1255 4251 1353 4321; x_wconf 91' lang='lat' dir='ltr'><strong>credo,</strong></span> <span class='ocrx_word' id='word_1_305' title='bbox 1371 4250 1473 4324; x_wconf 68' lang='lat' dir='ltr'><strong>mseras</strong></span> 
     </span>
    </p>
   </div>
   <div class='ocr_carea' id='block_1_3' title="bbox 0 0 1700 5084">
    <p class='ocr_par' dir='ltr' id='par_1_15' title="bbox 0 0 1700 5084">
     <span class='ocr_line' id='line_1_37' title="bbox 0 0 1700 5084; baseline 0 5"><span class='ocrx_word' id='word_1_306' title='bbox 0 0 1700 5084; x_wconf 95' lang='lat' dir='ltr'><strong> </strong></span> 
     </span>
    </p>
   </div>
  </div>
 </body>
</html>
