3392 5084
544 526 948 595 mmmmm·
1105 534 1228 592 *m

217 714 381 790 soperclum
406 716 530 775 militum
561 716 623 775 sius
650 716 734 785 enni,
767 722 799 772 ut
828 715 954 791 populos
982 717 1134 774 nomme
1151 715 1271 774 ‘tributo
1302 719 1322 749 ”

217 830 334 891 careret,
354 821 482 895 pecunie
503 822 655 897 imperato.
701 815 782 879 Pace
803 820 889 892 dots,
910 821 1055 879 exercitus
1076 822 1203 881 Romen
1225 839 1273 879 re·

217 925 318 983 ductus.

291 1028 433 1087 Camillus
455 1028 574 1087 meliors
595 1031 686 1089 multo
707 1030 803 1099 lende,
827 1039 1026 1106 quem‘quum
1048 1029 1273 1105 triumphantem
1320 1015 1369 1087 28

218 1133 269 1190 ulhi
281 1153 334 1209 per
354 1136 458 1192 urbem
478 1142 621 1191 vexerant
635 1135 711 1209 equi,
733 1133 863 1210 insignis,
883 1135 994 1193 iustitis
1014 1136 1129 1208 fideque
1143 1135 1275 1193 hostibus

218 1237 301 1308 victis,
325 1255 417 1314 quum
438 1241 469 1297 in
489 1241 591 1298 urbem
618 1240 754 1311 redisset,
782 1240 864 1297 taciti
892 1239 954 1295 eins
981 1238 1185 1296 verecundiam
1216 1256 1276 1297 non

218 1340 275 1399 tulit
293 1322 423 1417 senatus,
452 1346 522 1421 quin
551 1336 613 1403 eine
635 1360 718 1402 more
745 1344 807 1402 voti
836 1344 1015 1402 liberaretur.
1065 1341 1307 1419 Cmteremquol

218 1464 327 1506 amcam
350 1451 460 1508 donum
481 1448 615 1526 Apollini
635 1448 768 1526 Delphos
796 1449 885 1526 legati
907 1450 957 1523 qui
977 1449 1100 1520 ferrent,
1130 1450 1164 1508 L.
1186 1450 1277 1507 ane·
1342 1429 1346 1435 ¹

218 1552 282 1623 rius,
297 1556 346 1620 ‚It
369 1556 505 1634 Sergius,
536 1558 574 1615 A.
597 1555 739 1626 Manlius,
768 1554 849 1615 missi
878 1555 968 1629 longo
996 1572 1055 1611 una
1081 1572 1172 1625 neve,
1198 1556 1279 1613 houd

218 1660 311 1731 procul
333 1660 412 1719 freto
435 1661 534 1721 Siculo
557 1678 575 1717 o
604 1660 706 1735 piratis
730 1659 932 1735 Liparensium
961 1660 1075 1735 excepti
1097 1661 1279 1717 devehuntur

220 1761 346 1837 Liparas.
397 1767 466 1823 Mos
488 1774 552 1823 eret
574 1764 700 1823 civitatis
730 1764 811 1821 velut
836 1763 955 1838 publico
983 1762 1136 1821 latrocinio
1162 1762 1308 1840 pertem3

219 1870 339 1940 prodam
362 1862 502 1927 dividere.
546 1872 636 1928 Forte
664 1888 699 1927 eo
720 1886 797 1926 suno
825 1867 856 1924 in
877 1886 992 1926 summo
1013 1870 1187 1944 magistratu
1216 1879 1279 1928 eret

219 1972 410 2033 Timasitheus
433 1978 567 2051 quidam,
599 1974 758 2035 nomenis„
772 1956 818 2030 'vir
842 1974 964 2032 anuos
991 1992 1079 2049 quem
1102 1976 1171 2038 curs,
1220 1974 1310 2050 Quis

220 2077 375 2153 legatorum
400 2100 507 2139 nomen
528 2083 695 2156 donumque
716 2088 745 2136 et
766 2080 867 2149 deum,
889 2079 936 2137 cui
954 2079 1129 2149 mitteretur,
1161 2089 1190 2138 et
1209 2082 1280 2139 doni

219 2200 331 2243 causum
353 2184 464 2244 veritus
485 2188 549 2262 ipse
572 2185 781 2244 multitudinem
805 2202 936 2259 quoque,
964 2202 1029 2257 quse
1053 2203 1168 2260 semper
1187 2184 1280 2245 forme

220 2290 324 2364 regenti
352 2300 398 2348 est
422 2291 539 2361 similis,
568 2290 717 2365 religionis
747 2290 831 2347 iustus
851 2289 992 2365 implevit,
1021 2289 1280 2365 sdductosqne·in

221 2396 361 2469 publicum
388 2396 546 2471 hospitium
573 2396 686 2471 legatos
713 2414 777 2453 cum
799 2394 934 2471 prsesidio
957 2394 1044 2451 etiem
1066 2396 1184 2453 nuvium
1210 2396 1281 2453 Del·

220 2500 287 2573 phos
310 2510 496 2576 prosecutus,
525 2503 651 2559 Romam
679 2500 747 2557 inde
775 2500 901 2575 sospites
930 2501 1063 2560 restituit.
1111 2497 1312 2575 Hospitiumd
1344 2515 1349 2522 ’

219 2622 279 2663 cum
304 2624 341 2663 eo
364 2612 482 2663 senatus
504 2606 636 2663 consulto
657 2614 701 2663 est
722 2604 831 2662 loetum
852 2606 988 2679 doneque
1010 2606 1125 2680 publice
1147 2606 1228 2664 date.

297 2712 413 2769 Eodem
443 2725 519 2767 anno
541 2699 586 2765 in.
600 2709 706 2783 AEquis
729 2709 810 2767 vecie
832 2710 985 2781 bellatum,
1013 2699 1099 2768 odeo
1115 2719 1149 2767 ut
1176 2711 1208 2767 in
1237 2710 1282 2767 iu·

221 2824 294 2873 certo
316 2814 406 2873 inerit
426 2824 455 2871 et
478 2815 557 2890 opud
578 2814 657 2889 ipsos
679 2816 823 2872 exercitus
845 2816 999 2885 etRomae,
1020 2815 1157 2873 vicissent
1176 2813 1283 2872 victine

221 2929 322 2981 essent.
376 2920 572 2996 Imperatores
604 2920 731 2979 Romani
759 2920 840 2978 fuere
868 2938 907 2976 ex
937 2919 1060 2977 uibunis
1092 2918 1214 2976 militum
1246 2916 1314 2978 (3.6

223 3025 366 3096 AEmilius,
392 3025 443 3099 Sp.
464 3023 642 3085 Postumius.
691 3025 792 3084 Primo
816 3044 878 3083 rem
905 3026 1097 3101 communiter
1118 3032 1283 3100 gesserunt,

223 3128 289 3188 lusis
302 3130 372 3187 inde
387 3130 450 3187 scie
467 3128 609 3199 hostibus,
624 3129 777 3188 AEmilium
792 3130 929 3205 praesidio
944 3129 1137 3205 Verruginem
1152 3130 1284 3185 obtinere

222 3234 342 3310 placuit,
371 3235 555 3293 Postumium
576 3235 649 3291 fines
670 3243 796 3293 vestare.
847 3234 895 3293 lbi
924 3252 989 3291 sum
1017 3229 1210 3308 incomposito
1231 3240 1312 3306 og-‘l

224 3342 296 3399 mine
316 3340 507 3415 negligentius
529 3341 566 3397 sb
588 3358 621 3397 re
642 3340 716 3397 bene
737 3350 821 3415 geste
844 3349 959 3398 euntem
981 3340 1078 3398 edorti
1097 3338 1205 3414 AEqui,
1225 3346 1284 3394 ter·

225 3445 424 3513 reminiscor,
451 3444 481 3501 in
501 3444 653 3520 proximos
674 3445 840 3520 compulere
867 3446 1010 3518 tumulos;
1039 3462 1191 3521 pavorque
1217 3442 1285 3499 inde
1339 3526 1342 3529 ἢ

227 3548 414 3624 Verruginem
444 3549 531 3607 etiem
562 3549 600 3605 sd
621 3550 786 3625 praesidium
814 3552 936 3609 alterum
966 3561 1011 3609 est
1038 3551 1176 3628 perlatus.
1224 3550 1316 3613 Po-8

226 3653 352 3723 stumius,
374 3652 486 3755 s·in
506 3662 600 3711 tutum
622 3656 761 3731 receptis,
788 3674 877 3731 quum
900 3652 1035 3713 contione
1058 3657 1205 3713 advocate
1225 3662 1286 3711 ter-
1385 3693 1389 3698 -

227 3774 318 3815 rorem
338 3760 501 3835 increparet
523 3776 558 3817 ac
578 3758 696 3833 iugum,
726 3758 807 3817 fusos
829 3778 894 3818 esse
918 3762 955 3819 cb
975 3760 1166 3836 ignavissimo
1187 3778 1223 3815 ac
1240 3758 1287 3815 fu·

227 3863 376 3935 gucissimo
399 3866 498 3935 hoste,
520 3864 685 3922 conclamet
709 3865 861 3923 universus
883 3866 1041 3935 exercitus,
1070 3867 1174 3922 merito
1196 3882 1228 3921 se
1251 3882 1287 3920 ee

229 3969 324 4027 audire
345 3978 374 4027 et
395 3968 482 4027 fateri
510 3968 669 4026 admissum
690 3968 848 4043 flagitium,
879 3972 929 4027 sed
959 3971 1076 4027 eosdem
1105 3976 1287 4027 correcturos

229 4088 301 4142 esee,
329 4092 422 4148 neque
443 4073 612 4131 diuturnum
637 4074 668 4132 id
688 4076 826 4149 gaudium
848 4074 981 4132 hostibus
1001 4074 1074 4133 fore.
1118 4076 1318 4142 Poscentes,9

230 4186 259 4233 ut
283 4178 433 4237 confestim
464 4178 591 4237 indeed
612 4188 710 4237 castre
729 4180 855 4237 hostium
877 4182 995 4238 duceret
1016 4182 1057 4254 (et
1071 4180 1109 4237 in
1131 4185 1288 4264 conspectu

230 4292 316 4354 erent,
348 4285 446 4361 posite
468 4284 498 4342 in
521 4284 640 4361 pleno),
672 4284 743 4342 nihil
763 4299 857 4361 poeno
882 4285 1072 4355 recusabant,
1102 4285 1134 4341 ni
1158 4302 1194 4341 eo
1221 4290 1288 4342 onte
