3392 5084
467 511 507 568 tt
767 507 846 558 Liber
862 505 898 558 11.
934 505 984 570 (Δ.
1000 521 1026 556 n.
1040 520 1061 557 c.
1072 505 1147 568 tta.)

425 691 522 750 'lbllii
570 691 674 766 Longe
694 691 721 748 is
741 700 803 748 tum
827 690 963 766 princeps
978 689 1081 748 Volsci
1100 689 1226 748 nominis
1251 697 1316 748 erat
1336 691 1484 748 Romanis-

425 813 482 870 qne
502 813 618 872 semper
638 793 769 856 infestus.
812 796 860 853 Ita
874 813 964 870 quum
986 795 1109 853 alterum
1131 803 1215 851 vetus
1236 793 1346 865 odium,
1368 793 1482 850 altsmm

424 900 471 958 ira
499 917 603 959 recens
634 900 809 971 stimularet,
842 900 963 958 consilia
995 898 1149 958 conferunt
1177 899 1214 955 de
1239 900 1376 958 Romano
1402 898 1482 956 bello.

394 1005 515 1064 8Haud
536 1004 622 1063 facile
641 1005 802 1064 credebaut
821 1004 937 1081 plebem
959 1023 1041 1064 suam
1069 1003 1178 1080 impelli
1209 1021 1312 1080 posse,
1344 1011 1376 1061 ut
1404 1003 1483 1060 toties

424 1110 577 1169 infeliciter
597 1118 709 1168 tentata
723 1127 807 1167 arms
822 1118 976 1186 caperent:
998 1110 1095 1168 multis
1110 1127 1187 1186 saepe
1210 1109 1303 1180 bellis,
1327 1109 1483 1186 pestilentia

422 1225 572 1292 postremo
593 1216 703 1274 ammes
722 1214 872 1274 iuventute
893 1213 1003 1273 fractos
1024 1213 1143 1290 spiritns
1164 1231 1245 1285 esss3
1266 1223 1331 1273 arte
1346 1215 1482 1290 agendum

319 1349 325 1359 ›
423 1322 453 1377 in
476 1320 593 1380 exoleto
613 1320 673 1378 iam
695 1328 841 1378 vetustate
863 1319 946 1389 odie,
977 1327 1009 1376 ut
1033 1320 1142 1378 recenti
1173 1319 1273 1394 aliqua
1303 1320 1349 1378 ira
1370 1339 1482 1378 exacer-

423 1426 562 1490 barentur
583 1426 680 1483 animi.

328 1525 376 1595 36
507 1529 585 1589 Ludi
616 1529 693 1588 forte
724 1547 762 1585 ex
792 1527 1003 1586 instauratione
1035 1529 1135 1606 magni
1165 1532 1268 1589 Romus
1299 1532 1482 1607 parabantur.

423 1635 611 1694 Instaurandi
631 1636 693 1692 bueo
714 1650 805 1692 cansa
831 1631 936 1690 fuerat.
986 1633 1076 1692 Ludis
1103 1652 1190 1692 mane
1221 1653 1338 1693 servum
1370 1636 1481 1710 qnidam

423 1737 660 1817 pater'iamilice‚'
677 1738 804 1795 nondum
828 1738 984 1796 commisso
1008 1739 1184 1814 spectaculo,
1206 1742 1260 1797 sub
1284 1738 1369 1798 iures
1383 1757 1481 1798 omum

424 1847 519 1905 medio
541 1854 642 1921 egerat
662 1844 754 1913 circ03
788 1843 885 1919 coepti
915 1843 982 1901 inde
1009 1843 1085 1916 ludi,
1118 1844 1198 1902 velut
1231 1863 1268 1902 ea
1288 1863 1335 1904 res
1358 1846 1430 1902 nihil
1449 1844 1481 1901 ad

393 1952 591 2027 2rcligionem
619 1948 813 2026 pertinuisset.
863 1949 953 2008 Haud
985 1949 1027 2008 ita
1059 1950 1150 2008 multu
1178 1959 1245 2027 post
1266 1951 1337 2010 Tito
1361 1950 1481 2017 Latinio,

423 2057 460 2113 de
480 2057 566 2133 plebe
594 2055 721 2126 bomini,
749 2054 892 2112 somnium
921 2053 991 2124 fuit3
1023 2055 1103 2112 visus
1131 2056 1265 2131 Iuppiter
1290 2057 1401 2127 dicere,
1432 2055 1480 2112 sibi

422 2163 498 2220 ludis
520 2161 751 2237 praesultatorem
769 2159 964 2236 displicuisse3
995 2160 1051 2217 nisi
1079 2160 1232 2236 magnifice
1257 2161 1482 2220 instaurarentur

422 2268 542 2338 iilndi,
570 2266 730 2342 pericnlum
756 2267 822 2324 urbi
843 2264 925 2335 fore;
959 2263 1015 2321 iret
1036 2273 1065 2322 et
1086 2282 1122 2322 sa
1143 2266 1309 2325 consulibus
1333 2268 1480 2324 nuntiaret
1522 2313 1523 2319 ,

393 2372 599 2448 dQuanqusm
630 2372 710 2429 band
732 2389 805 2428 sane
825 2371 900 2429 liber
923 2379 987 2427 erat
1005 2369 1146 2446 religione
1167 2371 1289 2444 animus,
1311 2372 1481 2431 verecundis
1522 2419 1523 2426 ,

423 2487 522 2535 tamen
542 2475 704 2533 maiestatis
725 2476 949 2552 magistratuum
974 2476 1107 2534 timorem
1128 2477 1212 2545 vicit,
1241 2495 1278 2535 ne
1305 2479 1336 2536 in
1363 2497 1417 2536 ora
1436 2480 1482 2535 bo·
1522 2499 1523 2504 ¹

393 2584 533 2640 ⁴lminum
552 2599 608 2656 pro
630 2580 755 2639 ludibrio
778 2583 881 2640 abiret.
939 2581 1050 2656 Magno
1078 2581 1120 2639 illi
1152 2601 1189 2642 ea
1219 2585 1366 2643 cunctatio
1397 2584 1483 2650 stetit;

423 2689 514 2747 filium
542 2704 670 2761 namque
702 2687 780 2744 intra
810 2703 922 2762 paucos
954 2685 1016 2743 dies
1048 2686 1153 2744 amisit.
1207 2687 1298 2748 Cuius
1335 2689 1483 2765 repentina

424 2793 515 2852 cladis
534 2812 573 2850 ne
594 2811 685 2850 cansa
706 2791 796 2851 dubia
816 2800 902 2863 essct,
924 2809 1003 2869 {egro
1025 2791 1115 2850 animi
1138 2793 1240 2852 eedem
1262 2794 1313 2852 illa
1334 2794 1482 2853 insomnis
1521 2821 1522 2852 t

424 2899 581 2956 obversata
602 2898 713 2973 species
734 2899 799 2956 viss
820 2905 865 2955 eet
885 2897 1029 2972 rogitare,
1061 2897 1145 2955 sstin’
1166 2917 1303 2975 magnam
1326 2901 1415 2976 spreti
1435 2918 1482 2956 nu·

424 3004 509 3062 minis
529 3004 652 3062 haberet
673 3004 852 3074 mercedem
882 3003 1022 3061 maiorem
1045 3003 1164 3076 instare,
1187 3004 1216 3060 ni
1239 3014 1288 3063 eat
1308 3023 1433 3081 propere
1453 3019 1483 3059 ac

394 3109 535 3168 inundet
561 3108 738 3167 consulibus.
792 3107 857 3165 Iam
889 3108 1060 3183 presentior
1091 3127 1138 3167 res
1170 3117 1242 3167 erat.
1299 3108 1481 3168 Cunctantem
1520 3135 1521 3172 i

423 3223 521 3272 tamen
543 3229 578 3271 ac
599 3213 794 3287 prolatantem
815 3212 918 3288 ingens
940 3213 985 3270 vis
1009 3214 1105 3272 morbi
1132 3215 1236 3274 adorta
1266 3224 1311 3274 est
1341 3213 1482 3273 debilitate

393 3320 528 3378 dsubita.
572 3318 657 3375 Tunc
678 3318 827 3394 minuero
851 3316 971 3375 deorum
993 3317 1039 3374 ira
1061 3319 1220 3378 admonuit.
1272 3321 1383 3378 Fessus
1402 3317 1483 3393 igitur
1519 3375 1520 3384 ¹

422 3423 508 3481 malis
529 3423 682 3498 preteritis
702 3422 946 3496 instantibusque,
971 3423 1091 3482 oonsilio
1101 3424 1333 3501 propinquorum
1350 3422 1482 3490 adhibito,
1519 3449 1520 3506 p

424 3545 513 3602 quum
545 3527 610 3583 viss
642 3536 731 3601 atque
756 3526 858 3584 audita
886 3535 916 3584 et
936 3529 1122 3586 obversatum
1145 3531 1231 3588 toties
1252 3548 1357 3588 somno
1378 3531 1482 3594 Iovem,
1519 3507 1520 3553 ¹

422 3631 517 3690 minas
538 3632 655 3706 irasque
676 3632 804 3691 caelestes
824 3640 1048 3708 reproeseutstas
1070 3634 1186 3693 casibus
1212 3636 1273 3693 suis
1299 3631 1482 3710 exposuisset,

424 3755 565 3797 consensu
586 3737 654 3795 inde
675 3737 754 3794 haud
776 3737 866 3795 dnbio
885 3738 1024 3809 omnium,
1046 3740 1096 3814 qni
1118 3740 1255 3812 aderant,
1276 3740 1308 3798 in
1334 3739 1428 3798 forum
1450 3735 1482 3792 ad
1518 3783 1519 3812 p

395 3842 557 3900 lconsules
586 3842 689 3901 lectica
721 3841 860 3902 defertur.
919 3843 992 3901 Inde
1024 3843 1054 3900 in
1086 3845 1196 3904 curiam
1228 3845 1310 3904 iussu
1341 3842 1481 3903 consulum
1518 3814 1519 3902 l

425 3948 546 4018 delatus,
569 3948 671 4006 eadem
683 3947 734 4006 illa
756 3966 845 4022 quum
867 3947 1000 4023 patribus
1021 3949 1132 4026 ingenti
1153 3949 1282 4008 omnium
1299 3947 1483 4008 admiratione

424 4063 598 4124 enarrasset,
621 4071 689 4112 ecce
710 4054 790 4112 aliud
812 4053 997 4113 miraculum:
1021 4055 1070 4128 qui
1085 4063 1189 4130 captus
1205 4055 1339 4112 omnibus
1354 4048 1482 4110 membris

424 4159 537 4218 delatus
558 4160 588 4216 in
611 4159 720 4217 curiam
743 4168 828 4228 esset,
853 4177 929 4230 eum,
950 4157 1080 4218 iunctum
1103 4157 1210 4233 officio,
1231 4159 1354 4236 pedibus
1366 4153 1482 4215 suisdo·
1517 4173 1518 4251 p

425 4285 504 4324 mum
526 4266 646 4336 redisse,
667 4265 805 4324 traditum
827 4265 975 4324 memoriae
997 4274 1048 4326 est
