3392 5084
477 501 516 556 80
748 496 826 545 Liber
839 495 875 543 11.
907 497 1016 555 (A.u.n
1027 495 1188 547 att-259³

405 683 423 738 9
437 681 561 740 AEbutio
577 679 728 736 traiectum
740 679 787 749 sit,
803 679 935 736 Mamilio
948 687 1047 753 pectus
1061 695 1238 753 percussum.
1282 679 1371 736 Hunc
1386 679 1494 753 quidam

438 786 469 842 in
501 784 657 842 secundam
681 785 773 842 aciem
796 783 893 841 Latini
927 801 1077 857 recepere:
1109 783 1248 840 AEbutius
1281 801 1369 857 quum
1402 783 1494 840 saucio

389 891 559 949 retractio
590 899 688 946 tenere
717 889 804 946 telum
836 906 896 944 non
928 896 1040 961 posset,
1072 906 1171 963 pugna
1200 888 1334 946 excessit.
1381 888 1495 945 Latinus

437 997 498 1052 dux
519 995 590 1052 nibil
610 994 764 1052 deterritus
789 993 906 1050 vulnere
927 991 1068 1067 proelium
1098 993 1153 1051 ciet
1180 1005 1223 1063 et,
1253 994 1322 1067 quia
1347 1012 1416 1051 suos
1438 1013 1495 1068 per·

438 1102 534 1158 culeos
557 1101 683 1170 videbat,
705 1099 825 1156 arcessit
846 1099 995 1157 cohortem
1016 1098 1147 1155 exsulum
1171 1101 1383 1168 Romanorum,
1406 1099 1449 1154 cui
1465 1099 1495 1155 L.

439 1206 592 1280 Tarquinii
611 1205 687 1262 tilius
715 1213 850 1279 praeerat.
894 1203 941 1260 Ea
973 1221 1031 1277 quo
1067 1203 1178 1260 maiore
1209 1204 1361 1280 pugnabat
1393 1202 1438 1259 ira
1462 1205 1495 1259 ob

438 1322 540 1386 erepta
559 1312 639 1368 bona
655 1310 839 1385 patriamque
858 1308 1036 1382 ademptam,
1057 1325 1185 1381 pugnam
1199 1327 1358 1384 parumper
1370 1309 1496 1366 restituit.

346 1423 392 1492 20
438 1416 641 1475 Referentibus
671 1415 729 1472 iam
759 1414 862 1489 pedem
894 1414 931 1469 ab
956 1431 992 1469 es
1013 1422 1096 1488 parte
1117 1414 1272 1484 Romanis,
1303 1414 1345 1472 M.
1368 1415 1496 1472 Valerius

439 1521 599 1579 Publicolae
630 1519 736 1588 frater,
769 1519 953 1594 conspicatus
985 1518 1112 1575 ferocem
1144 1519 1278 1576 iuvenem
1309 1521 1495 1594 Tarquinium

440 1636 633 1684 ostentantem
654 1643 686 1682 se
708 1624 739 1680 in
759 1624 855 1699 prima
877 1624 1009 1680 exsulum
1032 1624 1103 1695 acie,
1125 1624 1285 1682 domestica
1306 1625 1394 1683 etiam
1408 1626 1496 1701 gloria

410 1743 595 1802 2accensns‚
627 1740 669 1800 ut,
689 1730 770 1788 cuius
791 1728 910 1785 familia
932 1729 1019 1786 decus
1041 1729 1125 1786 eiecti
1147 1747 1231 1804 reges
1255 1740 1353 1801 erant,
1376 1731 1494 1788 eiusdem

440 1836 584 1894 interfecti
605 1834 715 1905 forent,
748 1836 847 1891 subdit
876 1834 1002 1892 calcaria
1034 1853 1110 1909 equo
1132 1845 1160 1890 et
1183 1835 1377 1909 Tarquinium
1399 1837 1495 1894 infesto

411 1941 552 2015 sepiculo
582 1941 663 2015 petit.
717 1940 896 2014 Tarquinius
927 1947 1005 1996 retro
1038 1939 1068 1994 in
1098 1957 1203 2014 agmen
1237 1958 1357 1998 snorum
1391 1943 1495 2000 infenso

442 2046 528 2102 cessit
548 2047 638 2116 hosti3
671 2045 821 2102 Valerium
848 2053 957 2102 temere
979 2045 1124 2102 invectum
1146 2044 1176 2102 is
1198 2046 1328 2103 exsulum
1353 2049 1443 2106 aciem
1465 2067 1495 2104 er

441 2159 608 2208 transverso
641 2150 759 2224 qnidam
788 2151 909 2206 adortus
932 2149 1089 2224 transfigit,
1126 2168 1179 2206 nec
1213 2150 1370 2225 quicquam
1400 2153 1495 2228 equitis

441 2255 562 2313 vnlnere
576 2275 652 2330 equo
673 2256 833 2325 retardato,
855 2253 1043 2312 moribundus
1057 2253 1218 2326 Romanus,
1239 2256 1404 2315 labentibus
1417 2277 1496 2333 super

413 2373 548 2434 4corpus
569 2361 673 2431 armis,
710 2361 750 2417 ad
770 2370 878 2418 terram
901 2359 1030 2417 defluxit.
1077 2360 1214 2418 Dictator
1234 2362 1403 2420 Postumius
1424 2372 1495 2438 post·

445 2485 532 2541 quam
554 2466 693 2523 cecidisse
713 2466 800 2522 talem
823 2465 932 2535 vuum,
964 2465 1081 2522 exsules
1111 2464 1246 2524 ferociter
1273 2468 1363 2525 citato
1390 2468 1495 2543 agmine

413 2571 550 2641 5invehi‚
572 2588 640 2626 suos
661 2571 811 2646 perculsos
832 2571 936 2628 cedere
961 2571 1174 2642 animadvertit,
1196 2573 1309 2630 cohorti
1325 2591 1396 2644 sua,
1416 2592 1494 2647 quam

444 2677 585 2733 delectam
608 2694 725 2732 manum
746 2675 873 2750 presidii
897 2693 986 2732 causa
1008 2676 1086 2734 circa
1105 2694 1138 2734 se
1153 2679 1288 2749 babebat,
1310 2679 1494 2755 dat—signum,

443 2791 484 2850 nt,
509 2800 594 2855 quem
617 2799 735 2838 suorum
752 2780 909 2855 fugientem
931 2781 1065 2851 viderint,
1087 2799 1141 2856 pro
1167 2783 1250 2840 hoste
1271 2785 1410 2845 habeant.
1455 2785 1494 2840 lta

444 2895 522 2942 metu
549 2885 667 2960 ancipiti
696 2886 774 2944 versi
805 2906 824 2945 a
852 2885 924 2960 iuga
951 2885 1077 2944 Romani
1105 2886 1136 2942 in
1165 2889 1278 2946 hostem
1315 2898 1344 2945 et
1373 2891 1494 2948 restituta

413 2992 530 3056 secies.
578 2989 691 3048 Cohors
714 2992 866 3048 dictatoris
886 3003 946 3048 tum
968 2991 1091 3065 primum
1114 2993 1253 3066 proelium
1278 2993 1354 3064 iniit3
1386 2997 1494 3072 integris

414 3097 615 3172 7corporibus
637 3096 799 3170 animisque
819 3095 913 3152 fessos
935 3096 1031 3153 adorti
1055 3098 1170 3154 exsules
1197 3100 1319 3156 caeduut.
1371 3101 1417 3158 Ibi
1445 3101 1494 3157 alie
1519 3147 1520 3180 ξ

442 3203 518 3260 iuter
537 3220 674 3278 proceres
694 3210 797 3257 coorta
810 3219 917 3276 pugna.
960 3201 1125 3275 Imperator
1142 3203 1270 3274 Latinus,
1291 3204 1341 3260 ubi
1357 3206 1493 3263 cohortem
1519 3185 1520 3231 ¹

443 3309 574 3365 exsulum
603 3328 622 3365 a
643 3307 786 3364 dictatore
805 3307 941 3362 Romano
970 3324 1063 3380 prope
1092 3306 1318 3365 circumventam
1348 3311 1435 3381 vidit,
1464 3327 1493 3365 ex

442 3413 621 3470 subsidiariis
643 3410 806 3487 manipulos
828 3409 942 3482 aliquot
962 3411 991 3466 in
1012 3411 1136 3484 primam
1164 3412 1255 3469 aciem
1290 3432 1387 3472 secum
1418 3414 1492 3488 rapit

413 3519 508 3581 8Hos
532 3517 648 3592 agmine
668 3515 814 3574 venientes
836 3516 874 3571 T.
897 3515 1065 3572 Herminius
1088 3515 1201 3592 legatus
1232 3518 1431 3592 conspicatus,
1457 3517 1492 3572 in·
1518 3528 1519 3599 t

442 3633 544 3697 terque
565 3641 615 3679 eos
636 3622 776 3696 insignem
798 3628 880 3676 veste
900 3619 1047 3694 armisque
1062 3621 1224 3679 Mamilium
1245 3623 1402 3694 noscitans,
1423 3630 1499 3680 tante

442 3727 472 3783 vi
499 3727 610 3784 maiore
636 3745 724 3800 quam
754 3724 842 3800 paule
871 3735 939 3781 aute
965 3725 1103 3799 magister
1129 3728 1257 3800 equitum
1284 3747 1349 3784 cum
1378 3727 1490 3786 hostium

412 3833 514 3894 9duce
534 3831 675 3907 proelium
699 3831 771 3902 iniit,
801 3839 834 3886 ut
856 3839 886 3888 et
908 3849 966 3887 uno
986 3830 1046 3888 ictu
1067 3831 1237 3888 transfixum
1258 3850 1311 3906 per
1331 3834 1407 3890 latus
1428 3829 1490 3888 occi·

443 3937 515 3993 derit
534 3936 696 3994 Mamilium
724 3945 754 3992 et
775 3936 839 4010 ipse
860 3936 935 3992 iuter
955 3934 1138 4009 spoliandum
1163 3953 1268 4011 corpus
1290 3939 1381 3995 hostis
1401 3945 1489 3995 veruto
1517 3933 1518 3940 ³

442 4058 610 4115 percussus,
637 4058 725 4114 quum
747 4040 892 4096 victorin
921 4051 1019 4096 castra
1039 4049 1115 4096 esset
1133 4040 1255 4111 relatus,
1284 4042 1359 4100 inter
1379 4043 1487 4117 primam

394 4156 428 4210 10
443 4146 619 4202 curationem
641 4145 842 4219 exspiraverit.
890 4146 966 4203 Tum
983 4146 1019 4202 ed
1036 4146 1147 4219 equites
1161 4144 1287 4205 dictator
1301 4148 1427 4215 advolat
1440 4145 1488 4202 ‘ob-

441 4259 560 4318 testans
580 4258 621 4318 ut,
642 4247 720 4305 fesso
741 4250 800 4306 iem
823 4250 929 4324 pedite,
958 4251 1134 4308 descendant
1160 4267 1198 4306 ex
1223 4252 1304 4326 equis
1327 4261 1355 4309 et
1376 4265 1486 4328 pugnem
