3392 5084
473 485 529 542 tat
740 479 818 532 uita
834 481 910 531 vm.
956 481 1004 544 (a.
1017 495 1042 528 u.
1057 483 1165 544 assa)

427 666 548 725 Graecos
567 674 671 724 cuncta
691 666 851 742 parabant3
878 677 907 724 et
936 665 994 746 alia
1026 685 1104 725 nova
1123 665 1194 722 nihil
1223 675 1284 722 mm
1306 666 1393 722 animo
1411 665 1458 722 tale

395 772 602 847 3agitantibus
630 783 814 831 accesserunt
838 772 978 832 auxilia'
1012 772 1124 830 Lucani
1146 779 1234 846 atque
1256 771 1352 846 Apuli,
1372 771 1458 845 quibus

425 878 558 954 gentibus
579 878 651 937 nihil
681 879 719 935 ad
740 898 804 936 eam
831 879 907 935 diem
935 860 999 935 cum
1021 865 1155 936 Romano
1177 878 1287 953 populo
1315 877 1414 946 fuerat,
1436 877 1459 932 in

426 984 511 1042 tidem
533 995 687 1055 venerunt,
716 1003 799 1042 mma
819 984 956 1058 virosque
977 983 1015 1040 ad
1036 983 1143 1041 bellum
1166 983 1346 1058 pollicentem
1370 982 1459 1040 foedare

396 1095 495 1166 tergo
516 1090 546 1147 in
568 1091 722 1149 amicitiam
744 1089 865 1164 accepti.
912 1089 1023 1148 Eodem
1050 1103 1181 1168 tempore
1202 1090 1288 1148 etiam
1311 1090 1340 1146 in
1361 1088 1459 1147 Sannio

426 1215 473 1253 res
504 1215 642 1272 prospere
673 1206 765 1272 gesta.
822 1194 895 1251 Tria
927 1196 1036 1272 oppida
1065 1197 1096 1254 in
1128 1205 1301 1273 potestatam
1333 1205 1460 1262 venerunt,

426 1294 534 1373 Allifae,
555 1301 683 1371 Callifae,
704 1299 853 1369 Rufrium,
882 1301 1014 1376 aliusque
1043 1320 1112 1378 ager
1140 1283 1235 1379 primo'
1259 1304 1383 1360 adventu
1407 1319 1460 1358 oon-

395 1408 520 1466 5sulurn
546 1408 633 1482 longe
657 1407 774 1480 lateque
803 1415 848 1462 est
876 1417 1071 1481 pervastatus.
1126 1409 1193 1466 Hoc
1223 1408 1299 1466 bello
1326 1417 1383 1465 tam
1407 1425 1461 1481 pro·

426 1533 510 1590 spere
530 1513 693 1583 commisso,
717 1513 800 1569 alteri
822 1531 939 1588 quoque
959 1505 1045 1586 bello,
1068 1533 1126 1590 quo
1148 1514 1245 1592 Graeci
1268 1514 1461 1578 obsidebantur,

425 1621 484 1678 iam
504 1621 569 1677 finis
594 1619 702 1676 aderat.
749 1618 828 1706 llam
857 1629 1049 1695 preterquam
1079 1622 1157 1697 quod
1186 1621 1357 1695 intersaeptis
1387 1618 1461 1675 muni·

357 1778 360 1787 ,
426 1726 529 1783 mentis
557 1725 683 1784 hostium
714 1742 783 1799 pars
817 1726 896 1801 parti
923 1727 1037 1786 abscisa
1068 1737 1144 1797 erat,
1177 1727 1303 1784 foediora
1334 1727 1461 1800 aliquanto

395 1832 413 1887 6
426 1832 502 1889 intra
515 1848 614 1888 nturos
627 1830 678 1898 iis,
700 1830 804 1904 quibus
819 1831 911 1889 hostis
926 1833 1094 1903 territabat,
1121 1831 1337 1910 [patiebantur]
1355 1839 1382 1890 et
1399 1830 1462 1887 velut

426 1939 504 2014 capti
525 1957 544 1993 a
564 1935 684 1992 summat
707 1935 762 2010 ipsi
783 1937 924 2010 praesidiis
945 1938 1065 2015 indigna
1082 1940 1140 1996 iam
1161 1937 1298 1995 inliberis
1312 1955 1420 2012 quoque
1436 1953 1462 1991 ac

427 2044 610 2118 coniugibus,
642 2051 672 2097 et
699 2060 763 2115 quta
798 2052 948 2117 captarum
976 2045 1089 2103 urbium
1122 2053 1252 2102 extrema
1279 2052 1359 2111 sunt,
1388 2041 1462 2116 patie-

395 2150 541 2208 7bantur.
585 2143 690 2222 Itaque
719 2166 806 2222 quum
833 2157 862 2204 et
887 2160 906 2204 e
934 2150 1063 2206 Tarento
1095 2160 1124 2206 et
1152 2168 1171 2206 a
1197 2149 1374 2208 Samnitibus
1398 2147 1463 2205 lama

426 2266 502 2312 esset
521 2273 600 2312 nova
620 2253 730 2310 auxilia
751 2263 882 2323 ventura,
905 2253 1076 2312 Samnitium
1098 2256 1173 2332 plus,
1196 2275 1285 2330 quam
1302 2255 1411 2324 vellant,
1428 2254 1462 2308 in·
1508 2231 1509 2256 ³

395 2361 472 2418 Stra
500 2360 606 2418 moenia
633 2377 696 2416 esse
721 2359 874 2432 rebantur,
910 2362 1134 2420 Tarentinorum
1162 2363 1357 2430 iuventutem,
1384 2359 1463 2419 Greci

427 2466 561 2529 Graecos,
589 2448 667 2522 haud
689 2465 782 2522 minus
811 2486 864 2541 per
886 2483 958 2541 quos
981 2467 1104 2526 Samniti
1125 2467 1302 2543 Nolanoque
1334 2486 1414 2542 quam
1439 2475 1465 2521 ut
1507 2521 1508 2540 2

426 2572 565 2628 Romanis
586 2572 718 2629 hostibus
738 2573 921 2641 resisterent,
945 2574 1166 2648 exspectabant3
1193 2581 1342 2646 postremo
1370 2573 1464 2630 levissi-

394 2680 503 2735 9mum
539 2678 680 2734 malorum
717 2677 823 2734 deditio
861 2678 899 2734 ad
934 2679 1083 2748 Romanos
1124 2677 1198 2734 visa.
1265 2677 1412 2736 Charilaus
1441 2687 1465 2733 et

424 2784 589 2858 Nymphius
622 2783 767 2858 princi-pes
797 2782 921 2840 civitatis
959 2783 1170 2841 communicato
1195 2783 1272 2840 inter
1301 2803 1332 2842 se
1363 2783 1464 2842 consilio
1506 2843 1507 2850 ἶ

423 2900 521 2965 partes
554 2889 594 2946 ad
629 2907 690 2945 rem
729 2888 871 2964 agendam
910 2889 1046 2957 divisere,
1081 2897 1113 2946 ut
1149 2888 1222 2945 alter
1256 2891 1294 2946 ad
1326 2892 1465 2967 imperate-

423 3014 485 3052 rem
506 2997 703 3052 Romanorum
725 2993 928 3069 transfugeret,
957 2995 1030 3052 alter
1050 2995 1218 3052 subsisteret
1238 2996 1277 3053 ad
1299 2997 1462 3072 praebendam

376 3103 410 3157 10
424 3109 616 3176 opportunam
638 3100 758 3157 consilio
780 3100 889 3160 urbem.
933 3098 1085 3158 Charilaus
1106 3100 1169 3172 fuit,
1195 3101 1244 3176 qui
1267 3103 1304 3159 ad
1326 3101 1462 3160 Publilium

424 3207 581 3264 Philonem
598 3207 679 3264 venit
699 3215 737 3276 et,
760 3208 838 3281 quod
868 3208 984 3276 bonum,
1016 3205 1153 3278 faustum,
1174 3206 1245 3264 felix
1266 3205 1462 3284 Palaepolitanis
1505 3206 1506 3234 l

377 3316 406 3370 ll
424 3313 589 3388 populoque
606 3315 740 3372 Romano
763 3322 847 3390 esset,
868 3313 982 3369 tradere
1008 3331 1039 3369 se
1059 3314 1101 3370 ait
1120 3314 1227 3370 moenia
1250 3315 1390 3371 statuisse.
1427 3311 1461 3367 Eo

423 3417 501 3475 facto
524 3429 619 3475 utrum
645 3420 683 3475 ab
704 3437 737 3475 se
758 3419 875 3498 prodita
896 3437 933 3474 an
955 3426 1072 3475 servata
1092 3419 1189 3494 patria
1209 3419 1350 3491 videatur,
1372 3420 1398 3476 in
1417 3415 1461 3473 fide

422 3523 559 3580 Romana
578 3524 703 3598 positum
733 3543 806 3582 esse.
861 3523 923 3583 Sibi
951 3523 1086 3598 privat-im
1114 3543 1167 3583 nec
1192 3525 1301 3600 pacisci
1325 3523 1459 3599 quicquam

375 3602 410 3684 lt
423 3646 476 3685 nec
499 3639 610 3702 petere3
642 3631 756 3706 publice
777 3641 876 3706 patere
898 3649 984 3704 quam
1006 3630 1113 3704 pacisci
1136 3632 1238 3706 magis,
1261 3639 1302 3699 ut,
1323 3630 1459 3686 sisuoces-

423 3735 508 3791 sisset
527 3735 657 3810 inceptis,
679 3737 820 3812 cogitaret
840 3737 965 3812 populus
986 3737 1136 3793 Romanus
1158 3737 1264 3812 potius,
1285 3753 1348 3793 cum
1369 3741 1458 3808 quanto

423 3841 518 3898 studio
532 3841 749 3926 ‘periculoque'
767 3842 889 3899 reditum
917 3842 947 3898 in
978 3841 1133 3898 amicitiam
1166 3859 1249 3898 suam
1271 3850 1358 3908 esset,
1388 3853 1457 3912 quam

375 3945 410 4000 13
424 3965 482 4020 qua
503 3947 625 4006 stultitia
646 3956 674 4003 et
695 3948 856 4005 temeritate
873 3948 909 4004 de
924 3946 1020 4004 officio
1034 3948 1193 4006 decessum.
1236 3943 1415 4003 Collaudatus
1428 3940 1456 3996 ab

424 4051 599 4127 imperatore
622 4054 679 4110 tria
705 4053 796 4111 millia
825 4053 946 4109 militurn
976 4053 1014 4109 ad
1044 4053 1243 4128 occupandam
1273 4071 1336 4110 eam
1365 4057 1456 4126 partem

425 4157 517 4227 urbis,
555 4177 642 4232 quam
673 4158 817 4216 Samnites
848 4158 1026 4226 insidebant,
1062 4158 1188 4233 aceepit3
1223 4157 1355 4234 praesidio
1384 4155 1407 4212 ei
1430 4150 1455 4207 L.

326 4253 371 4322 26
427 4262 577 4333 Quinctius
607 4263 739 4320 tribunus
772 4262 892 4320 militum
920 4263 1099 4338 paepositus.
1151 4263 1264 4321 Eodem
1297 4263 1456 4338 temporati
