3392 5084
430 476 433 481 ’
532 516 610 563 neser
629 514 660 561 v.
700 515 744 577 (a.
760 512 807 563 ou.
821 517 895 576 seo.)
1145 518 1202 572 307

209 696 248 763 nis,
267 706 433 771 recuperata
454 698 539 769 urbe,
558 698 612 756 arx
636 716 752 773 quoque
782 708 811 757 et
832 696 1008 774 Capitolium
1030 699 1191 768 deseretur,
1218 710 1247 755 et

208 800 256 874 plus
275 800 415 859 vastitatis
444 802 511 859 huic
540 800 605 860 urbi
626 804 753 861 secunda
781 814 882 862 nostra
902 803 1020 861 fortuna
1039 801 1136 871 faciet,
1158 822 1245 878 quam

207 905 307 961 adversa
339 904 433 962 iecit?
466 907 626 981 Equidem,
660 908 685 965 si
716 910 800 967 nobie
824 928 896 967 eum
926 909 997 965 urbe
1028 908 1115 965 simul
1145 906 1276 983 positast

208 1008 350 1083 traditaque
384 1029 439 1085 per
472 1030 574 1069 manus
592 1013 762 1089 'religiones
795 1014 882 1071 nullm
913 1023 1023 1083 essent,
1055 1025 1152 1070 tamen
1186 1023 1246 1073 tam

206 1115 300 1172 evidens
321 1134 429 1175 numen
452 1120 507 1176 hac
535 1127 706 1195 tempestate
734 1120 820 1177 rebus
842 1118 927 1176 affuit
946 1119 1103 1188 Romanis,
1131 1127 1164 1176 ut
1184 1137 1246 1175 orn·

206 1240 253 1277 nem
278 1222 483 1297 negligentiam
512 1222 602 1279 divini
629 1225 722 1282 cultus
751 1232 916 1300 exemptam
944 1223 1108 1281 hominibus
1139 1233 1245 1299 putem.

206 1327 336 1384 Intuemini
359 1328 436 1384 enim
459 1329 562 1385 horum
585 1329 719 1405 deinceps
742 1348 883 1387 annorum
903 1329 951 1386 vel
969 1330 1112 1387 secandas
1132 1348 1179 1387 res
1200 1330 1277 1387 vel5

205 1432 332 1501 adversam
353 1432 508 1490 invenietis
530 1435 630 1492 omnia
639 1454 787 1511 rproepere
808 1436 939 1493 evenisse
960 1436 1144 1510 sequentibus
1166 1437 1246 1507 deos,

204 1538 304 1619 adversa
331 1540 545 1616 spernentibus.
600 1540 664 1599 Iam
699 1541 825 1599 omnium
853 1541 977 1615 primum
1000 1541 1108 1598 Veiens
1139 1542 1276 1601 bellumd

203 1662 241 1717 per
256 1656 322 1720 quot
341 1634 448 1718 annos,
471 1655 579 1721 quanto
594 1644 695 1705 labore
716 1646 850 1721 gestum?
872 1647 941 1705 Non
963 1657 1030 1705 ante
1051 1646 1127 1721 oepit
1147 1648 1244 1715 linem,

203 1770 269 1824 quam
289 1752 403 1809 monitu
425 1752 544 1810 deorum
562 1770 640 1829 aque
661 1773 697 1810 ex
720 1754 786 1811 lacu
809 1752 927 1810 Albano
942 1752 1049 1810 emissa
1070 1761 1122 1812 est.
1167 1752 1273 1826 Quid?

202 1862 246 1918 beo
264 1860 379 1917 tandem
405 1859 483 1917 urbis
505 1868 611 1917 nostrae
639 1860 737 1917 clades
757 1856 856 1915 nova?
881 1876 950 1915 num
973 1868 1040 1917 ante
1063 1871 1167 1918 exorta
1192 1867 1245 1949 est,

202 1988 269 2041 qnam
294 1964 396 2044 spreta
426 1985 486 2025 vox
515 1966 585 2023 caelo
614 1966 720 2024 emissa
748 1965 784 2021 de
806 1965 932 2023 adventu
954 1966 1124 2036 Gallorum,
1157 1986 1245 2042 quam

200 2075 304 2148 gentium
326 2076 373 2133 ius
399 2076 436 2131 ab
457 2072 561 2149 legatis
581 2074 689 2130 nostris
709 2073 864 2142 violatum,
886 2090 974 2145 quam
997 2091 1015 2127 a
1036 2074 1134 2143 nobis,
1157 2092 1244 2148 quum

201 2180 318 2238 vindicari
349 2182 486 2252 deberet,
517 2180 618 2237 eadem
646 2179 822 2255 negligentia
852 2180 970 2235 deorum
1000 2179 1244 2254 praetermissum?

199 2284 272 2360 Igitur
294 2288 365 2345 victi
388 2286 525 2362 captique
551 2304 586 2343 ao
606 2285 747 2360 redempti
768 2292 878 2341 tantum
901 2302 1052 2358 poenarum
1074 2285 1128 2342 diis
1150 2281 1273 2343 homi-8

199 2391 318 2467 uibusque
338 2392 483 2463 dedimus,
504 2401 537 2448 ut
557 2400 699 2449 terrerum
722 2390 784 2447 orbi
807 2389 980 2446 documento
1000 2409 1136 2447 essemus.
1179 2392 1242 2448 Ad·

200 2512 271 2553 versa
300 2498 407 2556 deinde
438 2514 486 2555 res
515 2497 727 2554 admonuerunt
752 2495 934 2571 religionum.
994 2494 1186 2570 Confugimus
1215 2494 1275 2552 int

200 2599 356 2675 Capitolium
382 2602 420 2659 ad
442 2603 528 2671 deos,
552 2601 590 2658 ad
611 2603 708 2659 sedem
723 2602 811 2681 ¹Iovis
832 2600 933 2675 optimi
955 2601 1088 2669 maximi3
1110 2619 1194 2659 secra
1215 2602 1244 2657 in

199 2707 264 2763 ruina
289 2726 389 2765 rerum
424 2715 589 2764 nostrerum
612 2707 670 2764 alia
698 2718 775 2764 terra
796 2706 967 2774 celavimus,
997 2706 1056 2763 alia
1085 2715 1189 2763 avecta
1216 2706 1245 2762 in

200 2810 313 2870 finitimas
335 2815 426 2871 urbes
448 2812 611 2870 amovimus
634 2813 671 2869 ab
693 2812 817 2868 hostium
846 2811 950 2880 oculis,
979 2812 1099 2868 deorum
1129 2812 1246 2882 cultum,

201 2914 285 2975 deserti
307 2920 345 2976 ab
370 2918 426 2975 diis
448 2918 680 2991 hominibusque,
710 2926 807 2974 tamen
828 2934 886 2973 non
908 2917 1122 2977 intermisimus.
1168 2918 1245 2974 Red-
1261 2915 1296 2968 10

200 3019 279 3080 didere
306 3024 398 3099 igitur
426 3023 551 3099 patriam
583 3031 611 3079 et
639 3022 790 3079 victoriam
823 3030 852 3078 et
880 3023 1029 3097 antiquum
1062 3023 1130 3079 belli
1159 3024 1246 3081 decus

200 3127 327 3199 amissum,
356 3138 387 3185 et
409 3129 439 3185 in
461 3128 569 3198 hostes,
592 3127 640 3201 qui
663 3128 730 3184 oaeci
752 3127 876 3185 avaritia
896 3128 926 3184 in
947 3129 1075 3203 pondere
1098 3128 1161 3184 auri
1192 3127 1244 3184 foe-

200 3229 240 3286 dus
258 3252 290 3289 ac
308 3235 398 3291 fidem
420 3232 597 3303 fefellerunt,
628 3241 774 3289 verterunt
796 3242 936 3290 terrorem
957 3232 1116 3306 fugamque
1137 3240 1166 3288 et
1189 3250 1242 3288 cae·

200 3335 256 3397 dem.
302 3341 377 3397 Haec
399 3339 469 3397 oulti
489 3338 670 3413 neglectique
690 3338 813 3395 numinis
834 3346 917 3395 tanta
939 3346 1086 3395 momenta
1106 3337 1136 3393 in
1156 3338 1242 3394 rebus
1296 3323 1341 3393 52

200 3439 312 3502 humanis
334 3453 487 3503 cernentes
516 3442 620 3519 ecquid
641 3443 766 3512 sentitis,
794 3443 934 3515 Quirites,
965 3453 1103 3516 quantum
1125 3443 1243 3499 vixdum

202 3562 213 3599 e
230 3550 383 3627 naufragiis
405 3548 513 3626 prioris
527 3548 618 3623 onlpae
640 3548 787 3621 cladisque
801 3556 979 3623 emergentes
993 3566 1129 3623 paremus
1143 3548 1247 3607 nefas?

202 3650 293 3713 Urbem
328 3657 484 3731 auspicato
516 3655 747 3727 inauguratoque
783 3653 928 3711 conditam
960 3655 1115 3725 habemus;
1154 3649 1278 3711 nullust

202 3757 265 3817 locus
285 3763 313 3819 in
336 3782 374 3820 ee
396 3778 456 3818 non
485 3760 656 3833 religionum
687 3759 866 3834 deorumque
892 3768 935 3817 est
955 3760 1072 3835 plenus;
1102 3762 1249 3818 sacrificiis

203 3865 372 3947 sollemnibus
395 3886 455 3925 non
481 3864 542 3922 dies
567 3866 660 3939 magis
682 3866 750 3922 steti
773 3884 859 3940 quam
881 3866 947 3923 loca
975 3875 1057 3937 sunt,
1086 3867 1115 3923 in
1146 3866 1250 3941 quibus

203 3969 264 4031 iant.
310 3974 377 4032 Hoe
401 3990 503 4029 omnes
524 3970 594 4028 deos
618 3971 749 4045 publicos
770 3970 968 4045 privatosque,
991 3970 1133 4044 Quirites,
1155 3970 1282 4031 deser-3

203 4076 246 4133 turi
266 4079 350 4137 estis?
374 4079 472 4153 Quam
495 4094 550 4153 par
569 4084 696 4133 vestrum
717 4074 825 4133 factum
841 4077 867 4132 ei
886 4084 939 4146 est,
962 4076 1039 4151 quod
1060 4076 1090 4133 in
1105 4076 1257 4134 obsidione

204 4196 279 4257 nuper
298 4186 328 4243 in
351 4183 472 4261 egregio
498 4182 695 4251 adolescente,
718 4180 752 4239 C.
774 4180 884 4251 Fabio,
911 4200 970 4239 non
996 4180 1107 4238 minore
1130 4182 1255 4239 hostium

206 4287 379 4349 admiratione
409 4308 500 4365 quarn
523 4298 622 4346 vestra
644 4293 829 4365 conspectum
854 4297 910 4357 eet,
933 4306 1021 4361 quum
1045 4286 1121 4344 inter
1142 4286 1258 4344 Gallica

206 4392 250 4449 tela
269 4397 422 4471 degressus
446 4414 484 4451 ex
507 4412 573 4451 arce
599 4390 740 4475 sollemne
761 4392 865 4447 Febiae
893 4392 985 4464 gentis
1008 4391 1037 4447 in
1066 4392 1139 4449 colle
1162 4392 1258 4465 Qniri-
