3392 5084
454 505 514 562 240
648 507 652 518 “
707 501 836 550 LiberX.
865 502 1160 566 (Laetos—tat.)

409 687 500 746 fue„
520 687 559 743 au
580 685 729 760 poputum,
750 685 781 741 nr
801 686 897 755 sures
918 665 1222 761 suspensurum
1236 687 1375 744 usuum
1388 685 1475 760 pur,

410 794 503 870 legem
524 791 730 866 impeditum„
761 790 942 848 voluntatem
968 791 1024 848 eui
1051 810 1088 849 ac
1116 791 1251 849 favorem
1271 789 1474 848 comentienfis

361 899 397 954 tt
410 897 511 973 populi
538 915 592 971 pro
620 895 755 952 omuibus
782 895 870 952 iussis
896 912 963 952 esse
993 913 1028 952 ac
1054 895 1164 955 futura.
1217 898 1407 970 Posteroque
1431 895 1474 950 dic

410 1001 519 1058 auxilio
541 1001 722 1056 tribunorum
743 997 835 1074 plebis
849 1000 939 1056 trium
950 1001 1093 1057 advenas
1112 1002 1353 1060 intercessionem
1366 1011 1472 1074 septus

409 1107 591 1162 tribunorum
625 1114 654 1160 et
690 1123 863 1164 consensum
901 1117 1020 1162 senatus
1051 1105 1217 1162 celebrante
1248 1107 1362 1182 populo
1401 1106 1471 1162 diem

409 1211 606 1286 triumphavit.

360 1318 396 1372 13
492 1317 533 1374 Et
553 1315 639 1372 huius
660 1315 728 1370 anni
749 1333 855 1389 parum
875 1326 1012 1372 constans
1032 1317 1174 1374 memoria
1194 1328 1249 1375 cst.
1292 1317 1471 1374 Postumium

410 1433 512 1480 auctor
540 1431 585 1478 est
612 1419 762 1489 Claudius,
791 1420 822 1476 in
849 1420 972 1478 Samnio
1002 1421 1096 1495 captis
1128 1421 1244 1494 aliquot
1275 1422 1414 1488 urbibus,
1443 1421 1471 1476 in

408 1526 520 1601 Apulia
539 1525 636 1582 insum
656 1524 864 1599 fugatumque,
892 1526 1023 1582 mucium
1051 1527 1146 1600 ipsum
1168 1545 1236 1582 cum
1255 1525 1362 1600 paucis
1384 1525 1472 1582 Luce

409 1631 482 1688 riam
515 1630 712 1704 compulsum
744 1630 782 1686 ab
803 1629 898 1686 Atilio
923 1630 955 1686 in
983 1631 1105 1688 Etrmia
1130 1649 1179 1687 res
1205 1639 1322 1704 gestas,
1351 1648 1471 1702 eumque

361 1738 396 1791 tt
409 1736 613 1809 triumphasse.
656 1735 767 1792 Fabius
790 1736 878 1790 ambo
899 1734 1033 1791 musculas
1060 1736 1093 1791 in
1117 1734 1239 1794 Samnio
1266 1745 1299 1790 et
1322 1735 1364 1791 ad
1384 1735 1471 1791 Luce·

408 1843 482 1897 riam
504 1859 550 1898 res
572 1841 697 1914 gessisse
717 1839 831 1908 scribit,
851 1839 1075 1912 traductumque
1094 1841 1125 1896 in
1144 1841 1298 1898 Etruriam
1317 1840 1470 1896 exercitum

409 1947 474 2018 (sed
495 1948 532 2002 ab
556 1959 622 2002 utro
643 1944 771 2012 censius,
797 1963 858 2000 non
885 1942 1013 2017 adiicit),
1042 1955 1073 1999 et
1098 1946 1138 2002 ad
1159 1945 1315 2002 Luceriam
1341 1944 1472 2017 utrinque

359 2050 665 2119 lumnicensem,
695 2050 784 2123 inque
810 2069 846 2106 ea
873 2067 972 2123 pugna
995 2049 1077 2105 Iovis
1101 2049 1229 2108 Statoris
1249 2051 1343 2107 aedem
1366 2062 1471 2116 votam,

297 2188 301 2200 ι
409 2167 441 2216 ut
462 2157 605 2216 Romulus
626 2165 693 2213 ante
720 2165 858 2222 voverat3
890 2153 944 2209 sed
970 2152 1072 2211 fanum
1099 2165 1230 2225 mamm,
1260 2155 1293 2211 id
1322 2164 1368 2212 est
1392 2154 1471 2210 locus

358 2263 395 2319 16
408 2262 517 2338 templo
547 2260 662 2328 effatus,
690 2259 801 2328 fuerat;
833 2271 961 2316 cetemm
987 2260 1045 2316 hoc
1065 2260 1182 2316 demum
1210 2279 1306 2328 anno,
1331 2269 1367 2316 ut
1384 2259 1471 2315 aedem

408 2370 496 2425 ctiam
516 2366 579 2422 fieri
592 2375 710 2422 senatus
724 2365 846 2430 iuberet,
867 2364 913 2420 bis
926 2365 1056 2422 dusdcm
1069 2365 1132 2421 voti
1145 2365 1290 2422 damnata
1301 2384 1336 2422 rc
1348 2364 1471 2440 putico,

406 2473 436 2530 iu
456 2472 625 2546 religionem
645 2469 734 2527 venit.

235 2655 258 2701 Δ
314 2569 385 2703 3861
491 2576 628 2650 Sequitur
660 2576 737 2632 hunc
770 2593 878 2632 aunum
907 2583 938 2630 et
970 2572 1072 2629 consul
1099 2572 1237 2647 insignis,
1269 2573 1307 2630 L.
1337 2570 1470 2646 Papirius

261 2663 352 2706 ,ΚΕΛ
390 2694 396 2703 ,

236 2722 395 2775 A.Ch.293.

408 2681 531 2747 Cursor,
553 2679 879 2755 quapatcrnagloria,
900 2697 1050 2753 quasue,
1076 2690 1106 2734 et
1127 2677 1234 2734 bellum
1256 2678 1360 2751 ingens
1382 2675 1471 2732 victo

408 2787 524 2860 risque,
557 2794 697 2858 quautam
720 2785 757 2840 de
779 2785 958 2844 Samnitibus
983 2801 1069 2842 nemo
1102 2783 1141 2838 ad
1167 2800 1234 2838 eam
1262 2783 1342 2838 diem
1369 2792 1472 2856 prater

378 2891 446 2948 aL.
468 2890 629 2964 Papirium,
650 2901 763 2964 patrem
779 2890 915 2958 consulis,
936 2900 1099 2963 pepererat.
1142 2886 1183 2942 Et
1200 2885 1280 2944 forte
1300 2886 1402 2942 codem
1423 2905 1471 2944 co·

408 3005 479 3050 natu
501 3007 703 3068 apparatuque
730 2996 809 3052 omui
837 2993 987 3068 opulentia
1007 2991 1164 3066 insignium
1191 3011 1342 3048 armorum
1368 2991 1471 3048 bellum

409 3099 623 3155 adornaverant
644 3109 673 3154 et
693 3099 812 3155 deorum
835 3099 923 3156 etiam
945 3097 1138 3155 adhibuerant
1157 3115 1245 3172 opes,
1266 3097 1327 3152 ritu
1347 3097 1470 3170 quodam

408 3204 584 3259 sacramenti
604 3213 720 3259 vetusto
741 3203 821 3260 velut
840 3205 961 3260 initiatis
982 3202 1129 3260 militibus.
1176 3201 1296 3258 Dilectu
1317 3221 1372 3276 per
1388 3220 1472 3258 omne

378 3309 560 3366 3Samnium
582 3309 683 3365 habito
704 3327 784 3364 nova
803 3308 883 3382 lege,
903 3319 945 3378 ut,
966 3309 1017 3382 qui
1037 3307 1184 3363 iuniorum
1210 3325 1271 3362 nou
1293 3308 1474 3364 convenisset

410 3414 447 3468 ad
470 3413 679 3486 imperatorum
702 3412 842 3478 edictum,
874 3414 983 3486 quique
1006 3412 1118 3468 iniussu
1144 3410 1271 3481 abisset,
1299 3423 1389 3487 caput
1410 3410 1474 3468 Iovi

378 3525 582 3582 tractaretur,
607 3517 750 3574 exercitus
772 3517 867 3574 omnis
879 3517 1074 3590 Aquiloniam
1096 3526 1141 3572 est
1160 3516 1298 3576 indictus,
1336 3517 1389 3574 Ad
1403 3535 1473 3590 qua·

408 3620 543 3694 draginta
564 3621 655 3677 millia
678 3619 814 3687 militum,
846 3623 928 3694 quod
954 3622 1070 3678 roboris
1097 3622 1128 3676 iu
1152 3621 1277 3678 Samnio
1300 3631 1380 3689 erat,
1408 3639 1473 3676 cou-

379 3735 558 3787 5venerunt.
601 3726 649 3782 lbi
668 3725 771 3782 mediis
790 3724 853 3782 iere
873 3727 978 3784 castris
995 3726 1076 3784 locus
1097 3736 1144 3782 est
1160 3735 1329 3799 conseptus
1349 3726 1474 3782 cratibus

408 3828 571 3903 pluteisque
592 3839 622 3884 et
643 3829 739 3886 linteis
760 3839 924 3898 contectus,
949 3839 1054 3903 pateus
1074 3832 1216 3888 ducentos
1236 3829 1369 3888 maxime
1389 3831 1475 3905 pedes

378 3934 438 3998 §in
462 3951 562 3990 omncs
582 3934 692 4008 pariter
712 3945 819 4008 partes.
862 3935 910 3991 lui
929 3953 967 3990 ex
980 3935 1056 3991 libro
1077 3945 1177 3994 vetere
1188 3935 1281 3992 linteo
1294 3936 1373 3994 lecto
1388 3935 1476 3992 sacri-

408 4039 535 4104 ficatum,
556 4039 707 4094 sacerdote
729 4038 806 4095 Ovio
830 4039 940 4096 Paccio
962 4041 1102 4112 quodam,
1122 4040 1242 4096 homine
1262 4059 1375 4116 magno
1398 4051 1477 4106 natu,

409 4141 459 4212 qui
484 4159 517 4198 se
541 4142 573 4198 id
601 4161 717 4200 sacrum
741 4153 874 4217 repetere
901 4144 1071 4202 affirmata
1096 4165 1135 4201 ex
1161 4156 1282 4202 vetusta
1301 4145 1477 4237 §munitium

409 4245 562 4320 religione,
592 4265 652 4320 qua
681 4248 828 4321 qnondam
860 4249 907 4305 usi
935 4249 1062 4306 maiores
1084 4268 1185 4306 corum
1213 4250 1358 4320 fuissent,
1390 4269 1479 4325 quum
