3392 5084
503 509 559 566 112
737 506 815 556 moer
832 503 909 558 vm.
946 505 1229 570 (anana-ms.)

457 691 662 752 consulendum
683 699 814 767 potestas
834 698 926 760 esset3
952 699 1079 748 vestrum
1100 699 1145 748 est
1165 692 1323 762 decernere,
1345 693 1411 766 quid
1431 694 1495 767 opti-

363 789 403 858 ll
456 815 535 855 mum
557 797 640 854 robis
660 797 761 872 reique
782 796 904 874 publica
925 797 992 854 sit.“
1036 797 1186 873 Principes
1208 807 1324 855 senatus
1345 798 1495 856 relationem

456 901 581 960 consulis
605 902 642 960 de
662 921 776 960 summa
795 922 893 960 rerum
913 902 1043 976 laudare,
1074 903 1141 973 sed,
1163 921 1251 978 quum
1280 903 1402 960 aliorum
1422 923 1497 960 causa

456 1008 515 1065 alia
535 1016 619 1079 esset,
649 1009 692 1065 ita
712 1009 842 1083 expediri
864 1026 952 1085 possa
973 1008 1122 1066 consilium
1145 1009 1249 1080 dicere,
1278 1018 1310 1066 ut
1334 1028 1387 1085 pro
1410 1009 1497 1066 merito

456 1114 593 1187 cuiusque
614 1122 797 1184 statueretur,
817 1114 842 1170 si
864 1115 900 1172 de
914 1113 1034 1190 siugulis
1051 1113 1222 1172 nominatim
1235 1115 1378 1174 referrent
1390 1115 1497 1190 populis

426 1218 590 1278 2Relatum
621 1220 710 1294 igitur
736 1220 773 1276 de
798 1219 918 1295 singulis
954 1222 1167 1295 decretumque.
1220 1221 1382 1278 Lanuvinis
1414 1220 1498 1276 civitas

455 1326 526 1382 data
545 1343 688 1400 sacraque
709 1344 763 1383 sua
783 1325 896 1382 reddita
918 1343 982 1382 cum
1008 1345 1053 1396 eo,
1080 1333 1111 1382 ut
1132 1326 1208 1384 aedes
1228 1327 1371 1401 lucusque
1393 1325 1498 1400 Sospite

455 1431 575 1488 Iunonis
596 1431 755 1488 communis
777 1431 936 1488 Lanuvinis
957 1432 1147 1507 municipibus
1169 1450 1234 1489 oum
1255 1432 1369 1508 populo
1383 1435 1498 1490 Romano

426 1535 541 1594 desset.
584 1535 711 1593 'Aricini
743 1537 978 1611 Nomentanique
1018 1547 1047 1594 et
1078 1537 1190 1594 Pedani
1222 1539 1325 1596 eodem
1354 1539 1424 1608 iure,
1454 1557 1498 1612 quo

427 1641 609 1712 4Laourini,
642 1641 672 1698 iu
706 1641 850 1698 civitatem
874 1643 993 1718 accepti.
1049 1643 1222 1701 Tusculanis
1255 1653 1378 1701 servata
1405 1645 1497 1701 civitas

456 1768 542 1823 quam
573 1748 738 1817 habebant,
772 1747 936 1822 crimenque
969 1748 1131 1806 rebellionis
1160 1767 1179 1805 a
1205 1750 1325 1824 publica
1357 1750 1455 1808 fraude
1477 1750 1497 1805 ir

426 1854 564 1929 ipoocos
597 1863 730 1910 auctores
761 1869 886 1914 versum.
940 1854 976 1910 In
997 1852 1178 1926 Veliternos,
1211 1865 1328 1913 veteres
1359 1856 1435 1914 cives
1452 1859 1497 1914 Ro·

454 1978 573 2028 manos,
605 1958 683 2032 quod
712 1959 798 2015 toties
818 1958 1022 2030 rebellassent,
1054 1960 1182 2034 graviter
1208 1962 1361 2020 saevitum:
1394 1971 1423 2018 et
1441 1959 1497 2018 muri

455 2064 572 2133 deiecti,
601 2073 630 2120 et
651 2072 767 2120 senatus
788 2063 856 2120 inde
878 2064 1018 2122 abductus
1047 2065 1173 2141 iussique
1204 2076 1286 2125 trans
1310 2067 1440 2124 Tiberim
1459 2067 1497 2121 ha·
1522 2135 1524 2144 Ι

426 2169 616 2256 dbitare,·ut
637 2170 712 2238 eius,
742 2169 791 2242 qui
815 2168 856 2241 cis
877 2169 1006 2228 Tiberim
1036 2171 1229 2246 deprehensus
1252 2182 1340 2244 esset,
1363 2170 1495 2247 usquead
1523 2241 1524 2246 η

455 2277 533 2333 mille
562 2276 669 2332 assium
693 2275 843 2350 clarigatio
874 2285 963 2350 esset,
991 2293 1044 2333 nec
1072 2279 1243 2352 priusquam
1277 2295 1337 2336 aere
1370 2269 1496 2353 persoluto
1523 2259 1524 2326 l

426 2383 494 2454 lis,
523 2383 572 2457 qui
594 2382 730 2457 cepisset,
762 2389 845 2438 extra
877 2380 993 2438 vincula
1019 2391 1135 2455 captum
1161 2384 1293 2440 haberet.
1346 2385 1384 2442 In
1414 2403 1496 2459 agrum

455 2499 620 2547 senatorum
647 2486 742 2544 coloni
774 2485 869 2556 missi,
907 2487 1010 2561 quibus
1045 2487 1196 2563 adscriptis
1224 2489 1356 2564 speciem
1394 2489 1499 2564 antique

426 2593 622 2668 Bfreqnentim
636 2593 755 2650 Velitrre
768 2601 946 2667 receperunt.
994 2591 1033 2650 Et
1047 2592 1168 2650 Antium
1189 2611 1268 2650 nova
1290 2596 1409 2654 colonia
1428 2595 1498 2652 misse

455 2716 520 2756 eum
551 2718 602 2773 eo,
641 2709 673 2755 ut
714 2697 883 2757 Antiatibus
919 2698 1144 2773 permitteretur,
1176 2698 1201 2754 si
1236 2708 1264 2754 et
1299 2699 1358 2776 ipsi
1394 2699 1498 2757 odscdbi

455 2804 550 2861 coloni
571 2804 691 2875 vellent3
727 2823 816 2862 naves
843 2799 910 2860 inde
931 2805 1024 2880 longao
1046 2804 1156 2861 abacta
1177 2803 1422 2880 interdictumque
1442 2803 1497 2861 mari

424 2909 568 2967 sanciati
590 2910 699 2984 populo
722 2918 781 2980 est,
804 2919 834 2966 et
857 2909 958 2966 civitas
982 2910 1061 2968 data.
1119 2909 1256 2967 Tiburtes
1284 2911 1497 2984 Praenestiniqoc

455 3032 527 3088 agro
558 3015 689 3086 multati,
725 3034 820 3090 neque
845 3016 883 3072 ob
911 3032 1011 3072 recens
1032 3023 1142 3072 tantum
1174 3016 1345 3076 rebellionis
1367 3033 1497 3076 commune

456 3139 520 3178 cum
542 3119 605 3178 aliis
621 3121 733 3178 Latinis
747 3121 864 3192 crimen,
883 3121 934 3178 aed
957 3120 1035 3196 quod
1057 3121 1142 3179 taedio
1164 3122 1280 3197 imperii
1301 3124 1429 3181 Romami
1448 3139 1495 3178 cum
1519 3157 1522 3250 q

407 3225 560 3296 lOGallis,
589 3235 675 3302 gente
696 3224 826 3296 efferate,
856 3245 937 3283 arma
959 3227 1105 3301 quondam
1128 3227 1357 3288 consociassent.
1406 3224 1495 3285 Ceteris
1519 3259 1521 3300 1

456 3331 567 3388 Latinis
598 3332 713 3406 populis
742 3331 887 3388 connubia
912 3331 1141 3404 commerciaque
1174 3339 1203 3386 et
1229 3332 1357 3390 concilia
1383 3334 1452 3390 inter
1473 3347 1494 3385 se
1520 3319 1521 3384 ζ

456 3437 635 3496 ademerunt.
682 3435 839 3512 Campania
862 3436 987 3511 equitum
1010 3435 1129 3493 honoris
1151 3453 1255 3507 cause,
1279 3440 1352 3512 quia
1373 3459 1436 3498 oum
1452 3438 1494 3493 ba·

342 3532 348 3542 ¹
455 3542 522 3598 timis
542 3542 682 3599 rebellare
703 3542 870 3611 noluissent,
891 3541 1097 3616 Fundanisque
1119 3550 1148 3599 et
1162 3543 1341 3616 Formianis,
1364 3545 1439 3621 quod
1456 3559 1494 3618 per
1518 3521 1519 3592 l

455 3649 527 3704 fines
550 3665 650 3713 eorum
672 3656 735 3704 tuta
761 3655 924 3723 pacataque
951 3665 1066 3724 semper
1097 3647 1198 3706 ferisset
1227 3648 1294 3719 via,
1330 3650 1431 3708 civitas
1448 3648 1493 3703 une
1518 3639 1520 3676 ¹

408 3753 440 3808 ll
456 3751 595 3828 suffragio
610 3754 689 3810 data.
734 3752 881 3811 Cumanos
902 3751 1150 3829 Suessulanosque
1172 3753 1301 3812 eiusdem
1325 3755 1396 3814 iuris
1415 3750 1491 3812 condi·

407 3858 620 3933 ramosisque,
653 3861 734 3917 cuius
762 3858 908 3934 Capuam,
945 3876 1008 3916 esse
1040 3859 1155 3935 placuit
1213 3859 1317 3917 Nares
1352 3859 1490 3920 Antiatium

455 3965 560 4040 partim
581 3966 611 4022 in
632 3965 750 4022 navalia
772 3967 875 4023 Rome
892 3965 1048 4036 subducte,
1070 3965 1177 4040 partim
1197 3964 1333 4038 incanam,
1354 3966 1489 4036 rostrisque

456 4089 554 4127 earum
577 4080 743 4146 suggestum
762 4071 792 4128 in
814 4069 880 4128 foro
902 4079 1077 4130 exstructum
1100 4071 1236 4130 adornari
1250 4071 1372 4148 placuit,
1391 4075 1488 4132 Rorm-

456 4194 513 4251 que
532 4176 562 4233 id
584 4176 723 4251 templum
745 4176 931 4252 appellatum.
1025 4259 1036 4282 ·
