3392 5084
465 494 506 552 et
780 495 859 546 uitet
875 493 912 548 11.
941 493 1138 559 (umento.)

373 677 409 732 lt
423 675 510 735 dubie
529 676 658 735 ludibrio
677 694 742 735 eece
769 677 902 736 miserim
926 695 1006 736 enee.
1063 680 1128 737 lem
1160 697 1254 755 prope
1283 687 1361 750 eret,
1393 689 1429 738 ut
1459 699 1492 737 ne

423 781 575 839 consulum
597 781 715 856 quidem
737 784 877 842 meieetee
899 793 1047 842 coerceret
1069 781 1129 838 irae
1151 782 1312 854 hominum,
1338 802 1429 858 quum
1451 785 1491 841 in·

423 885 504 957 terti,
528 889 671 948 morundo
695 907 735 947 un
757 886 901 947 veniendo
916 885 983 963 plur
997 886 1117 961 periculi
1138 889 1355 960 contraherent,
1375 889 1490 948 tandem

421 990 453 1048 in
473 999 607 1050 renemm
628 993 757 1055 veniunt.
804 992 1024 1067 Frequentique
1045 991 1162 1050 tendem
1185 993 1282 1064 curie,
1313 1012 1372 1051 non
1405 994 1491 1050 modo

422 1094 498 1153 inter
517 1103 638 1172 potres,
663 1098 715 1156 ced
738 1117 776 1156 ne
796 1099 872 1156 inter
893 1085 1026 1155 consuler
1040 1096 1164 1171 ‘quidem
1186 1098 1267 1173 ipeoe
1291 1099 1364 1158 eutis
1387 1117 1489 1157 couve-

373 1207 410 1261 15
422 1199 532 1259 uiebet.
578 1202 705 1278 Appius,
726 1203 907 1262 vehementis
928 1201 1035 1278 ingenii
1056 1201 1110 1272 vir,
1131 1201 1254 1277 imperio
1271 1204 1419 1262 consulari
1433 1222 1490 1260 rem

423 1306 567 1382 egendum
589 1309 740 1366 censebat:
772 1327 831 1366 uno
863 1317 915 1365 eut
948 1306 1040 1365 altero
1072 1314 1200 1382 arrepto,
1223 1308 1374 1382 quieturos
1403 1307 1491 1376 ulios;

425 1411 576 1481 Servilius,
600 1412 713 1471 lenibus
726 1401 863 1471 remediie
880 1412 985 1488 aptior,
1007 1411 1167 1470 concitatos
1183 1412 1296 1470 enimus
1312 1413 1389 1470 flecti
1405 1432 1490 1488 quom

424 1516 521 1592 mangi
542 1518 668 1592 putabet
689 1536 778 1593 quum
800 1519 890 1576 tutius
911 1526 972 1575 tum
994 1515 1108 1576 lucilius
1130 1535 1202 1574 esse

326 1612 374 1682 24
511 1622 592 1679 Inter
612 1621 675 1680 hreo
695 1623 791 1681 maior
811 1623 886 1680 elius
907 1631 1018 1680 terror=
1040 1621 1139 1680 Latini
1163 1622 1274 1696 equites
1299 1641 1365 1680 cum
1387 1625 1490 1681 tumul·

425 1735 512 1784 tuouo
545 1726 687 1784 edvolant
716 1729 835 1806 nuntio,
867 1721 994 1784 Volecoe
1020 1726 1126 1786 infesto
1162 1728 1291 1786 exercitu
1321 1729 1360 1786 ed
1391 1731 1490 1786 urbem

425 1832 654 1907 oppugnandum
674 1833 782 1892 venire.
828 1835 902 1909 Quae
923 1832 1023 1890 audita
1045 1833 1132 1908 (odeo
1155 1833 1229 1890 duee
1250 1851 1287 1890 ex
1303 1851 1363 1892 une
1376 1834 1491 1892 civitate

392 1936 573 1995 2diecordia
592 1934 716 2012 feceret)
737 1936 825 2013 longe
845 1937 930 1995 oliter
951 1946 1050 2014 potres
1071 1956 1107 1996 ec
1121 1939 1236 2014 plebem
1253 1937 1386 1998 effecere.
1432 1939 1489 1998 Ex·

424 2041 534 2100 cultore
554 2041 664 2117 gaudio
688 2042 804 2118 plebee3
827 2044 939 2100 ultores
962 2042 1106 2118 superbie
1132 2052 1249 2119 petrum
1271 2046 1376 2104 odeum
1398 2046 1490 2103 dicere

424 2147 508 2217 deoe3
530 2146 604 2204 oliuu
623 2146 712 2224 elium
734 2147 916 2216 confirmare,
938 2164 974 2204 ne
992 2148 1112 2206 nomine
1127 2149 1247 2209 dorent:
1270 2167 1336 2209 cum
1360 2149 1490 2208 omnibus
1527 2199 1528 2230 ÷

355 2282 357 2285 ·
424 2253 521 2328 potine
543 2271 632 2327 quom
656 2251 736 2310 eolos
756 2250 916 2327 periturum
948 2260 1049 2328 putrer
1076 2253 1247 2324 militerent‚
1279 2263 1379 2330 petros
1409 2271 1491 2312 armo
1527 2239 1528 2292 ἒ

425 2366 572 2434 caperent,
595 2367 629 2416 ut
648 2375 739 2433 penes
760 2357 878 2419 eosdem
899 2356 1030 2431 periculo
1050 2358 1133 2430 belli,
1163 2377 1253 2434 penes
1275 2377 1351 2433 quoe
1372 2360 1490 2436 praemie

392 2463 530 2522 densent
571 2465 616 2522 At
636 2479 708 2519 vero
729 2461 820 2533 curio,
841 2469 945 2520 maeeta
967 2481 1002 2520 eo
1025 2464 1139 2540 trepide
1160 2465 1280 2542 ancipiti
1302 2479 1381 2524 metu
1402 2473 1434 2522 et
1454 2465 1488 2521 ub

424 2569 489 2627 cive
509 2576 540 2625 et
559 2568 598 2624 ob
628 2568 729 2638 horte,
761 2566 917 2627 Servilium
944 2569 1105 2641 consulem,
1138 2570 1184 2628 cui
1217 2571 1365 2647 ingenium
1398 2570 1488 2646 megin

423 2651 567 2749 pepulere
587 2681 666 2744 eret,
701 2693 803 2745 orere,
836 2683 870 2732 ut
897 2675 986 2732 tentio
1008 2673 1234 2734 circumventum
1256 2678 1415 2736 terroribus
1442 2693 1488 2734 ex·

391 2779 536 2855 ‹lpediret
556 2797 618 2835 rem
630 2779 788 2854 publicem.
831 2780 909 2838 Tum
922 2781 1033 2852 consul,
1049 2781 1138 2838 misso
1153 2790 1265 2853 senatu,
1281 2783 1311 2840 in
1326 2782 1487 2840 contionem
1526 2855 1527 2870 χ

423 2884 530 2960 prodit.
571 2884 620 2941 Ibi
641 2902 718 2942 curu
739 2903 803 2943 eece
823 2885 957 2960 putribus
979 2887 1119 2957 ostendit,
1155 2896 1188 2944 ut
1211 2888 1380 2946 consuletur
1399 2888 1487 2963 plebi3

423 2999 550 3050 ceterum
573 2965 775 3049 deliberationi
796 2990 834 3047 de
856 2991 987 3048 maxime
1009 2992 1124 3067 quidem
1146 2991 1206 3063 ille,
1228 2993 1280 3050 eed
1295 3001 1395 3050 tumen
1408 2999 1488 3068 purte

321 3082 329 3089 ’
392 3095 549 3155 dcivitutie
562 3103 671 3154 metum
684 3114 740 3172 pro
761 3096 898 3154 universe
917 3115 950 3154 re
970 3098 1088 3174 publice
1102 3098 1305 3169 interveniee03
1322 3117 1377 3157 neo
1394 3115 1487 3175 poene,

423 3221 512 3279 quum
533 3202 633 3260 hostee
652 3220 746 3278 prope
767 3203 806 3259 od
826 3211 929 3278 portae
949 3211 1054 3274 essent,
1077 3203 1154 3261 bello
1169 3202 1304 3279 preverti
1325 3201 1487 3277 quicquum,

423 3326 487 3380 neo,
507 3308 533 3366 ei
553 3308 592 3365 eit
611 3308 773 3365 laxamenti
795 3307 922 3382 aliquid,
953 3316 1005 3366 eut
1035 3307 1115 3383 plebi
1148 3309 1301 3365 honestum
1324 3325 1404 3378 esee,
1436 3305 1487 3363 nisi
1525 3379 1526 3382 Ἴ

423 3414 557 3472 mercede
576 3413 658 3488 prius
680 3422 815 3488 eccepto,
851 3431 935 3471 armo
962 3430 1017 3488 pro
1040 3413 1138 3488 patrie
1158 3431 1217 3470 non
1239 3413 1366 3487 cepeto,
1396 3429 1487 3487 neque

423 3519 557 3596 putribus
585 3518 658 3576 sotir
685 3520 822 3577 decorum
856 3536 909 3593 per
944 3526 1051 3576 metum
1084 3517 1182 3592 potius
1211 3535 1299 3593 quem
1333 3519 1486 3594 postmodo

392 3625 574 3686 tivolnntete
598 3623 715 3682 efflictis
743 3623 850 3681 civium
879 3613 998 3682 enorum
1025 3622 1149 3681 fortunis
1180 3622 1368 3682 consuluisse.
1413 3621 1486 3682 Con·

423 3731 496 3789 tioni
516 3731 621 3788 deinde
643 3728 737 3786 edicto
761 3726 874 3784 eddidit
894 3728 997 3800 fidem,
1030 3745 1088 3802 qno
1111 3727 1218 3798 edixit,
1250 3745 1287 3784 no
1309 3727 1375 3801 quie
1397 3727 1485 3786 civem

422 3837 589 3894 Romarm
610 3835 738 3892 vinctum
760 3841 812 3891 eut
832 3833 963 3892 clausum
978 3841 1098 3910 teneret,
1121 3851 1180 3908 quo
1202 3833 1297 3892 minue
1318 3832 1344 3888 ei
1365 3831 1486 3890 nominis

423 3941 528 3999 edendi
552 3942 631 4017 opud
652 3939 788 3997 consules
808 3947 940 4014 potestas
960 3941 1056 4010 fieret,
1089 3958 1145 3996 neu
1169 3938 1233 4014 quie
1255 3937 1369 4008 militis,
1398 3939 1485 3996 donec

422 4047 454 4103 in
474 4047 578 4104 cestris
599 4054 684 4116 esset,
706 4046 785 4102 bono
805 4044 968 4130 possideret
982 4054 1033 4103 eut
1047 4045 1193 4115 venderet,
1213 4043 1320 4101 liberos
1333 4051 1485 4118 nepotesve

392 4153 485 4210 leiue
507 4159 679 4211 moreretur.
726 4151 794 4208 Hoc
815 4151 969 4226 proposito
992 4150 1104 4219 edicto,
1129 4157 1166 4220 et,
1189 4149 1239 4223 qui
1270 4149 1392 4207 merent
1413 4148 1484 4218 nexi,

422 4257 554 4333 profiteri
564 4254 711 4330 extemplo
725 4255 854 4327 nomino,
876 4264 905 4312 et
919 4255 1047 4331 undique
1065 4269 1102 4312 ex
1113 4263 1176 4312 toto
1186 4255 1258 4313 urbe
1269 4254 1483 4330 proripientium
