3392 5084
548 526 628 575 Liber
644 526 691 576 VI.
728 527 773 592 (Δ.
787 524 834 576 Ch.
848 528 922 591 881.)
1002 520 1009 527 ’
1180 528 1218 585 27

209 720 321 788 etpost
341 712 370 769 in
391 711 462 787 iuga
483 711 558 783 eaesi,
587 711 675 769 ceteri
695 711 725 768 iu
746 712 859 783 castris,
889 731 952 787 quae
974 723 1060 789 capta
1081 713 1183 770 eodem
1204 712 1260 769 im·

194 826 269 893 ,peta
291 826 374 887 sunt;
395 816 491 892 plures
512 826 609 874 tamen
633 818 711 893 capti
733 836 819 892 quarn
842 818 947 876 occisi.-

283 923 347 982 Ubi
365 922 395 978 in
416 922 597 979 recensendis
620 922 741 997 captivis
763 942 851 997 quum
867 925 1026 982 Tusculani
1039 925 1151 999 aliquot
1164 926 1260 984 nosci·

208 1036 346 1098 terrentur,
376 1026 479 1085 secreti
500 1029 537 1085 ab
560 1027 623 1085 aliis
645 1027 683 1084 ad
704 1028 834 1086 tribunos
857 1030 1045 1098 adducuntur,
1066 1033 1260 1105 percontanti·
1323 1041 1326 1048 '

207 1133 313 1207 busque
324 1131 408 1202 fassi,
425 1132 540 1207 publico
554 1134 672 1191 consilio
684 1152 715 1190 se
727 1134 874 1194 militasse.
911 1134 999 1193 Cuius
1016 1145 1076 1191 tam
1091 1137 1178 1194 vicini
1193 1136 1289 1196 belli2

205 1248 275 1295 met-u
297 1236 442 1295 Camillus
463 1247 558 1295 motus
580 1239 725 1315 extemplo
755 1257 786 1295 se
807 1242 932 1299 Romam
955 1242 1086 1317 captivos
1108 1242 1259 1301 ducturum
1326 1287 1329 1310 2
1392 1254 1394 1258 '
1453 1234 1457 1252 '

206 1344 251 1412 ait,
278 1363 316 1400 ne
338 1352 438 1419 patres
459 1344 552 1419 ignari
584 1344 663 1413 sint,
688 1345 871 1403 Tusculanos
897 1349 935 1405 ab
962 1348 1099 1405 societate
1120 1348 1258 1406 descisse:

204 1449 299 1505 casum
322 1449 521 1524 exercituique
535 1450 658 1521 interim,
680 1452 704 1508 si
718 1451 860 1523 videatur,
882 1453 980 1528 praeit
997 1453 1118 1529 collega.
1159 1456 1288 1513 Deru-3

204 1564 292 1612 mento
316 1574 394 1613 unus
419 1556 479 1613 dies
500 1555 604 1627 fuerat,
633 1577 670 1614 ne
691 1575 745 1614 sua
766 1558 886 1615 consilia
908 1559 1073 1616 melioribus
1096 1559 1258 1634 preferret3

204 1679 248 1718 nec
267 1668 373 1718 tamen
397 1671 448 1719 aut
468 1662 525 1737 ipsi
546 1664 640 1720 autin
654 1663 781 1720 exercitu
796 1664 930 1738 cuiquam
944 1664 1016 1721 satis
1030 1664 1146 1739 placato
1161 1666 1257 1724 auimo

204 1766 339 1825 Camillus
368 1769 481 1825 laturus
510 1768 624 1843 culpam
653 1768 714 1825 eius
743 1768 913 1839 videbatur,
950 1790 1008 1845 qua
1044 1772 1114 1828 data
1139 1773 1168 1829 in
1198 1782 1257 1830 tam

197 1874 376 1950 precipitem
399 1892 498 1933 casum
519 1894 565 1931 res
587 1874 702 1950 publica
724 1883 812 1944 esset;
835 1884 864 1932 et
886 1894 974 1949 quum
997 1877 1026 1933 iu
1039 1878 1175 1950 exercitu,
1196 1883 1288 1937 tuma

202 1982 295 2039 Romae
330 1991 470 2039 constans
501 1980 627 2037 omniurn
657 1978 737 2037 farne
764 1989 842 2051 erat,
871 1959 959 2055 quum
984 1982 1068 2039 varia
1090 1982 1209 2040 fortuna
1228 1984 1259 2041 in

201 2087 312 2145 Volscis
335 2097 427 2163 gesta·
442 2103 489 2141 res
511 2092 595 2154 esset,
626 2084 755 2142 adversae
776 2104 881 2161 pugnae
900 2086 1035 2163 fugaeque
1054 2088 1084 2145 iu
1108 2089 1143 2148 L.
1166 2090 1257 2147 Furio

201 2192 327 2267 culpam,
359 2192 492 2249 secundae
513 2192 600 2247 decue
621 2208 705 2247 omne
726 2208 814 2266 penes
836 2192 878 2252 M.
899 2193 1018 2251 Furium
1041 2212 1112 2254 asse.
1159 2196 1288 2260 Intro-5

202 2298 286 2356 ductis
309 2299 341 2356 in
365 2306 497 2381 senatum
520 2295 657 2371 captivis,
691 2314 778 2369 quum
806 2297 882 2355 bello
909 2300 1122 2374 persequendos
1144 2301 1258 2358 Tuscu·

202 2403 276 2461 lanes
304 2415 408 2481 patres
442 2402 617 2469 censuissent
646 2399 826 2476 Camilloque
862 2403 892 2459 id
923 2404 1029 2461 bellum
1063 2406 1258 2477 mandassent,

203 2508 360 2567 adiutorem
383 2509 438 2567 sibi
461 2509 499 2565 ad
521 2526 584 2565 eam
606 2524 667 2563 rem
695 2526 784 2565 unum
811 2508 898 2583 petit,
926 2509 1138 2584 permissoque,
1169 2522 1200 2568 ut
1221 2532 1258 2569 ex

203 2614 314 2691 collegis
338 2623 465 2690 optaret,
488 2632 573 2687 quem
595 2612 690 2683 vellet,
713 2624 813 2671 contra
834 2632 914 2689 spem
937 2617 1063 2672 omnium
1087 2617 1120 2673 L.
1137 2618 1258 2675 Furium

205 2722 319 2793 optavit,
344 2740 405 2795 qua
420 2718 618 2777 moderatione
633 2718 721 2775 animi
736 2738 823 2793 quum
846 2720 963 2794 collega
976 2720 1085 2778 levavit
1098 2721 1257 2795 infamiam,
1271 2734 1288 2789 6

204 2834 253 2881 tum
277 2826 335 2885 sibi
357 2826 482 2901 gloriam
506 2825 651 2899 ingentem
672 2825 793 2900 peperit.
837 2827 902 2884 Nec
922 2802 977 2883 init
998 2845 1062 2884 cum
1082 2801 1258 2886 inseraris
1336 2855 1337 2859 ¹

204 2930 317 3001 bellum3
337 2949 414 3007 pace
435 2930 579 2988 constanti
600 2931 660 2989 vim
681 2933 845 2989 Romanam
868 2942 1029 3005 arcuerunt,
1060 2952 1147 3008 quam
1169 2936 1257 2992 armis

203 3053 252 3091 uon
275 3046 425 3113 poteraut.
471 3036 650 3094 Intrantibus
671 3037 742 3093 fines
766 3038 906 3094 Romanis
929 3058 987 3097 non
1008 3039 1199 3114 demigratum
1221 3054 1287 3106 ex]

203 3144 368 3219 propinquis
389 3142 486 3199 itineri
499 3142 580 3211 locis,
603 3161 661 3198 non
676 3142 768 3199 cultus
784 3160 919 3217 agrorum
938 3144 1133 3214 intermissus3
1155 3155 1257 3221 paten-
1347 3215 1348 3220 ἵ

203 3246 270 3305 tibus
292 3249 388 3324 portis
410 3247 489 3305 urbis
511 3248 604 3321 togati
623 3238 740 3305 obviam
761 3247 926 3322 frequentes
947 3250 1170 3326 imperatoribus
1188 3272 1257 3327 pro-

204 3368 326 3427 cessere3
348 3362 528 3412 commeatus
550 3353 688 3410 exercitui
709 3340 829 3411 comiter
851 3352 881 3410 in
903 3366 1000 3412 castra
1019 3375 1056 3412 ex
1078 3358 1149 3415 urbe
1171 3370 1257 3414 etex

205 3459 272 3531 egris
288 3460 452 3517 devehitur.
495 3457 645 3529 Camillus,
668 3460 769 3517 castris
785 3470 852 3517 ante
871 3470 971 3535 portas
985 3461 1105 3535 positis,
1118 3463 1257 3521 eademne
1270 3467 1287 3523 8

203 3561 290 3621 forma
315 3566 416 3640 pacis,
449 3583 513 3639 quae
536 3564 565 3621 in
595 3566 672 3640 agris
701 3574 910 3636 ostentaretur,
942 3567 1029 3623 etiam
1052 3566 1130 3625 iutra
1151 3572 1258 3645 rutenia

206 3679 287 3739 aaut,
310 3670 386 3727 scire
407 3670 541 3745 cupiens,
570 3670 716 3745 ingressus
738 3673 854 3741 urbem,
877 3672 926 3728 ubi
950 3680 1081 3746 patentes
1103 3675 1206 3733 ianuas
1228 3682 1286 3737 et9
1347 3697 1350 3702 ·

205 3776 324 3833 tabernis
348 3775 457 3851 apertis
479 3775 631 3850 proposita
660 3777 756 3833 omnia
783 3778 813 3833 in
835 3777 931 3834 medio
959 3778 1048 3850 vidit,
1075 3781 1257 3857 intentosque

208 3881 314 3955 opifices
335 3901 390 3939 suo
414 3900 559 3957 quemque
580 3883 677 3959 operi,
707 3892 735 3939 et
758 3883 842 3940 ludos
873 3883 1033 3941 litterarum
1062 3895 1190 3961 strepere
1210 3888 1256 3944 di-

207 3990 338 4047 scentium
360 3988 499 4057 vocibus,
528 3988 708 4064 acrepletas
730 3988 847 4045 semitas
868 3989 943 4045 inter
963 3988 1068 4064 vulgus
1090 3992 1168 4049 aliud
1185 4013 1256 4069 pue·

208 4108 296 4150 rorum
319 4103 348 4152 et
377 4094 530 4151 mulierum
561 4095 617 4151 huc
644 4104 730 4168 atque
751 4094 818 4151 illuc
845 4095 989 4164 euntium,
1024 4114 1083 4169 qua
1115 4116 1257 4172 quemque
1321 4123 1324 4130 ·

209 4213 316 4257 suorum
338 4218 444 4259 usuum
466 4218 561 4257 causae
582 4198 698 4271 ferrent,
720 4198 791 4256 nihil
814 4217 936 4293 usquam
957 4218 1016 4257 non
1030 4202 1144 4275 pavidis
1158 4204 1256 4275 modo,
1272 4209 1308 4264 to

210 4304 252 4361 scd
282 4326 317 4363 ne
352 4306 525 4363 mirantibus
561 4304 675 4379 quidem
715 4303 821 4375 simile,
865 4304 1113 4380 circumspiciebat
1151 4313 1256 4383 omnia,
