3392 5084
456 484 473 540 2
914 478 988 530 Praef.

385 626 574 733 'ltraduntun
605 682 640 720 ea
661 679 714 722 nec
735 663 882 722 affirmare
903 682 956 722 neo
977 664 1106 723 refellere
1127 664 1156 721 iu
1180 664 1277 722 animo
1298 672 1356 733 est;
1387 664 1481 723 detur

413 772 475 828 baec
498 770 584 827 venia
608 770 782 846 antiquitati,
813 779 846 828 ut
866 772 1011 829 miscendo
1035 772 1163 829 humans
1185 771 1289 828 divinis
1310 770 1479 846 primordia

414 876 526 934 urbium
549 878 718 951 augustiora
739 876 842 947 faciet3
865 876 938 934 etsi
960 876 1005 933 cui
1027 877 1135 952 populo
1157 877 1244 935 licere
1265 886 1381 953 oportet
1403 897 1479 936 con-

413 1001 527 1051 secrare
547 982 673 1057 origines
701 1001 769 1040 suas
800 992 830 1041 et
858 984 896 1040 ad
923 983 993 1041 deos
1020 981 1128 1041 referre
1158 994 1307 1054 auctores,
1336 1002 1372 1041 es
1403 984 1479 1040 belli

412 1088 507 1164 gloria
533 1096 577 1145 est
604 1089 712 1164 populo
735 1090 887 1160 Romano,
910 1099 950 1160 ut,
972 1107 1060 1164 quum
1083 1108 1167 1147 suum
1189 1089 1404 1163 conditorisque
1425 1091 1477 1147 sui

411 1203 561 1270 parentem
602 1195 728 1253 Martem
767 1196 949 1271 potissimum
985 1193 1076 1266 ferat,
1114 1206 1174 1253 tem
1213 1204 1242 1253 et
1280 1197 1336 1253 hoc
1370 1204 1477 1270 gentes

411 1302 544 1357 humenae
571 1302 720 1375 patiantur
755 1320 838 1377 aequo
867 1302 978 1371 animo,
1017 1319 1102 1375 quam
1133 1302 1284 1377 imperium
1311 1300 1477 1376 patiuntur.

382 1406 471 1467 ssed
492 1407 553 1463 haec
578 1407 672 1463 ethis
701 1407 807 1464 similia
836 1416 981 1482 utcunque
1005 1407 1208 1465 animadversa
1232 1417 1283 1465 aut
1305 1407 1478 1464 existimata

381 1518 509 1581 terunt,
540 1512 618 1568 haud
648 1512 678 1568 in
709 1531 815 1588 magno
846 1514 979 1588 equidem
1006 1533 1114 1588 ponam
1147 1513 1322 1583 discrimine3
1356 1514 1395 1570 ad
1422 1514 1478 1570 illa

412 1616 482 1675 mihi
511 1636 565 1694 pro
593 1636 625 1675 se
648 1618 770 1692 quisque
792 1619 897 1676 acriter
918 1619 1049 1685 intendat
1070 1618 1211 1689 animum,
1243 1636 1306 1693 quae
1327 1618 1399 1690 vita,
1422 1620 1476 1693 qui

412 1739 507 1780 mores
528 1721 651 1794 fuerint,
681 1742 734 1799 per
762 1742 835 1798 quos
856 1725 935 1782 viros
958 1724 1119 1799 quibusque
1141 1725 1250 1782 artibus
1274 1725 1353 1783 domi
1374 1725 1476 1782 militi-

411 1848 494 1904 aeque
515 1839 544 1885 et
564 1838 679 1905 partum
705 1839 734 1885 et
748 1839 866 1887 auctum
888 1829 1040 1905 imperium
1063 1830 1114 1902 sit3
1136 1831 1252 1888 labente
1273 1830 1375 1886 deinde
1397 1850 1476 1906 pau·

410 1934 491 1992 latim
513 1934 664 2011 disciplina
685 1936 764 1992 velut
786 1929 947 1993 desidentes
970 1936 1065 2010 primo
1086 1954 1181 1993 mores
1203 1945 1341 2010 sequatur
1363 1936 1477 2007 animo,

410 2022 513 2096 deinde
536 2048 567 2095 ut
588 2041 682 2116 magis
703 2041 854 2118 magisque
880 2041 956 2116 lapsi
976 2042 1049 2112 siut,
1080 2051 1141 2099 tum
1162 2041 1205 2099 ire
1226 2042 1373 2117 coeperint
1395 2062 1476 2118 prae-

410 2146 524 2225 cipites‚
546 2145 638 2203 donec
660 2148 698 2203 ad
718 2148 780 2205 haec
801 2156 949 2222 tempora,
981 2147 1085 2222 quibus
1112 2167 1165 2205 uec
1191 2147 1263 2204 vitia
1290 2157 1390 2203 nostre
1420 2167 1476 2205 neo

361 2252 537 2313 lllremedie
556 2252 619 2328 pati
647 2271 815 2329 possumus,
844 2262 1015 2329 perventum
1040 2262 1093 2311 est.
1136 2255 1204 2311 Hoc
1232 2252 1302 2310 illud
1327 2261 1371 2309 est
1397 2273 1475 2329 prae·

410 2360 493 2435 cipue
521 2359 557 2434 ἰιιι
577 2360 741 2434 cognitione
768 2378 865 2419 rerum
897 2360 1012 2416 salubre
1040 2378 1074 2417 uo
1107 2359 1292 2435 frngiferum,
1321 2359 1416 2416 omnis
1446 2368 1474 2415 te
1537 2392 1538 2401 κ

410 2465 535 2542 exempli
559 2466 732 2523 documenta
752 2466 782 2522 in
803 2463 907 2522 illustri
933 2465 1029 2540 posita
1055 2475 1241 2523 monumento
1261 2465 1378 2535 intueri3
1406 2465 1476 2522 inde

360 2575 395 2631 11
409 2572 462 2629 tibi
482 2580 597 2646 tuaeque
626 2569 828 2647 reipublice,
855 2571 933 2643 quod
953 2570 1078 2641 imitere,
1100 2570 1218 2646 cupias,
1246 2571 1326 2641 inde,
1352 2570 1474 2628 foedum

409 2679 541 2753 inceptu,
570 2676 687 2734 foedum
722 2676 811 2749 exitu,
835 2675 912 2749 quod
941 2675 1023 2732 vites.
1072 2675 1207 2735 Ceterum
1229 2688 1279 2734 eut
1309 2695 1356 2733 me
1386 2696 1473 2735 amor

409 2784 517 2860 negotii
539 2782 665 2858 suscepti
685 2780 773 2851 fallit,
795 2788 846 2837 aut
869 2780 949 2837 nulla
969 2801 1098 2857 unquam
1119 2784 1297 2858 respublica
1310 2799 1364 2840 nec
1378 2783 1476 2842 maior

409 2911 462 2949 nec
483 2891 611 2950 sanctior
631 2907 685 2945 nec
706 2886 789 2945 bonis
811 2885 951 2961 exemplis
982 2886 1069 2944 ditior
1089 2887 1161 2959 suit,
1186 2906 1240 2946 neo
1266 2888 1296 2943 in
1319 2906 1409 2962 quam
1435 2890 1474 2946 ci-

409 2997 529 3054 vitatem
550 3005 612 3053 tam
636 3014 707 3052 serae
729 2992 853 3050 avaritia
879 2991 1051 3066 luxuriaque
1077 2992 1319 3069 immigraverint‚
1347 2995 1474 3051 necubi
1535 2996 1536 3055 ζ

410 3111 508 3160 tentus
532 3121 566 3159 ac
593 3110 654 3158 tam
689 3101 749 3158 diu·
766 3100 932 3176 paupertati
964 3119 998 3158 ec
1030 3100 1213 3174 parsimonie
1242 3100 1335 3157 honos
1371 3099 1473 3169 fuerit3

361 3212 397 3269 12
413 3211 496 3281 adeo,
518 3217 626 3285 quanto
648 3227 744 3264 rerum
767 3206 876 3277 miuus,
898 3207 1084 3265 tantominus
1096 3206 1260 3283 cupiditatis
1280 3214 1357 3278 eret3
1379 3224 1474 3284 nuper

410 3315 517 3372 divitiae
537 3316 690 3372 aventium
706 3324 734 3372 et
752 3315 931 3371 abundantes
942 3314 1105 3389 voluptates
1122 3312 1292 3371 desiderium
1304 3332 1357 3389 per
1371 3312 1473 3371 luxum
1534 3330 1535 3392 q

411 3431 498 3494 atque
519 3420 665 3478 libidinem
694 3420 833 3497 pereundi
864 3421 1060 3495 perdendique
1089 3418 1187 3475 omnia
1216 3418 1360 3475 invexere.
1414 3417 1472 3477 Sed

413 3525 545 3599 querelae,
569 3545 604 3582 ne
625 3535 686 3585 tum
702 3527 818 3602 quidem
832 3536 924 3601 gratae
934 3526 1046 3595 fusuras,
1068 3544 1154 3600 quum
1168 3524 1291 3583 forsitan
1300 3524 1472 3582 necessariae

363 3638 508 3702 lterum,
539 3632 577 3688 ab
598 3632 680 3690 initio
709 3643 786 3691 certe
807 3641 894 3691 tautae
916 3632 1061 3690 ordiendae
1087 3631 1130 3689 rei
1151 3631 1260 3705 absint3
1291 3649 1356 3687 oum
1388 3629 1471 3687 bonis
1533 3630 1534 3635 ’

411 3736 507 3811 potins
520 3738 672 3795 'ominibus
693 3739 827 3813 votisque
855 3746 884 3796 et
904 3739 1118 3814 precationibus
1143 3739 1262 3795 deorum
1284 3737 1471 3811 dearumque,

412 3842 452 3911 si,
473 3852 506 3900 ut
526 3843 635 3918 poetis,
657 3844 740 3902 nobis
766 3862 883 3920 quoqne
904 3864 968 3903 mos
997 3853 1090 3914 esset,
1116 3844 1250 3901 libentius
1271 3842 1471 3917 inciperemus,

411 3959 444 4006 ut
465 3948 538 4007 orsis
559 3957 671 4019 tantum
697 3950 793 4026 operis
815 3969 964 4010 successus
986 3969 1142 4028 prosperos
1163 3951 1273 4007 darent.

842 4202 1038 4210 ψ..-
