3392 5084
475 507 535 564 128
774 503 854 554 liber
865 503 914 554 111.
949 504 993 570 (A.
1002 517 1029 556 n.
1040 519 1063 554 c.
1074 501 1148 572 alb.)

431 709 489 767 quo
514 690 621 766 cupido
649 689 749 748 ublato
773 691 862 760 (edon
890 686 1022 748 civitates
1052 709 1094 748 uae
1120 699 1260 767 perpetuo
1289 692 1319 748 in
1344 693 1485 750 Rommus

400 796 500 855 dudio
522 803 697 867 certavere),
721 795 828 854 bellum
855 813 969 854 summa
994 793 1024 854 vi
1050 797 1220 872 parabatur.
1263 797 1398 856 sentiunt
1417 799 1483 856 Her·

429 903 486 960 niul
520 912 551 960 at
569 903 729 979 praedicunt
753 901 913 972 Romanis,
942 901 1119 962 Ecetranum
1149 903 1187 960 ad
1215 904 1334 978 AEquos
1359 905 1483 970 desdese,

429 1009 573 1085 Suspecta
600 1019 630 1066 et
657 1008 775 1066 colonie
795 1004 917 1066 Antium
939 1007 1014 1079 fuit,
1048 1009 1127 1084 quod
1148 1027 1256 1085 magna
1277 1011 1324 1068 vis
1344 1011 1483 1068 bominum

428 1116 504 1186 inde,
526 1133 620 1190 quum·
636 1115 774 1191 oppidum
796 1123 914 1190 captum
933 1125 1017 1186 essct,
1037 1114 1215 1191 confugisset
1236 1115 1274 1172 ad
1295 1119 1430 1192 AEquos3
1451 1119 1484 1174 is·

399 1232 486 1296 nque
505 1221 588 1280 ruilus
610 1239 663 1298 por
683 1220 790 1278 bellum
810 1220 969 1295 AEquicum
991 1222 1040 1279 vel
1061 1221 1221 1280 acerrimus
1239 1221 1313 1293 futu
1334 1223 1483 1299 compulsit

428 1328 531 1389 deiude
549 1328 580 1385 in
601 1325 711 1402 oppidu
730 1326 853 1400 Equis,
875 1343 910 1382 ea
938 1327 1091 1386 multitudo
1113 1329 1228 1404 dilapso
1253 1344 1343 1404 quum
1371 1329 1483 1386 Antium

382 1469 384 1472 >
428 1434 563 1503 redisset,
588 1450 645 1490 suc
665 1442 768 1509 sponte
788 1432 847 1490 iam
871 1433 975 1490 infidos
998 1435 1116 1495 colonos
1138 1433 1279 1493 Romanis
1308 1435 1484 1493 abalienavit.

398 1541 561 1602 5Noodum
585 1547 699 1595 matura
719 1557 768 1609 ro,
795 1556 884 1614 quum
907 1539 1095 1598 delectionem
1117 1541 1216 1616 parari
1237 1540 1366 1598 delutum
1389 1543 1426 1599 ad
1446 1561 1485 1598 so·

428 1654 528 1704 nutum
549 1654 639 1714 essct,
669 1645 768 1701 datum
789 1645 935 1718 nogotium
959 1657 1003 1704 est
1031 1647 1212 1717 consulibus,
1246 1648 1484 1724 ut,princip1bus

398 1751 549 1819 douloniae
559 1753 684 1808 Romam
707 1751 818 1821 excitis,
840 1763 1010 1825 qumanana,
1035 1751 1105 1828 quid
1126 1753 1169 1810 rei
1193 1762 1277 1810 esset
1321 1753 1380 1827 Qui
1404 1772 1483 1829 quun

427 1856 508 1916 hand
528 1866 651 1933 gravato
671 1855 825 1926 venissent,
846 1856 1003 1915 introducti
1022 1877 1040 1914 a
1061 1859 1228 1916 consulibus
1244 1859 1283 1916 ad
1297 1869 1430 1917 senatum
1449 1860 1485 1916 ilc

428 1964 639 2040 responderunt
653 1962 691 2018 ad
705 1962 894 2037 interrogata,
915 1971 948 2020 ut
963 1963 1056 2038 magis
1078 1966 1215 2042 suspecti,
1239 1980 1326 2040 quam
1343 1977 1484 2032 venerant,

398 2069 647 2126 ldimittercntur.
693 2067 807 2126 Bellum
827 2068 896 2126 indo
918 2071 997 2127 haud
1019 2071 1138 2128 dubium
1159 2071 1269 2129 haberi.
1314 2071 1484 2146 spumas,

426 2175 576 2232 consulum
594 2174 679 2244 ulter,
700 2159 748 2231 cul
763 2193 799 2232 ea
820 2175 971 2250 provincia
987 2186 1132 2246 evenerat,
1155 2176 1303 2253 profectus
1318 2176 1349 2232 in
1363 2178 1483 2253 AEquos.

426 2282 617 2340 Hernicorum
636 2281 669 2338 iu
694 2299 767 2357 agro
789 2279 1026 2357 populabundum
1047 2282 1160 2340 hostem
1173 2283 1292 2352 invenit,
1312 2283 1485 2360 ignarusque

409 2375 625 2456 multitudinis,
648 2387 717 2461 qnia
738 2405 881 2462 nusquam
897 2387 1033 2444 universa
1047 2397 1203 2464 conspecta
1221 2387 1327 2457 fuerat,
1348 2389 1482 2464 imparem

395 2493 517 2570 donpiis
549 2492 706 2549 exerciturm
737 2504 845 2550 temore
872 2509 976 2568 pugnae
1011 2494 1161 2553 commisit.
1216 2494 1317 2552 Primo
1349 2513 1482 2552 concursu

425 2599 524 2674 pulsus
555 2617 587 2655 se
614 2598 692 2655 intre
715 2610 812 2655 castro
838 2600 970 2675 recepit.-
1018 2600 1123 2675 Neque
1144 2601 1168 2658 is
1191 2600 1256 2658 finis
1279 2599 1402 2676 periculi
1420 2599 1483 2666 fuiu

425 2723 550 2780 namque
573 2716 602 2762 ot
621 2704 757 2779 proxime
782 2713 868 2762 noete
895 2715 923 2764 ot
944 2714 1061 2782 postero
1083 2706 1130 2764 dio
1151 2715 1233 2764 tanta
1253 2705 1283 2763 vi
1304 2715 1403 2764 castra
1423 2713 1483 2763 snut

425 2813 614 2870 circumsessa
634 2821 722 2885 atque
743 2819 921 2886 oppugnata,
942 2820 974 2868 ut
994 2829 1031 2868 ne
1051 2812 1167 2868 nuntius
1189 2812 1304 2887 quidem
1327 2813 1395 2870 inde
1415 2809 1482 2870 mini

395 2913 549 2977 tunnam
570 2928 678 2993 posset.
724 2915 846 2974 Hernici
866 2925 895 2974 et
916 2915 992 2973 male
1012 2927 1172 2994 pugnatum
1194 2927 1223 2976 ct
1243 2919 1393 2980 common
1406 2937 1481 2976 exer-

425 3025 570 3100 citumque
591 3022 718 3080 obsideri
742 3023 967 3093 nuntiaverunt,
993 3030 1162 3096 tantumque
1182 3029 1323 3080 terrorem
1343 3023 1483 3081 incussere

424 3132 569 3207 patribus,
602 3138 648 3200 ut,
681 3147 747 3202 quae
774 3127 871 3186 forma
891 3137 1008 3186 senatus
1030 3127 1153 3186 consulti
1173 3127 1281 3184 ultimae
1301 3143 1418 3205 semper
1435 3147 1482 3185 ne·

424 3236 566 3295 coecitatis
586 3235 688 3292 habite
708 3244 768 3304 ost,
788 3235 951 3305 Postumio,
975 3234 1060 3290 ultori
1081 3233 1240 3305 consulum,
1262 3237 1412 3311 nogotium
1432 3235 1482 3292 da·

374 3343 512 3411 leretur,
532 3341 653 3409 videret,
674 3359 712 3396 no
732 3339 803 3414 quid
823 3359 871 3397 res
892 3339 1009 3416 publicu
1023 3339 1186 3398 detrimenti
1207 3349 1333 3416 cuperet.
1386 3343 1480 3418 Ipsum

319 3450 347 3506 ’.
424 3445 571 3504 consulem
598 3448 701 3507 Βοωω
725 3465 844 3503 manere
875 3445 913 3502 ad
940 3446 1163 3505 conscribendos
1187 3465 1297 3517 ornnes,
1330 3448 1382 3522 qui
1404 3463 1482 3504 arma

423 3553 500 3609 sture
520 3562 655 3627 pausent,
681 3553 820 3628 optimum
842 3551 937 3610 risum
961 3560 1020 3621 est3
1043 3569 1097 3628 pro
1119 3551 1236 3608 consulo
1256 3554 1295 3610 Τ.
1320 3553 1480 3626 Quinctium

375 3655 406 3709 ll
423 3655 553 3714 subsidio
572 3657 675 3714 cestris
697 3675 762 3716 cum
783 3657 885 3716 sociali
896 3657 1032 3716 xexercitu
1053 3657 1141 3728 mitti3
1163 3658 1201 3714 ad
1224 3673 1290 3715 eum
1311 3658 1478 3734 expleudum

426 3761 522 3818 Latini
543 3763 719 3838 Hernicique
747 3775 777 3820 et
800 3763 915 3821 colonia
937 3764 1057 3822 Antium
1080 3763 1150 3820 dare
1172 3762 1307 3836 Quinctio
1331 3763 1480 3824 subitarios

327 3859 350 3932 ὅ
424 3868 528 3925 milites
553 3869 609 3937 (ita
636 3879 697 3926 tum
725 3864 875 3946 repentina
902 3869 1012 3927 auxilia
1038 3867 1238 3945 appellabant)
1266 3869 1348 3926 iussi.
1400 3866 1478 3927 Multi

423 3991 477 4048 per
502 3991 552 4031 eos
580 3975 642 4032 dies
670 3984 765 4032 motus
786 3975 925 4050 multique
951 3975 1075 4051 impetus
1102 3974 1169 4031 hinc
1196 3983 1284 4048 atque
1307 3975 1385 4032 illinc
1405 3973 1479 4041 lacti,

423 4080 501 4155 quio,
534 4090 688 4157 superante
714 4079 904 4151 multitudine,
935 4081 1033 4138 hostes
1059 4096 1178 4155 numere
1199 4079 1388 4138 multifariam
1408 4079 1477 4136 vires

392 4183 586 4254 Humanas,
608 4195 719 4244 utnon
745 4184 976 4244 suffecturas-ud
1000 4182 1111 4256 omnia,
1139 4187 1270 4262 aggressi
1293 4197 1378 4258 uunt3
1399 4181 1477 4243 simul

422 4302 520 4349 castra
546 4291 805 4366 oppugnabantur,
837 4292 924 4349 simul
950 4311 1019 4368 pars
1050 4293 1193 4352 exmcitus
1221 4294 1259 4352 ed
1285 4293 1474 4370 populandum
