3392 5084
914 499 950 543 lv

394 668 501 726 librum
522 666 705 742 interspersis
727 665 851 737 ostendi,
874 666 944 741 quid
965 665 1097 724 homines
1119 666 1206 734 docti,
1231 665 1280 740 qui
1302 684 1395 741 nuper
1415 666 1467 723 Li·

396 752 476 808 vium
499 750 532 808 iu
551 744 715 808 Germania
737 747 888 805 ediderunt
901 757 931 805 et
952 748 1170 823 quummaxime
1198 748 1288 805 edunt
1315 746 1467 823 (Alschef-

396 833 491 890 slrium
507 833 558 889 vix
578 831 724 905 numero),
745 840 851 906 prater
871 830 936 889 illos
958 832 1048 901 locos,
1071 849 1194 904 qnorum
1211 830 1317 887 menda
1337 814 1466 887 noudum

396 924 502 972 sanate
534 934 552 972 a
580 932 728 989 quoquam
758 923 863 983 essent,
896 912 1077 971 efficiendum
1108 932 1143 971 ac
1171 913 1369 987 retingendum
1398 912 1467 970 reli·

397 998 535 1071 quissent
593 998 630 1054 Iu
661 996 721 1067 bis,
760 996 809 1070 qui
838 1015 914 1054 nunc
950 1016 968 1053 a
1001 996 1084 1053 nobie
1121 996 1304 1064 emittuntur,
1338 995 1466 1070 quinque

394 1080 476 1137 libris
511 1080 711 1155 proximisque
753 1078 873 1135 totidem
913 1079 1002 1138 totius
1036 1078 1212 1136 recensionis
1246 1077 1466 1135 fundamentum

396 1162 628 1220 constituendum
648 1178 711 1217 esse
734 1161 869 1217 convenit
888 1162 918 1218 in
948 1162 1047 1219 codice
1068 1160 1201 1219 Mediceo
1224 1160 1291 1233 (M),
1320 1160 1401 1219 cuius
1424 1161 1467 1217 ei-

365 1244 535 1302 'millimus
570 1243 625 1301 luit
655 1242 870 1301 vormatiensis
903 1238 989 1301 Beati
1021 1243 1165 1312 Rhenani‚
1194 1252 1223 1300 et
1253 1243 1284 1299 in
1306 1243 1467 1301 Parisiensi

397 1328 463 1399 (P),
486 1327 593 1401 quique
615 1326 700 1384 huius
720 1334 806 1382 sectae
827 1325 1036 1402 adiunguntur,
1058 1327 1088 1383 iu
1109 1326 1242 1400 partibus
1271 1335 1382 1383 tantum
1403 1326 1468 1383 noti

398 1410 602 1482 (mochimus,
623 1408 875 1477 Helmstadiensis‚
897 1393 1122 1479 Einsiedlerisis‚
1144 1409 1379 1483 Bambergeneis,
1400 1408 1467 1483 Up-

397 1492 555 1561 saliensis)‚
584 1491 627 1547 ita
652 1499 686 1548 ut
713 1491 807 1547 neutri
836 1500 931 1547 certus
961 1492 1141 1568 principatus
1164 1491 1353 1560 concedatur,
1376 1490 1466 1565 paulo

395 1575 461 1650 plus
490 1574 635 1631 tribuatur
665 1573 797 1630 Mediceo
826 1574 865 1630 ob
895 1582 1013 1632 servate
1041 1575 1173 1649 quasdam
1206 1592 1287 1649 paene
1319 1590 1468 1649 oppressae

396 1656 527 1713 veritatis
555 1656 670 1724 indicia,
698 1674 757 1712 nou
778 1656 911 1733 neglecto
931 1666 1028 1715 tamen
1050 1655 1202 1714 Herleiani
1228 1654 1334 1729 prioris
1357 1654 1413 1730 (Η)
1437 1664 1468 1712 et

396 1739 548 1796 Leideusis
570 1737 675 1813 prioris
698 1734 752 1814 (L)
773 1739 950 1809 testimonio,
973 1759 1031 1814 quo
1050 1756 1146 1815 pauca
1167 1738 1299 1811 quaedam
1315 1737 1467 1794 continen-

396 1822 494 1879 turin
516 1821 715 1895 superioribus
741 1820 797 1877 illis
825 1822 1002 1880 oblitterata.
1051 1822 1119 1891 ‘(Ad
1142 1839 1186 1889 ea,
1209 1838 1274 1893 quae
1295 1819 1466 1877 Emendatt.

396 1904 483 1962 Livv.
505 1924 535 1979 p.
563 1907 598 1961 31
630 1902 730 1979 posui,
758 1903 843 1961 buius
868 1905 910 1961 rei
933 1906 1107 1962 documenta
1128 1902 1245 1977 adiungi
1268 1910 1335 1959 unte
1367 1902 1468 1958 omnia

364 2043 369 2053 ,
397 1986 504 2045 debent
527 1996 645 2044 servata
673 1984 723 2046 lib.
754 1979 799 2055 Π,
831 1990 867 2045 15
895 1988 958 2045 init.
987 1987 1017 2043 in
1044 1986 1089 2043 bis
1115 1986 1228 2043 duobus
1257 1984 1404 2042 codicibus
1436 1993 1469 2041 et

395 2081 537 2145 praeterea
558 2070 588 2130 in
610 2068 758 2127 Vossiano
787 2070 879 2127 altero
908 2078 937 2125 et
956 2068 1126 2127 Florentino
1155 2068 1186 2127 S.
1218 2067 1313 2124 Murci
1341 2066 1469 2141 vestigia

395 2152 545 2209 nominum
575 2151 694 2209 alterins
723 2152 873 2209 consulum
895 2152 983 2225 paris,
1014 2162 1075 2209 tum
1096 2151 1136 2221 V,
1166 2152 1214 2219 52,
1248 2152 1293 2218 13,
1321 2158 1467 2206 retentum
1542 2164 1543 2231 q

395 2235 426 2291 iu
447 2234 492 2291 his
519 2243 549 2291 et
570 2234 762 2292 deterion'bus
783 2233 930 2291 codicibus
951 2252 1113 2309 pronomen
1135 2252 1191 2299 ece,
1215 2249 1393 2306 quamquem
1422 2232 1468 2289 ita
1542 2242 1543 2245 ’

395 2326 575 2393 corruptum,
596 2327 628 2375 ut
640 2320 693 2391 saa
712 2325 763 2375 aut
783 2334 828 2372 eos
842 2315 1008 2389 scribatur.)
1050 2317 1115 2373 Hos
1136 2314 1225 2391 igitur
1245 2314 1368 2385 cedices,
1390 2334 1468 2389 quos

394 2400 438 2457 illi
468 2418 593 2474 quoque,
625 2416 699 2475 quos
718 2397 889 2473 significavi,
916 2398 1055 2468 editores,
1084 2396 1225 2455 laudabili
1246 2396 1382 2465 consilio,
1413 2398 1467 2455 sed

395 2482 503 2540 iudicio
533 2482 677 2540 interdum
708 2498 768 2540 nou
799 2481 872 2539 satis
902 2481 994 2539 libero
1023 2500 1077 2539 nee
1105 2490 1191 2540 cauto
1221 2480 1384 2553 sequendos
1405 2480 1465 2537 sibi

396 2575 596 2640 sumpserunt,
624 2565 666 2621 sic
684 2564 775 2621 secuti
796 2582 910 2635 snmus,
938 2573 971 2621 ut
991 2564 1021 2621 in
1043 2564 1174 2621 dissensu
1197 2580 1306 2633 eorum,
1334 2561 1466 2619 maxime

397 2648 514 2722 quidem
535 2647 660 2705 Medicei
681 2656 710 2703 et
730 2645 919 2716 Parisiensis,
949 2654 1055 2721 praeter
1076 2646 1278 2704 auctoritatem
1306 2646 1466 2701 sententia-

396 2749 461 2787 rum
481 2730 679 2803 orationisque
701 2737 731 2785 et
750 2747 819 2785 usus
847 2727 987 2802 loquendi
1016 2738 1163 2787 momenta
1182 2727 1412 2803 ponderarcmus
1434 2738 1466 2783 et

395 2812 582 2869 librariorum
602 2812 719 2871 errandi
746 2810 984 2869 consuetudinem
1013 2812 1301 2887 opportunitatesque
1331 2809 1466 2866 conside-

396 2914 538 2964 raremus,
559 2894 589 2951 iu
610 2895 645 2951 iis
668 2902 782 2962 autem,
811 2897 877 2966 quae
892 2890 1005 2951 'nullam
1037 2903 1088 2950 eut
1117 2912 1209 2969 prope
1231 2891 1341 2948 nullum
1362 2892 1466 2949 huius·
1541 2932 1542 2943 ,

397 2978 477 3035 modi
498 2978 641 3035 haberent
660 2975 804 3051 probandi
826 2984 878 3034 aut
897 2975 1081 3053 improbandi
1109 2986 1219 3046 notam,
1248 2974 1381 3031 Mediceo
1409 2994 1465 3050 po-
1541 3018 1542 3029 ,

396 3060 539 3117 tissimum
560 3076 728 3135 pareremus
760 3058 850 3130 (velut
873 3060 902 3115 in
930 3060 1085 3115 verborum
1119 3060 1220 3115 ordine
1240 3058 1266 3126 Ι,
1293 3061 1318 3127 l,
1344 3059 1361 3112 8
1385 3067 1414 3114 et
1435 3061 1465 3127 5,

399 3146 417 3199 4
439 3153 469 3199 et
494 3146 509 3199 7
533 3152 563 3201 et
584 3144 612 3211 9,
635 3144 663 3210 3,
682 3151 743 3198 tum
768 3140 798 3197 in
818 3140 984 3199 huiusmodi
1005 3140 1164 3219 seripturis,
1194 3140 1287 3215 qualis
1317 3148 1361 3196 est
1384 3140 1411 3208 Ι,
1434 3144 1464 3210 6,

401 3229 414 3282 1
439 3226 527 3281 scelus
547 3242 601 3300 pro
624 3225 751 3295 seelera).
794 3223 909 3281 Deinde
943 3234 1055 3293 autem,
1087 3224 1137 3281 ubi
1168 3232 1220 3281 aut
1239 3224 1304 3298 ipsa
1328 3222 1464 3279 codicum

398 3306 594 3380 discrepantia
621 3322 686 3365 cum
708 3304 865 3363 manifesta
892 3307 1035 3364 interdum
1058 3307 1218 3364 litterarum
1244 3307 1463 3379 verborumque

398 3387 569 3446 confusione
594 3388 789 3463 suspicionem
813 3390 967 3460 movebat,
1000 3398 1051 3449 aut
1072 3408 1124 3456 ea,
1146 3408 1211 3463 quae
1231 3388 1261 3445 in
1294 3387 1463 3444 melioribus

398 3470 547 3528 codicibus
568 3479 734 3527 constanter
749 3479 801 3527 aut
822 3489 889 3529 cum
907 3471 965 3528 levi
976 3490 1029 3529 nec
1042 3472 1205 3547 suspiciosa
1225 3470 1368 3527 varietate
1382 3469 1463 3545 lege·
1536 3482 1541 3495 ⁴

398 3554 520 3620 bantur,
548 3561 646 3609 tamen
667 3547 883 3611 aut'sententia
906 3573 1000 3630 prava
1028 3563 1057 3611 et
1080 3574 1099 3611 a
1127 3574 1159 3611 re
1187 3564 1216 3611 et
1236 3552 1314 3610 Livii
1339 3553 1464 3609 consilio

398 3635 610 3711 propositoque
632 3635 727 3693 aliena
748 3644 799 3693 ant
819 3635 913 3693 oratio
936 3655 955 3693 a
976 3637 1117 3693 sermonis
1133 3636 1230 3695 Latini
1252 3654 1305 3692 usu
1320 3634 1462 3693 Livianu-
1540 3632 1541 3641 ’

399 3736 456 3791 que
477 3717 591 3775 dicendi
611 3737 717 3793 genere
738 3718 905 3775 iustitutave
924 3728 1024 3794 aperte
1041 3717 1138 3776 forma
1159 3729 1188 3776 et
1210 3718 1331 3775 artificio
1354 3718 1464 3774 abhor-

397 3817 465 3857 rens
489 3809 518 3855 et
538 3800 601 3857 sine
629 3818 720 3859 causa
750 3801 891 3859 aberrans
913 3810 964 3859 aut
984 3800 1109 3876 denique
1131 3802 1283 3858 coniuncta
1314 3800 1465 3857 sententias

399 3882 597 3956 orationisque
611 3883 683 3942 vitia
703 3884 746 3941 ite
759 3885 967 3958 coarguebant,
995 3894 1027 3941 nt
1049 3884 1230 3959 negligentia
1244 3882 1463 3941 excusationem

398 3983 457 4023 uon
488 3964 649 4040 reciperent
679 3985 733 4024 uec
753 3960 780 4023 ¹a
804 3967 890 4023 Livio
921 3967 1031 4042 scripta
1059 3966 1137 4024 credi
1158 3976 1286 4041 possent,
1317 3964 1367 4041 (-
1393 3984 1463 4023 uam

399 4047 546 4120 quasdam,
570 4066 636 4122 quae
663 4048 790 4123 aliquam
820 4048 929 4107 habent
957 4048 1147 4107 offensionem
1173 4058 1224 4106 aut
1252 4048 1339 4105 etiam
1369 4048 1464 4105 mani·

397 4128 505 4187 festum
534 4148 672 4198 errorem,
702 4131 803 4189 Livius
832 4141 929 4189 tamen
950 4132 1065 4208 scripsit
1086 4130 1140 4205 --)
1161 4131 1216 4202 ibi,
1241 4149 1328 4205 quum
1350 4137 1464 4187 tenere·

398 4230 473 4282 mus,
506 4212 600 4286 qualis
622 4213 725 4271 luisset
744 4214 839 4273 codex
860 4223 1025 4273 nostrorum
1054 4216 1182 4271 omnium
1213 4214 1255 4279 (in
1285 4213 1330 4270 his
1362 4213 1462 4270 decem

395 4292 494 4372 libris)
525 4313 632 4370 parens
663 4306 692 4354 et
713 4315 788 4373 quos
813 4296 873 4355 iem
904 4316 1017 4357 errores
1045 4298 1220 4373 suscepisset
1241 4294 1289 4372 (de
1311 4314 1369 4370 quo
1401 4296 1463 4353 dixi
