3392 5084
460 517 499 575 08
782 511 908 564 biberll.
945 512 1059 577 (huc.
1072 513 1149 576 tto.)

418 697 568 773 Esquiliis,
590 697 649 755 alia
679 697 709 754 iu
730 695 879 755 Aventino
900 698 972 756 liant
992 696 1134 768 eoncilia,
1156 696 1320 773 dispersum
1345 707 1376 758 et
1402 700 1482 757 dissi-

387 810 519 879 lpatam
541 819 606 860 esse
626 820 687 860 ram
709 801 866 877 publicam.
888 802 987 862 Unum
1008 801 1126 860 hercule
1146 802 1242 860 virum
1264 801 1310 880 (id
1331 804 1407 862 euim
1422 806 1482 881 plus

417 923 481 965 esse
511 924 601 981 quam
628 905 800 982 consulem),
827 906 922 981 qualis
949 909 1008 982 Ap.
1033 906 1173 966 Claudius
1198 907 1306 978 inerit,
1340 919 1482 968 momento

387 1012 556 1088 5temporls
578 1011 778 1070 discussurum
804 1012 872 1070 illos
904 1021 1004 1070 coetus
1037 1011 1135 1072 fuisse.
1190 1012 1326 1090 Correpti
1357 1016 1482 1074 consules

417 1135 521 1192 quum,
551 1116 621 1190 quid
646 1135 717 1192 ergo
744 1135 777 1175 se
800 1116 900 1175 facere
920 1116 1029 1174 vellent
1049 1117 1132 1188 (nihil
1155 1119 1230 1177 enirn
1252 1119 1371 1194 segnius
1394 1122 1483 1179 molli·

417 1239 498 1291 usve,
511 1240 600 1296 quam
611 1223 744 1298 patribus
758 1223 884 1298 placeat,
897 1216 1040 1297 acturos),
1049 1229 1298 1296 percontarentur,
1321 1225 1482 1292 decernunt,

417 1335 449 1385 ut
469 1327 612 1385 delectum
634 1346 724 1402 quam
747 1326 919 1385 acerrimum
943 1326 1090 1399 habeunt3
1120 1327 1180 1384 otio
1202 1327 1341 1386 lascivire
1362 1329 1481 1405 plebem.

386 1432 548 1490 6Dimisso
571 1442 674 1491 senatu
696 1433 830 1490 consules
852 1431 882 1488 iu
904 1429 1032 1488 tribunal
1056 1431 1226 1509 escendunt3
1248 1433 1341 1492 citant
1354 1433 1481 1491 nomina-

415 1537 468 1608 tim
490 1538 627 1596 iuniores.
676 1537 772 1610 Quum
794 1538 834 1595 ad
856 1556 963 1595 nomen
983 1555 1069 1595 nemo
1090 1537 1289 1612 responderet,
1312 1537 1481 1596 cmcumbm

416 1642 571 1699 multitudo
597 1642 629 1699 iu
649 1643 792 1700 contionis
823 1643 943 1702 modum
980 1657 1105 1717 negare,
1137 1641 1215 1700 ultra
1246 1642 1343 1718 decipi
1371 1643 1481 1719 plebem

385 1751 519 1823 ‘lposse;
540 1765 689 1822 uunquam
712 1765 800 1805 uuum
822 1748 942 1806 militem
965 1746 1132 1817 habituros,
1156 1747 1187 1804 ni
1206 1755 1394 1822 praestaretur
1416 1748 1481 1804 fides

415 1852 546 1928 publico;
568 1853 733 1912 libertatem
747 1854 902 1928 unicuique
916 1853 997 1929 prius
1011 1852 1189 1910 reddendam
1207 1870 1271 1910 esse
1293 1871 1382 1927 quem
1405 1869 1482 1910 arma

416 1956 530 2027 danda,
562 1966 596 2015 ut
616 1976 671 2032 pro
692 1959 790 2033 putris
810 1959 994 2034 civibusque,
1023 1976 1082 2015 non
1109 1975 1163 2032 pro
1193 1957 1318 2015 dominis
1348 1965 1481 2032 pugnent.

385 2060 568 2132 SCousules,
591 2063 661 2138 quid
682 2065 853 2122 mandatum
875 2072 951 2121 esset
966 2082 985 2120 a
998 2070 1110 2133 senatu,
1133 2062 1280 2134 videbant,
1303 2065 1356 2121 sed
1377 2076 1480 2130 eorum,

415 2167 466 2241 qui
486 2169 564 2226 intra
584 2169 714 2245 parietes
736 2169 823 2227 curiae
843 2169 981 2228 ferociter
1001 2170 1198 2243 loquerentur,
1220 2169 1367 2227 neminem
1384 2169 1480 2226 edesse

415 2271 531 2330 invidiae
554 2291 615 2331 suae
636 2275 820 2351 participem
852 2283 881 2330 et
902 2274 1065 2348 apparebat
1088 2281 1174 2330 atrox
1195 2292 1261 2332 cum
1283 2274 1370 2350 plebe
1391 2282 1479 2332 certa·
1525 2303 1526 2308 ¹

385 2380 490 2438 limen.
534 2380 622 2438 Prius
643 2379 752 2452 itaque,
775 2397 862 2453 quam
886 2378 987 2435 ultima
1007 2378 1215 2453 experirentur,
1236 2380 1479 2438 senatumiterum
1525 2415 1526 2444 2

416 2483 567 2542 consulere
588 2482 706 2558 placuit.
751 2484 828 2540 Tum
851 2501 921 2540 vero
944 2482 982 2540 ad
1003 2482 1090 2540 selles
1116 2484 1265 2542 consulum
1279 2501 1479 2561 propereoon·

415 2590 555 2647 volavero
576 2589 712 2646 minimus
734 2588 858 2663 quisque
884 2596 955 2644 natu
978 2597 1112 2662 potrum,
1144 2589 1282 2648 ebdioare
1304 2589 1478 2648 consulstun

415 2693 547 2750 iubentes
570 2703 599 2750 et
620 2694 766 2768 deponere
786 2693 956 2769 imperium,
980 2693 1018 2749 ud
1040 2694 1119 2768 quod
1140 2695 1278 2752 tuendum
1301 2694 1416 2752 enimus
1436 2693 1479 2750 de·
1524 2739 1525 2748 ,

320 2787 365 2858 29
416 2807 500 2859 esset.
543 2799 678 2873 Utraque
698 2818 731 2855 re
752 2799 823 2856 satis
845 2807 982 2874 experte,
1011 2806 1072 2854 tum
1095 2799 1210 2858 demum
1234 2800 1385 2860 consules:
1421 2799 1479 2868 „Ne

414 2903 584 2979 praedictum
616 2904 744 2978 negetis,
783 2913 884 2980 patres
916 2903 1088 2978 conscripti,
1121 2903 1205 2962 adest
1236 2904 1339 2979 ingens
1371 2903 1477 2962 seditio·

416 3009 615 3080 Postulamus,
636 3017 670 3067 ut
689 3009 719 3080 ii,
741 3009 792 3084 qui
813 3009 942 3066 maxime
963 3007 1111 3084 ignaviam
1134 3008 1294 3083 increpant,
1316 3009 1414 3066 adsint
1432 3025 1478 3064 no·

415 3113 460 3170 bie
481 3114 655 3173 habentibus
677 3114 829 3172 delectum.
880 3114 1025 3173 Acerrimi
1047 3113 1186 3187 cuiusque
1207 3113 1345 3188 arbitrio,
1368 3112 1478 3188 quando
1523 3151 1524 3186 ,

384 3219 456 3294 2ita
477 3219 590 3294 placet,
611 3238 673 3277 rem
696 3223 846 3295 agemus.“
899 3219 1034 3278 Redeunt
1056 3219 1086 3274 iu
1107 3219 1250 3286 tribuna13
1287 3218 1372 3276 citeri
1392 3215 1478 3275 nomi·
1523 3197 1524 3235 ¹

414 3325 505 3381 natim
527 3343 616 3391 unum
638 3343 676 3381 ex
698 3325 752 3395 iis,
777 3324 879 3398 quiin
901 3332 1057 3399 conspectu
1078 3331 1175 3392 erant,
1207 3321 1308 3381 dedite
1329 3341 1420 3398 opera
1439 3321 1477 3378 iu-

413 3430 491 3486 bent.
541 3430 638 3503 Quum
660 3439 751 3486 staret
783 3429 890 3487 teritus
926 3438 955 3486 et
984 3429 1062 3488 circe
1088 3447 1154 3486 cum
1184 3427 1297 3502 aliquot
1325 3428 1477 3486 hominum,
1522 3465 1523 3508 ,

415 3553 452 3591 ne
472 3533 549 3592 forte
571 3535 740 3605 violaretur,
768 3534 943 3592 constitisset
964 3534 1085 3608 globus,
1113 3533 1243 3590 lictorem
1266 3534 1393 3590 adeum
1415 3548 1477 3590 eon·
1522 3523 1523 3603 l

384 3639 491 3702 asules
513 3639 639 3698 mittunt.
688 3639 755 3714 Quo
777 3641 910 3715 repulso,
932 3649 993 3696 tum
1014 3657 1085 3696 vero
1110 3637 1259 3713 iudignum
1284 3637 1397 3696 facinus
1419 3651 1475 3694 esse

415 3745 607 3814 clamitantes,
630 3744 680 3818 qui
702 3753 821 3818 patrum
842 3744 1010 3803 consulibus
1022 3742 1153 3811 aderant,
1174 3741 1313 3800 devolant
1334 3741 1475 3800 detribu·

382 3848 651 3919 4na1i,otliotori
673 3849 911 3912 auxilioeseent.
954 3847 1014 3907 Sed
1031 3848 1068 3905 ab
1085 3848 1196 3917 lictore,
1217 3845 1289 3904 nihil
1303 3847 1382 3906 uliud
1395 3862 1474 3921 quem
1521 3903 1522 3912 ,

413 3955 554 4029 prendere
578 3953 743 4029 prohibito,
766 3971 855 4028 quum
879 3955 1036 4012 conversus
1063 3954 1093 4010 in
1119 3959 1219 4028 petros
1242 3950 1368 4026 impetus
1397 3956 1474 4014 esset,

413 4058 564 4116 consulum
585 4056 746 4116 intercursu
765 4059 832 4116 rixa
851 4059 954 4116 sedate
976 4068 1029 4128 est,
1049 4057 1080 4115 in
1100 4075 1160 4132 qua
1181 4065 1278 4114 tameo
1299 4055 1363 4114 sine
1376 4053 1474 4130 lapide

413 4164 475 4221 sine
502 4163 561 4220 telo
598 4162 664 4237 plus
699 4163 835 4220 clamoris
868 4173 957 4238 etque
981 4163 1092 4220 irarum
1119 4180 1208 4236 quum
1236 4161 1348 4220 iniuria
1377 4161 1473 4220 iuerat·

383 4271 400 4324 5
414 4268 540 4326 Senatus
560 4267 871 4326 tumultuosevocatus
883 4267 1087 4326 tumultuosius
1102 4267 1271 4339 consulitur,
1294 4267 1472 4343 questionem
