3392 5084
503 520 582 571 mser
597 519 660 572 vu.
695 519 975 584 (aenea-sco.)
1185 527 1222 580 57
1312 496 1315 505 ¹

202 703 360 772 eximium,
386 705 558 763 versicolori
583 715 664 763 veste
684 707 825 781 pictisque
846 715 874 763 et
900 725 971 763 auro
993 707 1100 764 caelatis
1120 706 1264 782 refulgens

202 809 308 879 armis3
339 809 439 866 media
460 811 490 867 in
512 798 604 867 altero
628 812 759 870 militaris
783 822 903 883 statura,
932 813 1104 887 modicaque
1125 813 1154 870 in
1177 813 1264 870 armis
1289 843 1295 850 ·

200 915 350 972 habilibus
373 914 467 990 magis
490 934 577 988 quam
600 916 712 975 decoris
733 917 858 994 species,
881 937 939 976 non
963 927 1073 988 cantare,
1095 938 1152 975 non
1167 913 1295 975 exsul-8

200 1022 272 1078 tatio
296 1039 510 1096 armorumque
531 1021 652 1096 agitatio
674 1040 759 1092 vana,
783 1024 833 1080 sed
854 1032 954 1097 pectus
976 1025 1136 1081 animorum
1158 1025 1265 1098 iraeqne

199 1127 296 1183 tacitae
318 1127 455 1202 plenum3
478 1146 592 1184 omnem
614 1126 752 1185 ferociam
774 1128 803 1184 iu
818 1128 970 1186 discrimen
991 1129 1084 1204 ipsum
1101 1129 1265 1186 certaminis

198 1234 366 1292 distulerat.
424 1234 485 1296 Ubi
505 1233 661 1290 constitere
680 1234 755 1291 iuter
784 1234 856 1290 duas
888 1234 979 1303 acies,
1012 1243 1055 1291 tot
1081 1235 1157 1290 circa
1188 1229 1295 1292 mor-9

197 1339 300 1396 talium
325 1339 435 1396 animis
457 1357 508 1413 spe
538 1349 674 1413 metuque
703 1338 907 1415 pendentibus,
940 1338 1043 1396 Gallus
1070 1339 1149 1396 velut
1176 1340 1265 1396 moles

197 1464 327 1521 superne
350 1446 521 1514 imminens,
552 1445 683 1520 proiecto
709 1445 784 1501 lava
803 1452 903 1512 scuto,
933 1443 962 1500 in
983 1445 1162 1502 advenientis
1184 1463 1266 1502 erma

196 1552 290 1608 hostis
315 1571 429 1607 vanum
452 1551 546 1607 casim
568 1571 632 1608 cum
654 1550 761 1624 ingenti
783 1551 878 1606 sonitu
901 1567 996 1606 ensem
1019 1551 1134 1621 deiecit,
1156 1547 1317 1608 Roma-10

196 1675 247 1712 nus
271 1674 421 1713 mucrone
443 1659 592 1727 subrecto,
624 1675 711 1731 quum
736 1665 818 1712 acuto
839 1665 950 1712 scutum
973 1655 1062 1712 imum
1089 1656 1266 1732 perculisset,

196 1770 323 1836 totoque
346 1780 473 1837 corpore
506 1763 626 1820 interior
658 1761 785 1837 periculo
811 1761 937 1817 vulneris
970 1761 1063 1820 factus
1095 1762 1267 1819 insinuasset

194 1885 224 1923 se
246 1867 334 1924 inter
357 1885 465 1943 corpus
487 1887 637 1942 armaque,
664 1886 721 1924 uno
744 1867 893 1940 alteroque
913 1868 1034 1925 subinde
1054 1869 1112 1926 ictu
1136 1877 1266 1925 ventrem

194 1982 286 2049 atque
313 1974 439 2048 inguina
471 1975 568 2032 hausit
598 1984 626 2031 et
650 1974 679 2030 in
706 1972 831 2049 spatium
858 1973 958 2048 ingens
987 1985 1115 2031 ruentem
1138 1975 1268 2049 porrexit

194 2076 326 2138 hostem.
374 2080 502 2137 Iacentis
523 2081 590 2137 inde
610 2096 715 2153 corpus
737 2079 774 2135 ab
795 2078 872 2136 omni
888 2079 945 2134 alia
959 2081 1114 2137 vexatione
1128 2081 1266 2136 intactum
1282 2077 1314 2132 11

194 2205 251 2243 uno
274 2196 392 2259 torque
411 2186 557 2259 spoliavit,
579 2203 664 2258 quem
686 2201 847 2258 respersum
870 2202 971 2242 cruore
986 2185 1060 2243 collo
1080 2186 1267 2242 circumdedit

193 2311 257 2350 suo.
302 2291 464 2348 Defixerat
478 2310 574 2366 pavor
587 2308 651 2346 cum
667 2289 856 2346 admiratione
871 2290 987 2361 Gallos3
1009 2292 1136 2350 Romani
1157 2291 1267 2348 alacres
1283 2286 1317 2342 12
1354 2279 1356 2282 ¹

195 2400 230 2455 ab
252 2398 394 2455 statione
418 2396 536 2453 obviam
558 2395 641 2451 militi
661 2413 714 2451 suo
741 2397 918 2470 progressi,
940 2398 1118 2472 gratulantes
1146 2397 1267 2454 laudan-

193 2513 302 2579 tesque
335 2502 377 2559 ad
409 2484 580 2558 dictatorern
610 2500 778 2581 perducunt.
826 2503 907 2560 Inter
935 2503 1093 2560 carminum
1124 2522 1215 2578 prope
1241 2505 1268 2558 in
1284 2499 1318 2555 13

193 2611 322 2666 modum
364 2609 515 2666 incondita
557 2609 687 2682 quaedam
729 2606 891 2665 militariter
933 2609 1091 2665 ioculantes
1124 2610 1268 2683 Torquati

194 2733 370 2791 cognomen
383 2715 531 2784 anditum3
549 2714 723 2771 celebratum
737 2714 839 2771 deinde
855 2714 976 2788 posteris
995 2714 1079 2770 etiam
1094 2713 1268 2789 familiaeque

194 2821 305 2878 honori
320 2819 393 2877 fuit.
431 2821 569 2877 Dictator
582 2837 718 2874 coronam
735 2837 852 2875 auream
869 2819 980 2875 addidit
993 2819 1109 2889 donum,
1131 2819 1268 2894 mirisque
1284 2817 1319 2872 14

194 2946 247 3002 pro
271 2927 421 2986 contione
443 2945 507 2984 eam
530 2943 655 3001 pugnam
677 2924 810 2981 laudibus
831 2925 904 2986 tulit.

278 3035 326 3092 Et
354 3033 474 3090 hercule
500 3031 573 3088 tanti
600 3049 635 3084 ea
662 3029 699 3084 ad
728 3030 853 3086 universi
878 3029 944 3086 belli
974 3039 1106 3088 eventum
1131 3031 1269 3088 momenti
1325 3021 1358 3090 ll

194 3141 354 3198 dimicatio
377 3137 448 3208 fnit,
476 3147 508 3193 ut
533 3135 685 3195 Gallorum
708 3135 850 3192 exercitus
874 3135 1008 3210 proxima
1037 3146 1136 3206 nocte,
1163 3136 1268 3192 relictis

192 3248 312 3322 trepide
336 3245 459 3312 castris,
486 3242 516 3298 in
539 3241 688 3299 Tiburtem
712 3259 810 3314 agrum
838 3252 926 3315 atque
946 3242 1021 3310 inde,
1043 3241 1180 3298 societate
1201 3241 1268 3298 belli

192 3349 275 3409 iacta
306 3357 537 3420 commeatuque
565 3345 687 3420 benigne
718 3347 755 3402 ab
781 3346 950 3403 Tiburtibus
981 3348 1110 3417 adiutus,
1142 3366 1211 3403 mox
1237 3347 1267 3404 in

193 3455 401 3532 Campaniam
432 3453 588 3510 transierit.
648 3452 694 3508 Ea
722 3451 777 3508 fuit
809 3470 912 3521 causa,
945 3471 994 3510 cur
1025 3454 1159 3527 proximo
1190 3447 1297 3509 annul

194 3561 225 3626 C.
249 3561 404 3622 Poetelius
436 3558 548 3616 Balbus
575 3557 689 3627 consul,
732 3577 819 3632 quum
851 3559 967 3634 collegae
1006 3559 1066 3615 eius
1097 3559 1138 3616 M.
1172 3560 1264 3616 Fabio
1279 3530 1441 3653 ‘2232ss

193 3670 351 3726 Ambusto
376 3664 498 3723 Hernici
519 3664 672 3739 provincia
690 3663 840 3734 evenisset,
868 3664 1006 3722 adversus
1028 3666 1163 3722 Tiburtes
1185 3665 1265 3722 iussn

192 3774 300 3849 populi
324 3771 488 3828 exercitum
511 3770 655 3826 duceret..
686 3769 743 3825 nd
774 3787 894 3842 quorum
918 3771 1054 3828 auxilium
1078 3763 1165 3844 quum
1189 3770 1297 3829 Galli3

193 3897 228 3936 ex
255 3876 435 3952 Campania
458 3875 615 3944 redissent,
643 3873 728 3931 ioedae
755 3876 956 3949 populationes
983 3877 1012 3933 in
1035 3878 1182 3934 Lauicano
1205 3879 1268 3935 Tu-

193 3986 385 4058 sculanoque
415 3991 445 4038 et
474 3983 592 4039 Albano
625 3999 696 4054 agro
730 3981 808 4036 haud
842 3982 928 4038 dubie
949 3983 1118 4039 Tiburtibus
1148 3983 1268 4041 ducibus

194 4100 263 4147 sunt
285 4089 397 4156 factae,
418 4096 458 4156 et,
481 4105 569 4161 quum
592 4086 730 4142 adversus
751 4085 902 4142 Tiburtem
924 4087 1035 4143 hostem
1058 4087 1131 4144 duce
1151 4087 1299 4148 consule4

194 4206 341 4254 contenta
361 4213 411 4252 res
433 4192 552 4268 publica
573 4200 658 4260 esset,
679 4190 809 4248 Gallicus
831 4191 968 4248 tumultus
984 4192 1153 4250 dictatorem
1176 4195 1269 4251 creari

194 4303 306 4378 coegit.
358 4299 486 4358 Creatns
509 4297 544 4370 Q.
571 4295 710 4354 Servilius
732 4296 829 4352 Ahala
851 4297 888 4352 T.
910 4297 1074 4369 Quinctium
1098 4295 1266 4374 magistrum
