3392 5084
445 521 506 578 266
738 517 816 572 Liber
833 516 869 566 X·
914 516 964 578 (Δ,
977 531 1002 563 u.
1017 531 1041 568 o,
1053 519 1128 578 461.)

401 701 508 762 dicad
530 701 720 777 Aquiloniam
744 699 919 758 Samnitium
948 698 1040 756 millis
1057 698 1162 773 viginti
1191 699 1317 756 mecenti
1342 699 1465 773 qnadra-

401 808 492 883 ginta,
515 815 603 882 capta
623 804 681 862 tris.
702 803 794 862 millia
814 803 972 878 octingenti
991 809 1023 860 e‘t
1043 805 1238 879 septuaginta,
1259 803 1346 878 sigua
1365 803 1463 860 militu-

370 911 447 970 tiria
467 911 628 985 nonaginta
650 918 770 984 septem.
815 907 951 968 Ceterum
978 908 1049 966 sstud
1075 909 1223 966 memorias
1244 909 1384 977 madium,
1410 928 1463 965 non

402 1015 494 1074 ferme
516 1015 604 1072 alium
627 1015 729 1072 ducem
750 1013 891 1071 lautiorem
910 1014 943 1070 iu
964 1014 1028 1071 scie
1047 1013 1142 1070 visum
1164 1031 1217 1069 son
1232 1023 1338 1088 suopte
1356 1013 1462 1088 ingenio

373 1125 455 1178 iseu
476 1119 582 1178 fiducie
600 1091 677 1179 isene
698 1119 834 1195 gerunda
859 1119 913 1177 rei.
956 1121 1007 1177 Ab
1030 1119 1131 1176 eodem
1146 1118 1255 1176 robure
1268 1119 1358 1176 animi
1377 1137 1462 1192 neque

404 1237 592 1286 controverso
626 1224 756 1300 auspicio
787 1226 921 1282 revocari
954 1245 972 1282 a
1002 1223 1108 1300 proelio
1135 1223 1231 1298 potnit
1270 1234 1302 1281 et
1333 1225 1364 1280 in
1403 1225 1462 1298 ipso

404 1331 583 1400 discrimine,
623 1349 681 1404 quo
711 1329 821 1404 templa
853 1328 915 1386 deis
935 1328 1149 1386 immortalibus
1178 1331 1281 1386 voveri
1309 1349 1372 1386 mos
1397 1340 1461 1394 esst,

403 1447 536 1504 voverat,
557 1436 623 1492 lovi
645 1433 774 1502 Victori,
803 1434 828 1490 si
855 1434 984 1510 legiones
1012 1433 1139 1491 hostium
1163 1433 1303 1506 fudisset,
1334 1435 1460 1510 pocillum

403 1539 498 1609 mulsi,
519 1539 689 1614 priusquam
712 1547 849 1596 temetum
878 1539 999 1609 biberet,
1029 1555 1093 1596 sese
1113 1539 1270 1600 facturum.
1313 1541 1349 1596 Id
1370 1548 1462 1596 votum

406 1644 450 1702 dis
472 1644 554 1702 cordi
574 1643 638 1714 fuit,
659 1653 688 1702 et
710 1644 842 1720 auspicia
863 1645 894 1702 in
911 1646 1021 1701 bonum
1043 1653 1200 1706 verterunt.

306 1738 351 1808 43
488 1749 601 1806 Eadem
622 1749 741 1808 fortuna
762 1753 800 1807 ab
822 1749 915 1806 altero
937 1749 1056 1805 consule
1075 1750 1115 1806 sd
1128 1748 1294 1808 Cominium
1309 1759 1392 1826 gasts
1410 1769 1461 1807 ros.

404 1854 508 1910 Prima
529 1853 593 1910 lnce
615 1856 653 1911 ad
674 1855 783 1913 moenia
803 1853 938 1912 omnibus
960 1854 1052 1928 copiis
1073 1855 1210 1924 admotis,
1241 1873 1353 1913 corona
1381 1855 1463 1910 cinxit

404 1959 505 2016 urbem
534 1959 721 2033 subsidiaque
751 1961 850 2030 firma,
872 1977 910 2015 ue
930 1977 990 2033 qua
1010 1960 1124 2034 eruptio
1145 1961 1236 2029 lieret,
1264 1960 1357 2035 portis
1378 1978 1462 2035 oppo—

371 2059 390 2120 2
403 2065 471 2120 suit.
515 2065 581 2121 Iam
603 2065 715 2140 signum
738 2065 855 2122 dautem
883 2082 949 2120 snm
970 2065 1087 2120 nuntius
1109 2084 1129 2121 a
1149 2064 1263 2139 collega
1283 2065 1411 2141 trepidus
1430 2065 1464 2120 de

404 2169 506 2243 viginti
527 2168 690 2228 cohortium
712 2170 839 2227 adventu
860 2179 890 2225 et
902 2171 942 2226 ab
962 2169 1071 2244 impetu
1091 2177 1222 2226 moratus
1242 2179 1288 2227 est
1308 2179 1338 2227 et
1356 2180 1463 2245 partem

327 2331 335 2339 ,
404 2274 553 2348 copiarum
585 2293 725 2332 revocare
750 2276 921 2332 instructam
952 2275 1150 2349 intentamque
1175 2274 1213 2332 ad
1243 2275 1464 2350 oppugnandum

373 2375 507 2452 3coegit
550 2379 589 2435 Ι).
615 2380 738 2436 Brutum
761 2380 894 2439 Soaevam
922 2380 1050 2455 legatum
1081 2398 1146 2436 cum
1174 2379 1291 2454 legione
1318 2380 1412 2455 prims
1438 2389 1465 2435 et

404 2484 503 2542 decem
526 2485 692 2542 cohortibus
725 2485 823 2542 alariis
853 2486 1041 2560 equitatuque
1068 2486 1111 2541 ire
1142 2485 1284 2542 adversus
1311 2483 1463 2542 subsidium

372 2589 529 2646 «thascium
551 2589 646 2645 iussit:
680 2608 854 2664 quocunque
882 2590 913 2646 in
941 2589 1007 2646 loco
1036 2588 1140 2647 fuisset
1167 2591 1286 2658 obvius,
1319 2589 1465 2646 obsisteret

404 2712 438 2751 ac
460 2702 633 2763 moraretur,
654 2712 839 2769 manumque,
867 2695 892 2751 si
915 2694 992 2751 forte
1012 2695 1055 2750 its
1078 2714 1126 2752 res
1147 2705 1291 2769 posceret,
1317 2691 1466 2759 conferret,

374 2798 492 2856 5modo
523 2819 560 2856 ne
591 2798 630 2854 ad
658 2796 823 2856 Cominium
855 2818 898 2856 esa
925 2799 1193 2874 copioe'sdmoveri
1219 2808 1348 2875 possent.
1400 2799 1467 2870 lpse

281 2879 286 2884 ⁹
404 2903 499 2960 scalas
521 2901 590 2960 ferri
612 2903 650 2958 ad
672 2921 771 2960 muros
793 2905 831 2960 ab
853 2903 933 2960 omni
954 2913 1038 2979 parte
1056 2905 1137 2961 urbis
1165 2904 1251 2960 iussit
1272 2922 1308 2960 ac
1328 2901 1469 2959 testudine

405 3007 443 3063 ad
473 3015 574 3081 portas
610 3009 763 3077 successim
800 3009 887 3065 simul
917 3018 947 3064 et
979 3008 1213 3084 refringebantur
1241 3015 1336 3083 porte
1366 3016 1396 3062 et
1424 3005 1469 3061 vis

404 3110 531 3184 undique
551 3111 581 3166 in
603 3130 701 3168 muros
722 3113 822 3170 fiebat.
865 3112 1011 3171 Samnites
1032 3115 1121 3183 sicut,
1150 3123 1308 3188 anmquam
1330 3113 1361 3170 in
1382 3113 1469 3168 muris

404 3216 535 3274 viderent
557 3224 696 3286 armatos,
725 3219 796 3276 satis
816 3214 907 3274 animi
926 3219 1091 3275 habueruut
1113 3219 1152 3274 ad
1172 3217 1370 3292 prohibendos
1391 3220 1469 3274 urbis

372 3320 484 3377 baditu
506 3322 614 3390 hostes,
644 3323 695 3392 its,
723 3333 879 3398 postquam
900 3322 959 3380 inm
982 3340 1042 3379 non
1068 3339 1106 3378 ex
1126 3321 1281 3378 intervallo
1303 3342 1357 3380 nec
1378 3322 1467 3379 missi·

350 3443 355 3446 ·
403 3424 493 3493 libus,
525 3426 576 3482 sed
608 3427 738 3484 eominus
767 3428 925 3502 gerebatur
949 3445 997 3483 res
1025 3435 1070 3496 et,
1102 3426 1153 3500 qui
1174 3444 1252 3500 segre
1272 3439 1469 3522 successerant

403 3547 440 3585 ex
461 3529 550 3604 plano
572 3531 601 3587 in
622 3549 730 3601 muros,
752 3532 827 3601 loeo,
855 3550 941 3605 quem
963 3532 1058 3607 magis
1078 3531 1244 3600 timuerant,
1277 3532 1367 3600 victo,
1386 3531 1470 3588 facile

373 3632 433 3690 liu
453 3634 567 3692 bostem
588 3635 729 3710 imparem
752 3655 790 3694 ex
810 3655 895 3710 aeqno
915 3639 1102 3712 pugnabant,
1129 3635 1237 3692 relictis
1258 3636 1389 3692 turribus
1410 3655 1468 3692 mu·

402 3737 502 3812 risque
525 3739 555 3794 in
584 3738 680 3797 forum
710 3759 811 3797 omnes
838 3742 997 3814 compulsi,
1023 3740 1173 3815 paulisper
1192 3740 1262 3798 iude
1288 3749 1469 3798 tentaverint

373 3825 564 3900 Sexuemam
586 3861 692 3918 pugnes
712 3843 876 3913 fortunam
898 3846 1002 3902 deinde
1024 3845 1145 3902 abiectis
1167 3844 1257 3915 armis
1280 3845 1321 3901 ud
1340 3847 1470 3902 undecim

290 3925 298 3936 ’
403 3947 494 4006 millia
522 3949 670 4005 hominum
701 3958 730 4006 et
761 3950 963 4024 quadringenti
983 3951 1015 4006 in
1037 3941 1128 4007 ‘tidem
1160 3933 1287 4007 consulis
1315 3961 1471 4015 venatuum

404 4069 480 4110 cassa
502 4053 540 4108 ad
562 4062 700 4126 quattuor
721 4054 811 4112 millia
833 4055 991 4130 octingenti
1010 4055 1172 4128 octogmta

372 4157 391 4210 9
489 4155 539 4214 Sic
562 4159 599 4214 ad
614 4155 789 4227 Cominium,
811 4159 853 4216 sic
874 4159 914 4215 ad
926 4140 1117 4233 Aquiloniam
1139 4142 1223 4234 gesta
1243 4177 1307 4226 ree3
1324 4159 1395 4216 inde
1415 4178 1471 4216 me·

375 4311 377 4316 .
404 4259 453 4315 dio
473 4259 549 4315 inter
570 4261 643 4318 dnus
664 4263 752 4319 urbes
773 4263 887 4337 spatio,
910 4264 961 4322 ubi
981 4263 1069 4320 tertia
1088 4271 1259 4338 exspectata
1279 4275 1347 4322 erat
1366 4283 1472 4341 pugna,
