3392 5084
673 530 752 579 Liber
769 530 793 581 L
1183 536 1217 590 15

225 718 420 773 Monumentum
450 712 512 770 eius
540 731 657 789 pugnae,
690 716 740 772 ubi
761 713 886 791 primum
909 734 946 772 ex
966 713 1111 791 profunda
1132 734 1258 775 emersus

222 823 312 898 palude
340 838 430 896 equus
457 817 589 877 Curtium
617 820 647 877 iu
668 822 746 878 vado
777 821 896 891 statuit,
936 819 1066 879 Curtium
1088 822 1181 880 laeum
1205 842 1258 899 ap·

223 927 356 1003 pellarunt

287 1034 332 1090 Ex
359 1032 435 1090 bello
465 1042 526 1090 tam
554 1033 629 1090 tristi
661 1034 728 1091 laeta
756 1042 874 1109 repente
896 1052 956 1109 pax
980 1034 1106 1092 canores
1134 1034 1288 1094 Sabinasd

219 1139 275 1195 viris
294 1157 327 1196 ao
346 1140 515 1215 parentibus
536 1149 565 1197 et
586 1147 772 1215 aute‘omnes
799 1141 926 1198 Romulo
949 1140 1004 1215 ipsi
1031 1140 1108 1199 fecit.
1154 1142 1272 1221 Itaque

218 1263 291 1317 quum
313 1246 451 1321 populum
463 1245 493 1302 in
505 1245 598 1302 curias
613 1245 731 1321 triginta
741 1244 892 1316 divideret,
914 1247 1031 1305 nomina
1053 1266 1151 1303 earum
1172 1248 1258 1306 curiis

216 1350 345 1425 imposuit,
393 1352 498 1408 Idnon
512 1351 645 1421 traditur,
666 1370 755 1426 quum
777 1353 856 1409 haud
879 1352 965 1410 dubie
988 1353 1137 1427 aliquanto
1158 1358 1286 1412 nume-7

216 1475 255 1512 ms
273 1441 362 1514 maior
382 1459 439 1514 hoe
460 1457 609 1514 mulierum
631 1456 734 1528 fuerit,
761 1467 846 1515 atate
868 1477 905 1515 an
927 1458 1113 1535 dignitatibus
1135 1462 1194 1519 suis
1214 1464 1257 1520 vi·
1322 1510 1328 1518 .

217 1582 336 1620 rerumve
357 1584 396 1621 an
416 1573 495 1621 sorte
516 1564 596 1620 leotoe
617 1564 692 1633 sint,
714 1582 778 1638 quae
802 1565 919 1622 nomina
942 1565 1027 1623 curiis
1044 1565 1154 1627 darent.
1198 1566 1287 1626 noe

217 1670 269 1725 dem
289 1680 418 1746 tempore
440 1680 469 1727 et
489 1669 623 1731 centuriae
644 1677 704 1725 tres
723 1670 851 1743 equitnm
868 1671 1037 1745 conscripta
1052 1682 1135 1729 suut·
1168 1676 1256 1733 Ram-

217 1793 303 1832 nenses
324 1777 361 1833 ab
382 1776 523 1845 Romule,
544 1777 583 1833 ab
603 1776 641 1831 T.
663 1776 751 1832 Tatio
773 1776 917 1834 Titienses
940 1777 1091 1852 appellati3
1115 1780 1255 1839 Lucerum

217 1882 324 1939 nominis
337 1890 365 1937 et
376 1882 495 1958 originis
506 1900 596 1939 causa
607 1880 717 1936 incerta
732 1890 783 1938 est.
817 1882 890 1940 Inde
911 1900 969 1939 non
994 1883 1080 1941 modo
1098 1903 1256 1960 commune,

220 1986 259 2040 sed
280 1976 398 2044 concors
420 1988 506 2045 etiam
527 2006 647 2063 regnum
671 1986 783 2043 duobus
805 1986 923 2061 regibus
944 1988 1007 2045 fuit.

283 2095 356 2151 Post
380 2094 491 2169 aliquot
521 2112 612 2151 annos
648 2091 804 2168 propinqui
824 2094 901 2169 regis
927 2095 1007 2152 Tatii
1034 2095 1146 2171 legatos
1179 2098 1257 2156 Lau·
1312 2096 1351 2165 14

216 2200 322 2257 rentium
353 2200 488 2276 pulsant3
537 2189 683 2275 quumque
711 2200 871 2257 Laurentes
898 2200 960 2256 iure
981 2201 1109 2276 gentium
1131 2214 1257 2279 agerent,

217 2306 280 2378 apud
299 2306 416 2363 Tatium
437 2306 533 2381 gratia
553 2324 671 2363 suorum
692 2314 721 2362 et
746 2324 847 2381 preces
869 2306 934 2382 plus
954 2315 1096 2382 poterant
1164 2309 1258 2385 Igitur

216 2406 314 2467 sslomm
343 2431 466 2487 poenam
500 2411 530 2468 in
558 2429 590 2468 se
619 2410 725 2481 vertit,
755 2430 823 2468 nam
846 2412 982 2483 Lauinii,
1015 2432 1102 2487 quum
1133 2414 1171 2470 ad
1199 2415 1286 2475 sol-2

217 2511 293 2574 lemne
313 2519 482 2576 sacrificium
500 2536 535 2574 eo
556 2516 691 2581 venisset,
713 2534 854 2574 concursu
871 2517 950 2576 facto
961 2519 1138 2577 interficitur.
1179 2521 1284 2583 Eam3

216 2637 264 2678 rem
283 2625 374 2682 miuus
394 2644 479 2699 aegre,
502 2642 589 2699 quam
611 2622 730 2697 dignum
751 2632 832 2695 erat,
854 2624 953 2681 tulisse
974 2624 1130 2683 Romulum
1151 2625 1255 2699 ferunt,

218 2710 310 2784 seu'ob
329 2728 446 2786 infidam
461 2731 628 2787 societatem
649 2730 740 2803 regni,
762 2748 813 2787 seu
835 2730 905 2804 quia
925 2732 1004 2788 haud
1025 2731 1130 2789 iniuria
1151 2751 1255 2791 caesum

217 2833 343 2891 credebat
409 2836 513 2910 Itaque
542 2834 618 2891 bello
644 2834 760 2909 quidem
785 2836 948 2912 abstinuit3
982 2848 1015 2894 ut
1035 2847 1132 2895 tamen
1156 2840 1256 2916 expia-

215 2947 300 2995 rentur
317 2941 478 3016 legatorum
499 2941 614 2998 iniuria
632 2941 767 3015 regisque
789 2942 891 3013 credes,
913 2941 1015 3001 foedus
1037 2942 1111 3001 inter
1131 2946 1255 3005 Romam

217 3042 409 3123 Laviniumque
432 3048 518 3104 urbes
538 3055 710 3104 renovatum
732 3058 786 3107 est.

284 3153 405 3211 Etcum
427 3153 472 3209 his
494 3152 608 3227 quidem
632 3153 780 3230 insperata
802 3174 862 3231 pax
885 3164 965 3225 erat3
987 3156 1065 3213 aliud
1087 3156 1176 3215 multo
1187 3157 1285 3234 pro-4

216 3256 269 3328 pius
287 3268 372 3334 atque
391 3260 421 3317 in
444 3258 515 3334 ipsis
535 3277 628 3334 prope
649 3260 741 3334 portis
762 3261 869 3319 bellum
892 3269 996 3317 ortum.
1043 3261 1198 3319 Fidenates
1212 3263 1255 3320 ni·

217 3363 260 3419 mis
278 3366 383 3423 vicinas
405 3384 497 3441 prope
518 3382 549 3421 se
570 3366 772 3424 convalescere
801 3384 872 3443 opes
893 3367 967 3437 rati,
1000 3367 1169 3443 priusquam
1190 3378 1257 3427 tan·

217 3474 265 3525 tum
283 3473 393 3530 roboris
410 3480 500 3542 esset,
521 3480 659 3545 quantum
678 3470 806 3530 futurum
828 3474 1010 3549 apparebat,
1032 3483 1174 3550 occupant
1194 3476 1256 3533 bel-

216 3569 263 3631 lum
289 3576 392 3635 facere.
443 3577 597 3633 Iuventate
626 3586 739 3634 armata
764 3578 909 3650 immissa,
930 3586 1063 3637 vastatur
1086 3581 1149 3655 agri
1179 3582 1256 3656 quod

217 3676 276 3737 inter
294 3686 391 3741 urbem
414 3702 448 3741 ac
468 3684 596 3741 Fidenas
618 3691 676 3754 est3
698 3684 765 3742 iude
781 3686 819 3741 ad
834 3685 938 3743 laevam
952 3686 1039 3755 versi,
1064 3687 1132 3761 quia
1154 3688 1286 3749 dextra5
1332 3742 1334 3745 .

219 3783 313 3845 Tiberis
334 3791 461 3860 arcebat,
484 3808 548 3847 cum
565 3809 674 3865 magna
689 3790 882 3865 trepidatione
901 3792 1057 3867 agrestium
1072 3794 1255 3868 populantur,

218 3894 392 3970 umultusque
419 3890 523 3972 repe'ns
545 3907 582 3952 e'x
604 3895 681 3971 agris
702 3896 732 3953 in
751 3896 855 3953 urbem
876 3889 973 3955 illatus
995 3917 1048 3974 pro
1070 3900 1170 3956 nuntio
1191 3898 1254 3957 fuit.

218 3992 319 4057 Excitus
343 4001 485 4059 Romulus
521 3999 629 4079 (neque
659 4001 734 4059 enim
761 4002 927 4059 dilationem
961 4004 1023 4079 pati
1049 4013 1108 4062 tam
1130 4006 1284 4065 vicinumli

220 4098 308 4160 bellum
328 4107 456 4183 poterat)
477 4108 634 4165 exercitum
656 4109 764 4177 educit,
786 4117 883 4167 eastra
908 4130 926 4167 a
948 4110 1066 4167 Fidenis
1087 4111 1165 4168 mille
1187 4129 1254 4186 pas-

217 4220 284 4265 tuum
303 4210 387 4269 locat
448 4215 496 4272 Ibi
510 4215 634 4295 ‘modico
659 4214 794 4291 prasidio
814 4215 934 4287 relicto,
968 4234 1101 4293 egressus
1123 4217 1284 4277 omuibus?

222 4315 295 4387 copiis
318 4328 429 4392 partem
457 4321 579 4379 militum
606 4321 678 4379 locis
705 4321 783 4379 cirea
813 4324 903 4381 densa
925 4323 1020 4381 obsita
1049 4323 1175 4399 virgulta
1201 4322 1254 4380 ob-
