3392 5084
515 454 686 504 ursam.
722 452 918 517 (acuam.)
1165 459 1218 512 ms

199 635 298 707 Quum
320 635 402 693 fraus
423 638 535 694 hostilis
556 640 755 714 apparuisset,
786 639 950 714 p'raesidium
980 639 1065 696 etiam
1094 634 1123 696 in
1148 657 1261 696 summo

200 741 279 796 saltu
301 742 485 816 conspicitur.
539 743 628 802 Citati
656 746 723 803 inde
749 755 842 814 retro,
872 764 930 818 qua
957 755 1109 814 reuerent,
1139 756 1263 821 pergunt
1278 757 1313 811 ιθ

198 858 331 921 repetere
352 849 447 917 viam3
471 869 534 906 earm
556 869 671 926 quoque
692 853 820 909 clausam
843 869 897 908 sua
920 850 1002 908 obice
1016 852 1161 926 armisque
1182 853 1261 910 inve·

198 953 290 1010 niunt.
346 953 459 1012 Sistunt
484 957 552 1013 inde
582 959 704 1032 gradum
731 958 793 1014 sine
819 957 905 1014 ullius
933 957 1071 1032 imperio,
1104 967 1262 1032 stuporque

200 1060 328 1117 omnium
353 1061 466 1118 animos
487 1083 522 1119 ac
537 1065 617 1121 velut
631 1075 733 1139 torpor
747 1063 865 1137 quidam
881 1062 1012 1119 insolitus
1028 1065 1157 1120 membra
1176 1071 1261 1134 tenet,

198 1166 401 1242 intuentesque
422 1168 470 1225 alii
492 1170 575 1239 alios,
597 1189 685 1244 quum
701 1170 823 1226 alterum
839 1169 963 1243 quisque
985 1177 1147 1244 compotem
1170 1168 1262 1243 magis
1280 1175 1310 1228 ll

198 1274 303 1330 mentis
326 1293 363 1332 ac
386 1275 496 1331 consilii
518 1276 662 1346 ducerent,
694 1277 742 1332 diu
763 1275 926 1332 immobiles
948 1275 1047 1346 silent;
1077 1275 1189 1345 deinde,
1213 1275 1263 1332 ubi
1279 1278 1313 1334 12

198 1380 336 1452 praetoria
369 1382 518 1438 consulum
553 1383 626 1457 erigi
659 1382 757 1440 videre
786 1390 816 1437 et
847 1380 984 1455 expedire
1011 1382 1152 1454 quosdam
1181 1381 1263 1438 utilia

199 1487 298 1559 operi,
334 1503 501 1560 quanquam
530 1488 654 1546 ludibrio
686 1488 751 1544 fore
779 1487 939 1544 munientes
966 1487 1086 1562 perditis
1114 1489 1200 1544 rebus
1228 1506 1263 1544 ac

199 1607 250 1663 spe
273 1592 354 1648 omni
370 1593 507 1668 adempta
523 1596 686 1660 comebant,
708 1604 815 1663 temen,
834 1612 871 1648 ue
886 1593 1000 1668 culpam
1016 1593 1099 1649 malis
1115 1593 1262 1662 adderent,
1278 1597 1314 1652 13

200 1717 251 1770 pro
274 1717 307 1755 se
329 1697 461 1772 quisque,
487 1719 540 1757 nec
562 1703 697 1758 hortante
718 1701 777 1757 ullo
797 1719 851 1756 nec
874 1698 1043 1772 imperante,
1075 1699 1111 1755 ad
1134 1700 1263 1756 munien-

200 1803 267 1859 dum
289 1804 369 1860 versi
390 1814 486 1861 castra
515 1817 633 1881 propter
660 1826 767 1881 aquam
794 1806 872 1862 vallo
902 1804 1095 1874 circumdant,
1131 1823 1184 1860 sua
1208 1804 1264 1879 ipsi
1280 1810 1314 1864 14

200 1927 289 1982 opera
312 1909 501 1985 laboremque
525 1913 654 1982 irritum,
686 1923 877 1988 praeterquam
905 1912 983 1985 quod
1010 1912 1108 1968 hostes
1140 1911 1263 1985 superbe

199 2013 405 2089 increpabant,
438 2035 502 2073 cum
524 2019 681 2075 miserabili
703 2017 885 2074 confessione
907 2019 1062 2076 eludentes.
1117 2017 1166 2074 Ad
1192 2035 1262 2072 con·
1278 2023 1313 2077 15

201 2121 276 2177 sules
299 2132 425 2192 maestos,
446 2141 482 2179 ne
504 2124 681 2181 advocantes
703 2124 817 2198 quidem
840 2125 869 2180 in
892 2123 1052 2191 consilium,
1074 2122 1191 2196 quando
1210 2139 1263 2180 nec

201 2226 323 2282 consilio
345 2245 399 2283 nec
420 2229 528 2286 auxilio
555 2231 637 2287 locus
659 2240 750 2291 esset,
781 2247 836 2285 sua
857 2239 960 2304 sponte
989 2229 1078 2304 legati
1100 2247 1134 2286 ac
1155 2226 1263 2283 tribuni

201 2334 394 2402 conveniunt,
423 2333 585 2409 militesque
614 2337 651 2392 ad
673 2336 838 2410 praetorium
866 2335 942 2391 versi
971 2354 1070 2409 opem,
1093 2352 1191 2408 quam
1212 2333 1263 2390 vix

202 2439 240 2495 dii
254 2438 435 2496 immortales
449 2439 526 2496 ferre
539 2451 682 2515 poterant,
704 2442 741 2497 ab
757 2441 877 2497 ducibus
891 2449 1058 2516 exposcunt.
1103 2440 1263 2513 Querentes

203 2545 294 2620 magis
317 2564 404 2618 quarn
437 2546 632 2604 consultantes
662 2566 722 2604 uox
750 2548 910 2622 oppressit,
948 2566 1034 2621 quum
1062 2566 1116 2623 pro
1148 2545 1262 2620 ingenio

204 2651 326 2724 quisque
354 2651 523 2723 fremerent,
555 2654 642 2711 alius:
673 2655 751 2724 ,Per
777 2653 875 2709 obices
902 2653 1032 2723 viarum,
1059 2673 1112 2729 per
1140 2654 1264 2710 adversa

204 2758 359 2827 montium,
387 2776 441 2832 per
461 2758 564 2828 silvas,
596 2778 654 2834 qua
675 2759 745 2816 ferri
768 2779 851 2816 arma
872 2769 1016 2834 poterunt,
1042 2777 1154 2827 eamus3
1176 2758 1294 2814 modo2

205 2860 240 2915 ad
261 2864 374 2920 hostem
397 2865 548 2939 parvenire
568 2866 671 2938 liceat,
706 2886 791 2942 quem
818 2885 872 2940 per
900 2884 992 2922 annos
1020 2865 1078 2922 iam
1099 2884 1192 2940 prope
1213 2864 1263 2920 tri-

204 2966 284 3038 ginta
304 2969 460 3027 vineimus:
484 2972 582 3029 omnia
605 2991 689 3048 aequa
710 2981 739 3030 et
760 2972 848 3048 plana
871 2981 954 3028 erunt
972 2973 1107 3029 Romano
1127 2971 1157 3026 in
1179 2971 1265 3045 perfi-

205 3072 270 3129 dum
297 3075 456 3133 Samnitem
477 3079 653 3152 puguanti“;
675 3079 763 3135 alius:
790 3079 874 3151 „Quo
898 3085 948 3133 aut
969 3096 1027 3150 qua
1049 3075 1169 3133 eamus?
1196 3077 1295 3132 num3

206 3189 316 3237 montes
337 3180 433 3239 moliri
454 3182 522 3238 sede
546 3201 600 3239 sua
621 3182 779 3258 paramus?
804 3183 885 3239 Dum
903 3184 964 3239 haec
982 3183 1171 3238 imminebunt
1187 3181 1265 3255 iuga,

206 3295 315 3358 quatu
337 3288 375 3343 ad
396 3289 509 3344 hostem
541 3288 662 3346 venias?
699 3288 826 3356 Armati,
856 3288 993 3355 inermes,
1028 3285 1129 3356 fortes,
1157 3285 1265 3360 ignavi,

206 3394 312 3466 pariter
332 3411 432 3451 omues
454 3394 532 3468 capti
552 3403 641 3468 atque
661 3395 731 3452 victi
752 3413 864 3462 sumus;
895 3412 933 3451 ne
956 3392 1063 3449 ferrum
1089 3392 1204 3468 quidem
1227 3391 1266 3448 ad

207 3495 276 3553 bene
297 3498 478 3555 moriendum
500 3499 650 3557 oblaturus
666 3513 710 3558 est
730 3500 838 3569 hostis3
861 3497 964 3554 sedens
981 3497 1086 3554 bellum
1102 3498 1263 3556 conficiet.“

208 3602 260 3659 His
280 3604 310 3660 in
330 3605 424 3661 vicem
445 3605 626 3663 sermonibus
648 3625 707 3681 qua
731 3605 801 3675 cibi,
825 3622 884 3678 qua
909 3603 1012 3678 quietis
1033 3605 1186 3662 immemor
1206 3602 1296 3661 nox4

209 3711 338 3767 traducta
362 3719 414 3766 est.
876 3691 887 3708 ’

286 3817 335 3874 Ne
356 3815 534 3875 Samnitibus
555 3815 671 3890 quidem
694 3815 844 3872 consilium
867 3814 896 3870 in
918 3825 978 3872 tam
999 3815 1072 3872 loetis
1094 3815 1267 3890 suppetebat

209 3921 304 3989 rebus;
325 3921 426 3995 itaque
446 3919 573 3976 universi
583 3920 760 3977 Herennium
772 3920 920 3992 Pontium,
942 3928 1055 3995 patrem
1074 3920 1266 3996 imperatoris,

211 4041 259 4097 per
279 4025 390 4082 litteras
414 4024 619 4082 consulendum
646 4035 772 4083 censent.
833 4026 897 4082 Iam
925 4024 950 4081 is
977 4025 1075 4100 gravis
1104 4025 1186 4082 annis
1208 4025 1296 4082 nonb

212 4131 377 4189 militaribus
394 4129 497 4201 solum,
522 4131 573 4187 sed
594 4129 725 4187 civilibus
747 4149 863 4205 quoque
885 4131 1065 4188 abscesserat
1085 4130 1266 4200 muneribus;

212 4232 379 4313 incorpore
400 4245 496 4293 tamen
518 4235 624 4294 affecto
641 4237 761 4312 vigebat
781 4236 826 4292 vis
846 4235 936 4292 animi
954 4234 1131 4311 consiliique.
1175 4237 1205 4294 Is
1218 4236 1298 4294 ubi6

1167 4343 1177 4374 b

1456 605 1468 663 l
