<?xml version="1.0" encoding="UTF-8"?>
<!DOCTYPE html PUBLIC "-//W3C//DTD XHTML 1.0 Transitional//EN"
    "http://www.w3.org/TR/xhtml1/DTD/xhtml1-transitional.dtd">
<html xmlns="http://www.w3.org/1999/xhtml" xml:lang="en" lang="en">
 <head>
  <title>
</title>
<meta http-equiv="Content-Type" content="text/html;charset=utf-8" />
  <meta name='ocr-system' content='tesseract 3.04.00' />
  <meta name='ocr-capabilities' content='ocr_page ocr_carea ocr_par ocr_line ocrx_word'/>
</head>
<body>
  <div class='ocr_page' id='page_1' title='image "./titiliviihistor03ussigoog_0415.png"; bbox 0 0 3392 5084; ppageno 0'>
   <div class='ocr_carea' id='block_1_1' title="bbox 547 531 1216 600">
    <p class='ocr_par' dir='ltr' id='par_1_1' title="bbox 547 531 1216 600">
     <span class='ocr_line' id='line_1_1' title="bbox 547 531 1216 600; baseline 0.016 -15"><span class='ocrx_word' id='word_1_1' title='bbox 547 536 626 586; x_wconf 81' lang='lat' dir='ltr'><strong>Liber</strong></span> <span class='ocrx_word' id='word_1_2' title='bbox 642 535 689 586; x_wconf 77' lang='lat' dir='ltr'><strong>vl.</strong></span> <span class='ocrx_word' id='word_1_3' title='bbox 728 536 771 598; x_wconf 77' lang='lat' dir='ltr'><strong>(A.</strong></span> <span class='ocrx_word' id='word_1_4' title='bbox 784 531 832 584; x_wconf 78' lang='lat' dir='ltr'><strong>Cb.</strong></span> <span class='ocrx_word' id='word_1_5' title='bbox 846 537 920 600; x_wconf 78' lang='lat'><strong>868.)</strong></span> <span class='ocrx_word' id='word_1_6' title='bbox 1178 542 1216 596; x_wconf 80' lang='grc'><strong>45</strong></span> 
     </span>
    </p>
   </div>
   <div class='ocr_carea' id='block_1_2' title="bbox 175 719 1355 4196">
    <p class='ocr_par' dir='ltr' id='par_1_2' title="bbox 175 719 1355 4196">
     <span class='ocr_line' id='line_1_2' title="bbox 188 719 1355 797; baseline -0.003 -16"><span class='ocrx_word' id='word_1_7' title='bbox 188 724 352 797; x_wconf 78' lang='lat' dir='ltr'><strong>Quomodo</strong></span> <span class='ocrx_word' id='word_1_8' title='bbox 368 731 571 796; x_wconf 76' lang='lat' dir='ltr'><strong>extorqueant,</strong></span> <span class='ocrx_word' id='word_1_9' title='bbox 591 740 650 778; x_wconf 92' lang='lat' dir='ltr'><strong>non</strong></span> <span class='ocrx_word' id='word_1_10' title='bbox 671 719 819 795; x_wconf 79' lang='lat' dir='ltr'><strong>quomodo</strong></span> <span class='ocrx_word' id='word_1_11' title='bbox 839 730 941 797; x_wconf 89' lang='lat' dir='ltr'><strong>patant</strong></span> <span class='ocrx_word' id='word_1_12' title='bbox 957 723 1093 792; x_wconf 86' lang='lat' dir='ltr'><strong>honores,</strong></span> <span class='ocrx_word' id='word_1_13' title='bbox 1114 731 1257 796; x_wconf 71' lang='lat' dir='ltr'><strong>quarunt,</strong></span> <span class='ocrx_word' id='word_1_14' title='bbox 1315 719 1355 789; x_wconf 78' lang='grc'><strong>41</strong></span> 
     </span>
     <span class='ocr_line' id='line_1_3' title="bbox 189 826 1256 903; baseline 0 -17"><span class='ocrx_word' id='word_1_15' title='bbox 189 840 217 886; x_wconf 90' lang='lat' dir='ltr'><strong>et</strong></span> <span class='ocrx_word' id='word_1_16' title='bbox 235 831 281 887; x_wconf 90' lang='lat' dir='ltr'><strong>ita</strong></span> <span class='ocrx_word' id='word_1_17' title='bbox 298 828 442 886; x_wconf 70' lang='lat' dir='ltr'><strong>‘maxima</strong></span> <span class='ocrx_word' id='word_1_18' title='bbox 461 835 529 883; x_wconf 89' lang='lat' dir='ltr'><strong>sont</strong></span> <span class='ocrx_word' id='word_1_19' title='bbox 549 826 690 901; x_wconf 79' lang='lat' dir='ltr'>adepturi,</span> <span class='ocrx_word' id='word_1_20' title='bbox 719 836 752 884; x_wconf 91' lang='lat' dir='ltr'><strong>nt</strong></span> <span class='ocrx_word' id='word_1_21' title='bbox 771 827 842 884; x_wconf 84' lang='lat' dir='ltr'>nihil</span> <span class='ocrx_word' id='word_1_22' title='bbox 860 845 897 883; x_wconf 88' lang='lat' dir='ltr'><strong>ne</strong></span> <span class='ocrx_word' id='word_1_23' title='bbox 918 846 971 902; x_wconf 89' lang='lat' dir='ltr'><strong>pro</strong></span> <span class='ocrx_word' id='word_1_24' title='bbox 996 827 1120 886; x_wconf 90' lang='lat' dir='ltr'><strong>minimis</strong></span> <span class='ocrx_word' id='word_1_25' title='bbox 1142 829 1256 903; x_wconf 89' lang='lat' dir='ltr'><strong>quidem</strong></span> 
     </span>
     <span class='ocr_line' id='line_1_4' title="bbox 189 931 1260 1010; baseline 0.001 -19"><span class='ocrx_word' id='word_1_26' title='bbox 189 936 337 1002; x_wconf 86' lang='lat' dir='ltr'><strong>debeant3</strong></span> <span class='ocrx_word' id='word_1_27' title='bbox 360 941 392 988; x_wconf 87' lang='lat' dir='ltr'><strong>et</strong></span> <span class='ocrx_word' id='word_1_28' title='bbox 413 932 613 989; x_wconf 77' lang='lat' dir='ltr'><strong>occasionibus</strong></span> <span class='ocrx_word' id='word_1_29' title='bbox 635 933 732 1010; x_wconf 89' lang='lat' dir='ltr'><strong>potius</strong></span> <span class='ocrx_word' id='word_1_30' title='bbox 761 951 848 1007; x_wconf 85' lang='lat' dir='ltr'><strong>quam</strong></span> <span class='ocrx_word' id='word_1_31' title='bbox 878 931 984 988; x_wconf 86' lang='lat' dir='ltr'><strong>virtute</strong></span> <span class='ocrx_word' id='word_1_32' title='bbox 1009 943 1107 1008; x_wconf 86' lang='lat' dir='ltr'><strong>petere</strong></span> <span class='ocrx_word' id='word_1_33' title='bbox 1135 935 1260 992; x_wconf 86' lang='lat' dir='ltr'><strong>bonores</strong></span> 
     </span>
     <span class='ocr_line' id='line_1_5' title="bbox 188 1020 1291 1115; baseline 0.005 -19"><span class='ocrx_word' id='word_1_34' title='bbox 188 1020 320 1096; x_wconf 56' lang='lat' dir='ltr'><strong>munna</strong></span> <span class='ocrx_word' id='word_1_35' title='bbox 366 1038 425 1094; x_wconf 71' lang='lat' dir='ltr'><strong>nst</strong></span> <span class='ocrx_word' id='word_1_36' title='bbox 452 1037 571 1112; x_wconf 79' lang='lat' dir='ltr'><strong>aliquis,</strong></span> <span class='ocrx_word' id='word_1_37' title='bbox 602 1037 652 1112; x_wconf 85' lang='lat' dir='ltr'><strong>qui</strong></span> <span class='ocrx_word' id='word_1_38' title='bbox 680 1056 713 1096; x_wconf 69' lang='lat' dir='ltr'><strong>ss</strong></span> <span class='ocrx_word' id='word_1_39' title='bbox 739 1037 857 1113; x_wconf 75' lang='lat' dir='ltr'><strong>inspici,</strong></span> <span class='ocrx_word' id='word_1_40' title='bbox 882 1038 1018 1096; x_wconf 67' lang='lat' dir='ltr'><strong>estinan</strong></span> <span class='ocrx_word' id='word_1_41' title='bbox 1039 1039 1183 1110; x_wconf 63' lang='lat' dir='ltr'><strong>farinas,</strong></span> <span class='ocrx_word' id='word_1_42' title='bbox 1211 1041 1291 1115; x_wconf 78' lang='lat' dir='ltr'><strong>quit</strong></span> 
     </span>
     <span class='ocr_line' id='line_1_6' title="bbox 187 1141 1261 1234; baseline 0.002 -32"><span class='ocrx_word' id='word_1_43' title='bbox 187 1156 283 1202; x_wconf 87' lang='lat' dir='ltr'><strong>certos</strong></span> <span class='ocrx_word' id='word_1_44' title='bbox 309 1141 372 1200; x_wconf 85' lang='lat' dir='ltr'><strong>sibi</strong></span> <span class='ocrx_word' id='word_1_45' title='bbox 400 1142 451 1200; x_wconf 91' lang='lat' dir='ltr'><strong>uni</strong></span> <span class='ocrx_word' id='word_1_46' title='bbox 473 1143 599 1200; x_wconf 87' lang='lat' dir='ltr'><strong>honores</strong></span> <span class='ocrx_word' id='word_1_47' title='bbox 627 1144 702 1201; x_wconf 88' lang='lat' dir='ltr'><strong>inter</strong></span> <span class='ocrx_word' id='word_1_48' title='bbox 723 1143 891 1200; x_wconf 76' lang='lat' dir='ltr'><strong>dimicantes</strong></span> <span class='ocrx_word' id='word_1_49' title='bbox 922 1146 1124 1234; x_wconf 75' lang='lat' dir='ltr'><strong>competitores</strong></span> <span class='ocrx_word' id='word_1_50' title='bbox 1147 1165 1261 1222; x_wconf 72' lang='lat' dir='ltr'><strong>aequum</strong></span> 
     </span>
     <span class='ocr_line' id='line_1_7' title="bbox 186 1249 1261 1331; baseline 0.001 -23"><span class='ocrx_word' id='word_1_51' title='bbox 186 1259 310 1308; x_wconf 85' lang='lat' dir='ltr'><strong>censeat</strong></span> <span class='ocrx_word' id='word_1_52' title='bbox 336 1265 415 1319; x_wconf 88' lang='lat' dir='ltr'><strong>esse,</strong></span> <span class='ocrx_word' id='word_1_53' title='bbox 437 1249 486 1325; x_wconf 89' lang='lat' dir='ltr'><strong>qui</strong></span> <span class='ocrx_word' id='word_1_54' title='bbox 507 1266 540 1305; x_wconf 88' lang='lat' dir='ltr'><strong>se</strong></span> <span class='ocrx_word' id='word_1_55' title='bbox 561 1249 684 1331; x_wconf 88' lang='lat' dir='ltr'><strong>arbitrio</strong></span> <span class='ocrx_word' id='word_1_56' title='bbox 702 1258 800 1306; x_wconf 87' lang='lat' dir='ltr'><strong>vestro</strong></span> <span class='ocrx_word' id='word_1_57' title='bbox 822 1249 943 1320; x_wconf 87' lang='lat' dir='ltr'><strong>eximat,</strong></span> <span class='ocrx_word' id='word_1_58' title='bbox 974 1250 1023 1324; x_wconf 91' lang='lat' dir='ltr'><strong>qni</strong></span> <span class='ocrx_word' id='word_1_59' title='bbox 1045 1261 1143 1308; x_wconf 86' lang='lat' dir='ltr'><strong>vestra</strong></span> <span class='ocrx_word' id='word_1_60' title='bbox 1164 1269 1261 1309; x_wconf 86' lang='lat' dir='ltr'><strong>neces·</strong></span> 
     </span>
     <span class='ocr_line' id='line_1_8' title="bbox 185 1352 1260 1431; baseline -0.001 -17"><span class='ocrx_word' id='word_1_61' title='bbox 185 1358 265 1414; x_wconf 87' lang='lat' dir='ltr'><strong>saria</strong></span> <span class='ocrx_word' id='word_1_62' title='bbox 297 1352 453 1429; x_wconf 82' lang='lat' dir='ltr'><strong>suffragia</strong></span> <span class='ocrx_word' id='word_1_63' title='bbox 481 1373 536 1429; x_wconf 90' lang='lat' dir='ltr'><strong>pro</strong></span> <span class='ocrx_word' id='word_1_64' title='bbox 568 1355 738 1412; x_wconf 87' lang='lat' dir='ltr'><strong>voluntariis</strong></span> <span class='ocrx_word' id='word_1_65' title='bbox 771 1365 800 1411; x_wconf 91' lang='lat' dir='ltr'><strong>et</strong></span> <span class='ocrx_word' id='word_1_66' title='bbox 833 1373 919 1412; x_wconf 84' lang='lat' dir='ltr'><strong>serva</strong></span> <span class='ocrx_word' id='word_1_67' title='bbox 950 1374 1004 1431; x_wconf 88' lang='lat' dir='ltr'><strong>pro</strong></span> <span class='ocrx_word' id='word_1_68' title='bbox 1034 1355 1131 1413; x_wconf 89' lang='lat' dir='ltr'><strong>liberis</strong></span> <span class='ocrx_word' id='word_1_69' title='bbox 1163 1355 1260 1416; x_wconf 83' lang='lat' dir='ltr'><strong>faciat.</strong></span> 
     </span>
     <span class='ocr_line' id='line_1_9' title="bbox 185 1458 1291 1537; baseline -0.001 -18"><span class='ocrx_word' id='word_1_70' title='bbox 185 1461 302 1520; x_wconf 89' lang='lat' dir='ltr'><strong>Omitto</strong></span> <span class='ocrx_word' id='word_1_71' title='bbox 325 1459 476 1517; x_wconf 89' lang='lat' dir='ltr'><strong>Licinium</strong></span> <span class='ocrx_word' id='word_1_72' title='bbox 491 1458 689 1536; x_wconf 76' lang='lat' dir='ltr'><strong>Sentiumque,</strong></span> <span class='ocrx_word' id='word_1_73' title='bbox 712 1479 834 1534; x_wconf 90' lang='lat' dir='ltr'><strong>quornm</strong></span> <span class='ocrx_word' id='word_1_74' title='bbox 857 1481 948 1519; x_wconf 84' lang='lat' dir='ltr'><strong>annos</strong></span> <span class='ocrx_word' id='word_1_75' title='bbox 969 1462 999 1518; x_wconf 93' lang='lat' dir='ltr'><strong>in</strong></span> <span class='ocrx_word' id='word_1_76' title='bbox 1020 1470 1160 1537; x_wconf 85' lang='lat' dir='ltr'><strong>perpetua</strong></span> <span class='ocrx_word' id='word_1_77' title='bbox 1179 1471 1291 1536; x_wconf 85' lang='lat' dir='ltr'><strong>pote-3</strong></span> 
     </span>
     <span class='ocr_line' id='line_1_10' title="bbox 183 1564 1262 1642; baseline 0.001 -18"><span class='ocrx_word' id='word_1_78' title='bbox 183 1579 259 1626; x_wconf 86' lang='lat' dir='ltr'><strong>state</strong></span> <span class='ocrx_word' id='word_1_79' title='bbox 283 1580 439 1641; x_wconf 89' lang='lat' dir='ltr'><strong>tanquam</strong></span> <span class='ocrx_word' id='word_1_80' title='bbox 460 1585 563 1641; x_wconf 88' lang='lat' dir='ltr'><strong>regum</strong></span> <span class='ocrx_word' id='word_1_81' title='bbox 580 1567 610 1623; x_wconf 93' lang='lat' dir='ltr'><strong>in</strong></span> <span class='ocrx_word' id='word_1_82' title='bbox 632 1564 778 1642; x_wconf 85' lang='lat' dir='ltr'><strong>Capitolio</strong></span> <span class='ocrx_word' id='word_1_83' title='bbox 801 1567 974 1636; x_wconf 79' lang='lat' dir='ltr'><strong>numeratis3</strong></span> <span class='ocrx_word' id='word_1_84' title='bbox 1009 1569 1073 1641; x_wconf 89' lang='lat' dir='ltr'><strong>quis</strong></span> <span class='ocrx_word' id='word_1_85' title='bbox 1105 1577 1147 1626; x_wconf 89' lang='lat' dir='ltr'><strong>ast</strong></span> <span class='ocrx_word' id='word_1_86' title='bbox 1175 1568 1262 1625; x_wconf 86' lang='lat' dir='ltr'><strong>hodie</strong></span> 
     </span>
     <span class='ocr_line' id='line_1_11' title="bbox 183 1671 1262 1744; baseline -0.004 -12"><span class='ocrx_word' id='word_1_87' title='bbox 183 1676 211 1732; x_wconf 91' lang='lat' dir='ltr'><strong>in</strong></span> <span class='ocrx_word' id='word_1_88' title='bbox 242 1675 381 1732; x_wconf 84' lang='lat' dir='ltr'><strong>civitate</strong></span> <span class='ocrx_word' id='word_1_89' title='bbox 408 1683 467 1730; x_wconf 90' lang='lat' dir='ltr'><strong>tam</strong></span> <span class='ocrx_word' id='word_1_90' title='bbox 495 1672 625 1744; x_wconf 89' lang='lat' dir='ltr'><strong>humilis,</strong></span> <span class='ocrx_word' id='word_1_91' title='bbox 657 1673 703 1731; x_wconf 91' lang='lat' dir='ltr'><strong>cui</strong></span> <span class='ocrx_word' id='word_1_92' title='bbox 727 1691 786 1728; x_wconf 94' lang='lat' dir='ltr'><strong>non</strong></span> <span class='ocrx_word' id='word_1_93' title='bbox 807 1672 858 1729; x_wconf 85' lang='lat' dir='ltr'><strong>via</strong></span> <span class='ocrx_word' id='word_1_94' title='bbox 884 1673 921 1728; x_wconf 90' lang='lat' dir='ltr'><strong>ad</strong></span> <span class='ocrx_word' id='word_1_95' title='bbox 945 1671 1126 1730; x_wconf 82' lang='lat' dir='ltr'><strong>consulatum</strong></span> <span class='ocrx_word' id='word_1_96' title='bbox 1149 1671 1262 1729; x_wconf 83' lang='lat' dir='ltr'><strong>facilior</strong></span> 
     </span>
     <span class='ocr_line' id='line_1_12' title="bbox 180 1776 1261 1858; baseline -0.005 -20"><span class='ocrx_word' id='word_1_97' title='bbox 180 1802 233 1858; x_wconf 85' lang='lat' dir='ltr'><strong>per</strong></span> <span class='ocrx_word' id='word_1_98' title='bbox 255 1780 356 1837; x_wconf 89' lang='lat' dir='ltr'><strong>istius</strong></span> <span class='ocrx_word' id='word_1_99' title='bbox 380 1777 454 1854; x_wconf 88' lang='lat' dir='ltr'><strong>legis</strong></span> <span class='ocrx_word' id='word_1_100' title='bbox 475 1779 657 1836; x_wconf 86' lang='lat' dir='ltr'><strong>occasionem</strong></span> <span class='ocrx_word' id='word_1_101' title='bbox 680 1796 768 1852; x_wconf 89' lang='lat' dir='ltr'><strong>quam</strong></span> <span class='ocrx_word' id='word_1_102' title='bbox 782 1777 866 1835; x_wconf 92' lang='lat' dir='ltr'><strong>nobis</strong></span> <span class='ocrx_word' id='word_1_103' title='bbox 889 1796 923 1836; x_wconf 86' lang='lat' dir='ltr'><strong>ac</strong></span> <span class='ocrx_word' id='word_1_104' title='bbox 944 1779 1041 1836; x_wconf 89' lang='lat' dir='ltr'><strong>liberis</strong></span> <span class='ocrx_word' id='word_1_105' title='bbox 1063 1777 1168 1835; x_wconf 91' lang='lat' dir='ltr'><strong>nostris</strong></span> <span class='ocrx_word' id='word_1_106' title='bbox 1191 1776 1261 1836; x_wconf 88' lang='lat' dir='ltr'><strong>fiat?</strong></span> 
     </span>
     <span class='ocr_line' id='line_1_13' title="bbox 181 1869 1262 1961; baseline -0.004 -17"><span class='ocrx_word' id='word_1_107' title='bbox 181 1888 204 1944; x_wconf 88' lang='lat' dir='ltr'><strong>si</strong></span> <span class='ocrx_word' id='word_1_108' title='bbox 232 1886 371 1961; x_wconf 79' lang='lat' dir='ltr'><strong>quidem</strong></span> <span class='ocrx_word' id='word_1_109' title='bbox 403 1904 456 1942; x_wconf 92' lang='lat' dir='ltr'><strong>nos</strong></span> <span class='ocrx_word' id='word_1_110' title='bbox 484 1904 521 1941; x_wconf 89' lang='lat' dir='ltr'><strong>ne</strong></span> <span class='ocrx_word' id='word_1_111' title='bbox 553 1903 641 1960; x_wconf 90' lang='lat' dir='ltr'><strong>quum</strong></span> <span class='ocrx_word' id='word_1_112' title='bbox 669 1883 816 1940; x_wconf 86' lang='lat' dir='ltr'><strong>volueritis</strong></span> <span class='ocrx_word' id='word_1_113' title='bbox 845 1869 961 1958; x_wconf 71' lang='lat' dir='ltr'><strong>quidem</strong></span> <span class='ocrx_word' id='word_1_114' title='bbox 993 1901 1092 1942; x_wconf 88' lang='lat' dir='ltr'><strong>creare</strong></span> <span class='ocrx_word' id='word_1_115' title='bbox 1118 1884 1262 1941; x_wconf 86' lang='lat' dir='ltr'><strong>interdum</strong></span> 
     </span>
     <span class='ocr_line' id='line_1_14' title="bbox 180 1988 1292 2070; baseline -0.005 -19"><span class='ocrx_word' id='word_1_116' title='bbox 180 1992 339 2070; x_wconf 81' lang='lat' dir='ltr'><strong>poteritis,</strong></span> <span class='ocrx_word' id='word_1_117' title='bbox 362 1990 447 2060; x_wconf 89' lang='lat' dir='ltr'><strong>istos,</strong></span> <span class='ocrx_word' id='word_1_118' title='bbox 469 1988 583 2047; x_wconf 88' lang='lat' dir='ltr'><strong>etiamsi</strong></span> <span class='ocrx_word' id='word_1_119' title='bbox 603 1990 761 2061; x_wconf 88' lang='lat' dir='ltr'><strong>nolueritis,</strong></span> <span class='ocrx_word' id='word_1_120' title='bbox 789 2008 906 2046; x_wconf 88' lang='lat' dir='ltr'><strong>necesse</strong></span> <span class='ocrx_word' id='word_1_121' title='bbox 928 1989 974 2046; x_wconf 88' lang='lat' dir='ltr'><strong>sit.</strong></span> <span class='ocrx_word' id='word_1_122' title='bbox 1018 1991 1065 2048; x_wconf 85' lang='lat' dir='ltr'><strong>De</strong></span> <span class='ocrx_word' id='word_1_123' title='bbox 1092 1989 1292 2064; x_wconf 74' lang='lat' dir='ltr'><strong>indignitatet</strong></span> 
     </span>
     <span class='ocr_line' id='line_1_15' title="bbox 180 2080 1261 2171; baseline -0.006 -13"><span class='ocrx_word' id='word_1_124' title='bbox 180 2100 250 2158; x_wconf 87' lang='lat' dir='ltr'><strong>satis</strong></span> <span class='ocrx_word' id='word_1_125' title='bbox 291 2096 416 2154; x_wconf 84' lang='lat' dir='ltr'><strong>dictum</strong></span> <span class='ocrx_word' id='word_1_126' title='bbox 445 2080 500 2152; x_wconf 81' lang='lat' dir='ltr'><strong>est.</strong></span> <span class='ocrx_word' id='word_1_127' title='bbox 551 2098 594 2153; x_wconf 90' lang='lat' dir='ltr'><strong>At</strong></span> <span class='ocrx_word' id='word_1_128' title='bbox 626 2096 701 2154; x_wconf 89' lang='lat' dir='ltr'><strong>enim</strong></span> <span class='ocrx_word' id='word_1_129' title='bbox 734 2095 860 2170; x_wconf 87' lang='lat' dir='ltr'><strong>dignitas</strong></span> <span class='ocrx_word' id='word_1_130' title='bbox 892 2095 930 2151; x_wconf 90' lang='lat' dir='ltr'><strong>ad</strong></span> <span class='ocrx_word' id='word_1_131' title='bbox 962 2094 1091 2152; x_wconf 89' lang='lat' dir='ltr'><strong>homines</strong></span> <span class='ocrx_word' id='word_1_132' title='bbox 1123 2096 1261 2171; x_wconf 84' lang='lat' dir='ltr'><strong>pertinet3</strong></span> 
     </span>
     <span class='ocr_line' id='line_1_16' title="bbox 180 2199 1262 2284; baseline -0.005 -22"><span class='ocrx_word' id='word_1_133' title='bbox 180 2207 250 2284; x_wconf 80' lang='lat' dir='ltr'><strong>qnid</strong></span> <span class='ocrx_word' id='word_1_134' title='bbox 284 2204 333 2262; x_wconf 85' lang='lat' dir='ltr'><strong>de</strong></span> <span class='ocrx_word' id='word_1_135' title='bbox 369 2200 559 2276; x_wconf 82' lang='lat' dir='ltr'><strong>religionibus</strong></span> <span class='ocrx_word' id='word_1_136' title='bbox 592 2212 679 2277; x_wconf 86' lang='lat' dir='ltr'><strong>atque</strong></span> <span class='ocrx_word' id='word_1_137' title='bbox 713 2199 863 2275; x_wconf 83' lang='lat' dir='ltr'><strong>auspiciis,</strong></span> <span class='ocrx_word' id='word_1_138' title='bbox 896 2220 960 2275; x_wconf 77' lang='lat' dir='ltr'><strong>qna</strong></span> <span class='ocrx_word' id='word_1_139' title='bbox 992 2201 1112 2277; x_wconf 86' lang='lat' dir='ltr'><strong>propria</strong></span> <span class='ocrx_word' id='word_1_140' title='bbox 1144 2202 1262 2258; x_wconf 87' lang='lat' dir='ltr'><strong>deorum</strong></span> 
     </span>
     <span class='ocr_line' id='line_1_17' title="bbox 177 2305 1262 2383; baseline -0.006 -15"><span class='ocrx_word' id='word_1_141' title='bbox 177 2309 410 2368; x_wconf 78' lang='lat' dir='ltr'><strong>immortalium</strong></span> <span class='ocrx_word' id='word_1_142' title='bbox 432 2308 607 2383; x_wconf 86' lang='lat' dir='ltr'><strong>contemptio</strong></span> <span class='ocrx_word' id='word_1_143' title='bbox 629 2316 718 2382; x_wconf 90' lang='lat' dir='ltr'><strong>atqua</strong></span> <span class='ocrx_word' id='word_1_144' title='bbox 748 2306 853 2364; x_wconf 88' lang='lat' dir='ltr'><strong>iniuria</strong></span> <span class='ocrx_word' id='word_1_145' title='bbox 880 2316 937 2377; x_wconf 89' lang='lat' dir='ltr'><strong>est,</strong></span> <span class='ocrx_word' id='word_1_146' title='bbox 968 2305 1093 2381; x_wconf 85' lang='lat' dir='ltr'><strong>loquar?</strong></span> <span class='ocrx_word' id='word_1_147' title='bbox 1115 2307 1262 2381; x_wconf 88' lang='lat' dir='ltr'><strong>Auspiciis</strong></span> 
     </span>
     <span class='ocr_line' id='line_1_18' title="bbox 178 2412 1263 2490; baseline -0.007 -14"><span class='ocrx_word' id='word_1_148' title='bbox 178 2419 255 2476; x_wconf 88' lang='lat' dir='ltr'><strong>banc</strong></span> <span class='ocrx_word' id='word_1_149' title='bbox 297 2415 415 2472; x_wconf 83' lang='lat' dir='ltr'><strong>urbem</strong></span> <span class='ocrx_word' id='word_1_150' title='bbox 450 2414 595 2471; x_wconf 88' lang='lat' dir='ltr'><strong>conditam</strong></span> <span class='ocrx_word' id='word_1_151' title='bbox 620 2434 698 2487; x_wconf 88' lang='lat' dir='ltr'><strong>esse,</strong></span> <span class='ocrx_word' id='word_1_152' title='bbox 730 2413 865 2490; x_wconf 82' lang='lat' dir='ltr'><strong>auspiciis</strong></span> <span class='ocrx_word' id='word_1_153' title='bbox 897 2413 974 2471; x_wconf 92' lang='lat' dir='ltr'><strong>bello</strong></span> <span class='ocrx_word' id='word_1_154' title='bbox 1002 2430 1037 2471; x_wconf 89' lang='lat' dir='ltr'><strong>ac</strong></span> <span class='ocrx_word' id='word_1_155' title='bbox 1063 2431 1150 2488; x_wconf 87' lang='lat' dir='ltr'><strong>paee,</strong></span> <span class='ocrx_word' id='word_1_156' title='bbox 1184 2412 1263 2468; x_wconf 88' lang='lat' dir='ltr'><strong>domi</strong></span> 
     </span>
     <span class='ocr_line' id='line_1_19' title="bbox 179 2519 1293 2596; baseline -0.003 -14"><span class='ocrx_word' id='word_1_157' title='bbox 179 2523 371 2595; x_wconf 85' lang='lat' dir='ltr'><strong>militiaeqne</strong></span> <span class='ocrx_word' id='word_1_158' title='bbox 395 2519 494 2576; x_wconf 87' lang='lat' dir='ltr'><strong>omnia</strong></span> <span class='ocrx_word' id='word_1_159' title='bbox 507 2521 578 2595; x_wconf 89' lang='lat' dir='ltr'><strong>geri,</strong></span> <span class='ocrx_word' id='word_1_160' title='bbox 601 2522 665 2596; x_wconf 85' lang='lat' dir='ltr'><strong>quis</strong></span> <span class='ocrx_word' id='word_1_161' title='bbox 687 2530 740 2591; x_wconf 90' lang='lat' dir='ltr'><strong>est,</strong></span> <span class='ocrx_word' id='word_1_162' title='bbox 762 2520 811 2595; x_wconf 91' lang='lat' dir='ltr'><strong>qni</strong></span> <span class='ocrx_word' id='word_1_163' title='bbox 825 2519 958 2596; x_wconf 83' lang='lat' dir='ltr'><strong>ignoret?</strong></span> <span class='ocrx_word' id='word_1_164' title='bbox 980 2522 1074 2578; x_wconf 90' lang='lat' dir='ltr'><strong>Panes</strong></span> <span class='ocrx_word' id='word_1_165' title='bbox 1090 2537 1162 2595; x_wconf 90' lang='lat' dir='ltr'><strong>quos</strong></span> <span class='ocrx_word' id='word_1_166' title='bbox 1177 2519 1293 2592; x_wconf 85' lang='lat' dir='ltr'><strong>igitnr5</strong></span> 
     </span>
     <span class='ocr_line' id='line_1_20' title="bbox 178 2623 1263 2703; baseline -0.006 -17"><span class='ocrx_word' id='word_1_167' title='bbox 178 2640 244 2686; x_wconf 87' lang='lat' dir='ltr'><strong>sunt</strong></span> <span class='ocrx_word' id='word_1_168' title='bbox 282 2623 436 2699; x_wconf 84' lang='lat' dir='ltr'><strong>auspicia</strong></span> <span class='ocrx_word' id='word_1_169' title='bbox 466 2644 548 2683; x_wconf 90' lang='lat' dir='ltr'><strong>more</strong></span> <span class='ocrx_word' id='word_1_170' title='bbox 581 2625 747 2684; x_wconf 86' lang='lat' dir='ltr'><strong>maiorum?</strong></span> <span class='ocrx_word' id='word_1_171' title='bbox 782 2627 897 2703; x_wconf 87' lang='lat' dir='ltr'><strong>Nempe</strong></span> <span class='ocrx_word' id='word_1_172' title='bbox 930 2645 1019 2703; x_wconf 85' lang='lat' dir='ltr'><strong>penes</strong></span> <span class='ocrx_word' id='word_1_173' title='bbox 1051 2635 1164 2701; x_wconf 71' lang='lat' dir='ltr'><strong>patres:</strong></span> <span class='ocrx_word' id='word_1_174' title='bbox 1196 2644 1263 2681; x_wconf 84' lang='lat' dir='ltr'><strong>nam</strong></span> 
     </span>
     <span class='ocr_line' id='line_1_21' title="bbox 178 2731 1294 2812; baseline -0.004 -20"><span class='ocrx_word' id='word_1_175' title='bbox 178 2736 326 2812; x_wconf 80' lang='lat' dir='ltr'><strong>plebeius</strong></span> <span class='ocrx_word' id='word_1_176' title='bbox 352 2731 472 2806; x_wconf 88' lang='lat' dir='ltr'><strong>quidem</strong></span> <span class='ocrx_word' id='word_1_177' title='bbox 502 2731 689 2807; x_wconf 85' lang='lat' dir='ltr'><strong>magistratus</strong></span> <span class='ocrx_word' id='word_1_178' title='bbox 715 2733 811 2790; x_wconf 85' lang='lat' dir='ltr'><strong>nullus</strong></span> <span class='ocrx_word' id='word_1_179' title='bbox 839 2735 990 2810; x_wconf 88' lang='lat' dir='ltr'><strong>auspicato</strong></span> <span class='ocrx_word' id='word_1_180' title='bbox 1019 2743 1150 2807; x_wconf 81' lang='lat' dir='ltr'><strong>creatnr3</strong></span> <span class='ocrx_word' id='word_1_181' title='bbox 1180 2731 1294 2794; x_wconf 77' lang='lat' dir='ltr'><strong>nobisss</strong></span> 
     </span>
     <span class='ocr_line' id='line_1_22' title="bbox 179 2835 1265 2917; baseline -0.007 -16"><span class='ocrx_word' id='word_1_182' title='bbox 179 2844 253 2901; x_wconf 84' lang='lat' dir='ltr'><strong>adeo</strong></span> <span class='ocrx_word' id='word_1_183' title='bbox 280 2835 423 2917; x_wconf 86' lang='lat' dir='ltr'><strong>propria</strong></span> <span class='ocrx_word' id='word_1_184' title='bbox 436 2847 503 2894; x_wconf 91' lang='lat' dir='ltr'><strong>sunt</strong></span> <span class='ocrx_word' id='word_1_185' title='bbox 516 2838 655 2914; x_wconf 86' lang='lat' dir='ltr'><strong>auspicia,</strong></span> <span class='ocrx_word' id='word_1_186' title='bbox 676 2850 788 2897; x_wconf 88' lang='lat' dir='ltr'><strong>utnon</strong></span> <span class='ocrx_word' id='word_1_187' title='bbox 809 2842 917 2913; x_wconf 87' lang='lat' dir='ltr'><strong>solum,</strong></span> <span class='ocrx_word' id='word_1_188' title='bbox 939 2861 1012 2916; x_wconf 89' lang='lat' dir='ltr'><strong>quos</strong></span> <span class='ocrx_word' id='word_1_189' title='bbox 1036 2839 1160 2917; x_wconf 89' lang='lat' dir='ltr'><strong>populus</strong></span> <span class='ocrx_word' id='word_1_190' title='bbox 1185 2846 1265 2894; x_wconf 87' lang='lat' dir='ltr'><strong>creat</strong></span> 
     </span>
     <span class='ocr_line' id='line_1_23' title="bbox 177 2943 1263 3025; baseline -0.007 -18"><span class='ocrx_word' id='word_1_191' title='bbox 177 2948 342 3025; x_wconf 70' lang='lat' dir='ltr'><strong>patricios,</strong></span> <span class='ocrx_word' id='word_1_192' title='bbox 361 2943 567 3018; x_wconf 72' lang='lat' dir='ltr'><strong>magistratus,</strong></span> <span class='ocrx_word' id='word_1_193' title='bbox 592 2963 653 3002; x_wconf 94' lang='lat' dir='ltr'><strong>non</strong></span> <span class='ocrx_word' id='word_1_194' title='bbox 679 2946 762 3004; x_wconf 88' lang='lat' dir='ltr'><strong>aliter</strong></span> <span class='ocrx_word' id='word_1_195' title='bbox 789 2965 877 3021; x_wconf 87' lang='lat' dir='ltr'><strong>quam</strong></span> <span class='ocrx_word' id='word_1_196' title='bbox 909 2948 1059 3023; x_wconf 89' lang='lat' dir='ltr'><strong>auspicato</strong></span> <span class='ocrx_word' id='word_1_197' title='bbox 1090 2955 1179 3016; x_wconf 86' lang='lat' dir='ltr'><strong>creet,</strong></span> <span class='ocrx_word' id='word_1_198' title='bbox 1212 2944 1263 3001; x_wconf 84' lang='lat' dir='ltr'><strong>sed</strong></span> 
     </span>
     <span class='ocr_line' id='line_1_24' title="bbox 178 3049 1263 3129; baseline -0.007 -16"><span class='ocrx_word' id='word_1_199' title='bbox 178 3075 231 3113; x_wconf 90' lang='lat' dir='ltr'><strong>nos</strong></span> <span class='ocrx_word' id='word_1_200' title='bbox 264 3068 406 3129; x_wconf 85' lang='lat' dir='ltr'><strong>quoquc</strong></span> <span class='ocrx_word' id='word_1_201' title='bbox 432 3049 488 3124; x_wconf 89' lang='lat' dir='ltr'><strong>ipsi</strong></span> <span class='ocrx_word' id='word_1_202' title='bbox 518 3050 581 3106; x_wconf 92' lang='lat' dir='ltr'><strong>sine</strong></span> <span class='ocrx_word' id='word_1_203' title='bbox 612 3049 753 3126; x_wconf 87' lang='lat' dir='ltr'><strong>suffragio</strong></span> <span class='ocrx_word' id='word_1_204' title='bbox 782 3052 883 3127; x_wconf 89' lang='lat' dir='ltr'><strong>populi</strong></span> <span class='ocrx_word' id='word_1_205' title='bbox 912 3054 1062 3127; x_wconf 88' lang='lat' dir='ltr'><strong>auspicato</strong></span> <span class='ocrx_word' id='word_1_206' title='bbox 1092 3053 1263 3125; x_wconf 84' lang='lat' dir='ltr'><strong>interregem</strong></span> 
     </span>
     <span class='ocr_line' id='line_1_25' title="bbox 177 3154 1263 3238; baseline -0.007 -18"><span class='ocrx_word' id='word_1_207' title='bbox 177 3163 371 3238; x_wconf 85' lang='lat' dir='ltr'><strong>prodamus,</strong></span> <span class='ocrx_word' id='word_1_208' title='bbox 394 3166 423 3212; x_wconf 89' lang='lat' dir='ltr'><strong>et</strong></span> <span class='ocrx_word' id='word_1_209' title='bbox 443 3154 579 3230; x_wconf 88' lang='lat' dir='ltr'><strong>privatim</strong></span> <span class='ocrx_word' id='word_1_210' title='bbox 600 3157 730 3232; x_wconf 87' lang='lat' dir='ltr'><strong>auspicia</strong></span> <span class='ocrx_word' id='word_1_211' title='bbox 750 3159 919 3230; x_wconf 86' lang='lat' dir='ltr'><strong>habeamus,</strong></span> <span class='ocrx_word' id='word_1_212' title='bbox 941 3177 1004 3233; x_wconf 85' lang='lat' dir='ltr'><strong>quae</strong></span> <span class='ocrx_word' id='word_1_213' title='bbox 1024 3158 1073 3215; x_wconf 89' lang='lat' dir='ltr'><strong>isti</strong></span> <span class='ocrx_word' id='word_1_214' title='bbox 1093 3177 1130 3213; x_wconf 93' lang='lat' dir='ltr'><strong>ne</strong></span> <span class='ocrx_word' id='word_1_215' title='bbox 1149 3159 1179 3213; x_wconf 93' lang='lat' dir='ltr'><strong>in</strong></span> <span class='ocrx_word' id='word_1_216' title='bbox 1202 3175 1263 3212; x_wconf 81' lang='lat' dir='ltr'><strong>ma-</strong></span> 
     </span>
     <span class='ocr_line' id='line_1_26' title="bbox 177 3245 1292 3342; baseline -0.008 -17"><span class='ocrx_word' id='word_1_217' title='bbox 177 3265 372 3342; x_wconf 87' lang='lat' dir='ltr'><strong>gistratibus</strong></span> <span class='ocrx_word' id='word_1_218' title='bbox 396 3260 649 3334; x_wconf 86' lang='lat' dir='ltr'><strong>quidem&#39;babent.</strong></span> <span class='ocrx_word' id='word_1_219' title='bbox 697 3263 775 3336; x_wconf 77' lang='lat' dir='ltr'><strong>Quid</strong></span> <span class='ocrx_word' id='word_1_220' title='bbox 802 3264 890 3339; x_wconf 90' lang='lat' dir='ltr'><strong>igitur</strong></span> <span class='ocrx_word' id='word_1_221' title='bbox 919 3245 999 3320; x_wconf 85' lang='lat' dir='ltr'><strong>¹aliud</strong></span> <span class='ocrx_word' id='word_1_222' title='bbox 1025 3281 1112 3336; x_wconf 87' lang='lat' dir='ltr'><strong>quam</strong></span> <span class='ocrx_word' id='word_1_223' title='bbox 1131 3262 1205 3318; x_wconf 89' lang='lat' dir='ltr'><strong>tollit</strong></span> <span class='ocrx_word' id='word_1_224' title='bbox 1226 3274 1292 3326; x_wconf 66' lang='lat' dir='ltr'><strong>ex?</strong></span> 
     </span>
     <span class='ocr_line' id='line_1_27' title="bbox 178 3366 1262 3443; baseline -0.008 -13"><span class='ocrx_word' id='word_1_225' title='bbox 178 3376 313 3435; x_wconf 79' lang='lat' dir='ltr'><strong>civitate</strong></span> <span class='ocrx_word' id='word_1_226' title='bbox 344 3366 495 3442; x_wconf 85' lang='lat' dir='ltr'><strong>auspicia,</strong></span> <span class='ocrx_word' id='word_1_227' title='bbox 523 3367 573 3442; x_wconf 93' lang='lat' dir='ltr'><strong>qui</strong></span> <span class='ocrx_word' id='word_1_228' title='bbox 603 3367 734 3443; x_wconf 89' lang='lat' dir='ltr'><strong>plebeios</strong></span> <span class='ocrx_word' id='word_1_229' title='bbox 764 3369 895 3427; x_wconf 88' lang='lat' dir='ltr'><strong>consules</strong></span> <span class='ocrx_word' id='word_1_230' title='bbox 924 3369 1049 3425; x_wconf 83' lang='lat' dir='ltr'><strong>creando</strong></span> <span class='ocrx_word' id='word_1_231' title='bbox 1078 3386 1096 3424; x_wconf 87' lang='lat' dir='ltr'><strong>a</strong></span> <span class='ocrx_word' id='word_1_232' title='bbox 1122 3367 1262 3442; x_wconf 84' lang='lat' dir='ltr'><strong>patribus,</strong></span> 
     </span>
     <span class='ocr_line' id='line_1_28' title="bbox 178 3472 1263 3556; baseline -0.011 -17"><span class='ocrx_word' id='word_1_233' title='bbox 178 3483 229 3556; x_wconf 88' lang='lat' dir='ltr'><strong>qui</strong></span> <span class='ocrx_word' id='word_1_234' title='bbox 256 3475 328 3536; x_wconf 89' lang='lat' dir='ltr'><strong>soli</strong></span> <span class='ocrx_word' id='word_1_235' title='bbox 354 3490 394 3530; x_wconf 83' lang='lat' dir='ltr'><strong>ea</strong></span> <span class='ocrx_word' id='word_1_236' title='bbox 414 3473 525 3530; x_wconf 84' lang='lat' dir='ltr'><strong>habere</strong></span> <span class='ocrx_word' id='word_1_237' title='bbox 543 3486 678 3549; x_wconf 91' lang='lat' dir='ltr'><strong>possunt,</strong></span> <span class='ocrx_word' id='word_1_238' title='bbox 700 3472 815 3531; x_wconf 85' lang='lat' dir='ltr'><strong>aufert?</strong></span> <span class='ocrx_word' id='word_1_239' title='bbox 843 3474 973 3532; x_wconf 89' lang='lat' dir='ltr'><strong>Eludant</strong></span> <span class='ocrx_word' id='word_1_240' title='bbox 999 3492 1074 3530; x_wconf 89' lang='lat' dir='ltr'><strong>nunc</strong></span> <span class='ocrx_word' id='word_1_241' title='bbox 1102 3473 1170 3530; x_wconf 89' lang='lat' dir='ltr'><strong>licet</strong></span> <span class='ocrx_word' id='word_1_242' title='bbox 1195 3473 1263 3528; x_wconf 90' lang='lat' dir='ltr'><strong>reli-</strong></span> 
     </span>
     <span class='ocr_line' id='line_1_29' title="bbox 177 3578 1294 3664; baseline -0.008 -21"><span class='ocrx_word' id='word_1_243' title='bbox 177 3588 309 3662; x_wconf 77' lang='lat' dir='ltr'><strong>gionesz</strong></span> <span class='ocrx_word' id='word_1_244' title='bbox 337 3578 414 3654; x_wconf 88' lang='lat' dir='ltr'><strong>qaid</strong></span> <span class='ocrx_word' id='word_1_245' title='bbox 435 3580 510 3636; x_wconf 91' lang='lat' dir='ltr'><strong>enim</strong></span> <span class='ocrx_word' id='word_1_246' title='bbox 533 3597 606 3653; x_wconf 84' lang='lat' dir='ltr'><strong>esse,</strong></span> <span class='ocrx_word' id='word_1_247' title='bbox 637 3582 663 3639; x_wconf 93' lang='lat' dir='ltr'><strong>si</strong></span> <span class='ocrx_word' id='word_1_248' title='bbox 683 3581 755 3657; x_wconf 87' lang='lat' dir='ltr'><strong>pulli</strong></span> <span class='ocrx_word' id='word_1_249' title='bbox 776 3600 834 3638; x_wconf 93' lang='lat' dir='ltr'><strong>non</strong></span> <span class='ocrx_word' id='word_1_250' title='bbox 856 3591 1026 3658; x_wconf 86' lang='lat' dir='ltr'><strong>pascantur,</strong></span> <span class='ocrx_word' id='word_1_251' title='bbox 1058 3580 1083 3637; x_wconf 87' lang='lat' dir='ltr'><strong>si</strong></span> <span class='ocrx_word' id='word_1_252' title='bbox 1107 3599 1144 3636; x_wconf 85' lang='lat' dir='ltr'><strong>ex</strong></span> <span class='ocrx_word' id='word_1_253' title='bbox 1172 3583 1294 3664; x_wconf 71' lang='lat' dir='ltr'><strong>caveas</strong></span> 
     </span>
     <span class='ocr_line' id='line_1_30' title="bbox 177 3683 1263 3757; baseline -0.011 -4"><span class='ocrx_word' id='word_1_254' title='bbox 177 3693 306 3752; x_wconf 84' lang='lat' dir='ltr'><strong>tardius</strong></span> <span class='ocrx_word' id='word_1_255' title='bbox 344 3683 484 3757; x_wconf 79' lang='lat' dir='ltr'><strong>exierint,</strong></span> <span class='ocrx_word' id='word_1_256' title='bbox 511 3685 537 3743; x_wconf 89' lang='lat' dir='ltr'><strong>si</strong></span> <span class='ocrx_word' id='word_1_257' title='bbox 565 3688 736 3745; x_wconf 88' lang='lat' dir='ltr'><strong>occecinerit</strong></span> <span class='ocrx_word' id='word_1_258' title='bbox 769 3687 850 3745; x_wconf 88' lang='lat' dir='ltr'><strong>avis?</strong></span> <span class='ocrx_word' id='word_1_259' title='bbox 883 3689 983 3746; x_wconf 86' lang='lat' dir='ltr'><strong>Parva</strong></span> <span class='ocrx_word' id='word_1_260' title='bbox 1004 3696 1071 3744; x_wconf 88' lang='lat' dir='ltr'><strong>sunt</strong></span> <span class='ocrx_word' id='word_1_261' title='bbox 1096 3687 1173 3754; x_wconf 79' lang='lat' dir='ltr'><strong>hoec3</strong></span> <span class='ocrx_word' id='word_1_262' title='bbox 1212 3685 1263 3742; x_wconf 89' lang='lat' dir='ltr'><strong>sed</strong></span> 
     </span>
     <span class='ocr_line' id='line_1_31' title="bbox 175 3793 1263 3877; baseline -0.011 -19"><span class='ocrx_word' id='word_1_263' title='bbox 175 3818 283 3877; x_wconf 78' lang='lat' dir='ltr'><strong>parva</strong></span> <span class='ocrx_word' id='word_1_264' title='bbox 308 3795 376 3851; x_wconf 90' lang='lat' dir='ltr'><strong>ista</strong></span> <span class='ocrx_word' id='word_1_265' title='bbox 404 3809 463 3858; x_wconf 87' lang='lat' dir='ltr'><strong>non</strong></span> <span class='ocrx_word' id='word_1_266' title='bbox 492 3793 700 3849; x_wconf 90' lang='lat' dir='ltr'><strong>contemnendo</strong></span> <span class='ocrx_word' id='word_1_267' title='bbox 730 3793 855 3850; x_wconf 87' lang='lat' dir='ltr'><strong>maiores</strong></span> <span class='ocrx_word' id='word_1_268' title='bbox 875 3793 967 3852; x_wconf 86' lang='lat' dir='ltr'><strong>nostri</strong></span> <span class='ocrx_word' id='word_1_269' title='bbox 998 3793 1154 3850; x_wconf 81' lang='lat' dir='ltr'><strong>maximam</strong></span> <span class='ocrx_word' id='word_1_270' title='bbox 1175 3793 1263 3848; x_wconf 82' lang='lat' dir='ltr'><strong>¹hano</strong></span> 
     </span>
     <span class='ocr_line' id='line_1_32' title="bbox 177 3899 1293 3974; baseline -0.013 -8"><span class='ocrx_word' id='word_1_271' title='bbox 177 3928 243 3966; x_wconf 87' lang='lat' dir='ltr'><strong>rem</strong></span> <span class='ocrx_word' id='word_1_272' title='bbox 283 3902 444 3972; x_wconf 71' lang='lat' dir='ltr'><strong>fecerunt,</strong></span> <span class='ocrx_word' id='word_1_273' title='bbox 475 3916 551 3955; x_wconf 90' lang='lat' dir='ltr'><strong>nnuc</strong></span> <span class='ocrx_word' id='word_1_274' title='bbox 583 3916 646 3968; x_wconf 90' lang='lat' dir='ltr'><strong>nos,</strong></span> <span class='ocrx_word' id='word_1_275' title='bbox 677 3907 817 3971; x_wconf 88' lang='lat' dir='ltr'><strong>tanquam</strong></span> <span class='ocrx_word' id='word_1_276' title='bbox 848 3900 908 3956; x_wconf 88' lang='lat' dir='ltr'><strong>iam</strong></span> <span class='ocrx_word' id='word_1_277' title='bbox 936 3899 1006 3956; x_wconf 89' lang='lat' dir='ltr'><strong>nihil</strong></span> <span class='ocrx_word' id='word_1_278' title='bbox 1035 3917 1108 3974; x_wconf 88' lang='lat' dir='ltr'><strong>pace</strong></span> <span class='ocrx_word' id='word_1_279' title='bbox 1144 3899 1293 3962; x_wconf 83' lang='lat' dir='ltr'><strong>deorum9</strong></span> 
     </span>
     <span class='ocr_line' id='line_1_33' title="bbox 178 4004 1263 4091; baseline -0.009 -23"><span class='ocrx_word' id='word_1_280' title='bbox 178 4033 260 4091; x_wconf 85' lang='lat' dir='ltr'><strong>opus</strong></span> <span class='ocrx_word' id='word_1_281' title='bbox 285 4009 342 4078; x_wconf 89' lang='lat' dir='ltr'><strong>sit,</strong></span> <span class='ocrx_word' id='word_1_282' title='bbox 366 4023 468 4062; x_wconf 89' lang='lat' dir='ltr'><strong>omues</strong></span> <span class='ocrx_word' id='word_1_283' title='bbox 490 4005 668 4062; x_wconf 72' lang='lat' dir='ltr'><strong>caerimonias</strong></span> <span class='ocrx_word' id='word_1_284' title='bbox 682 4004 846 4083; x_wconf 88' lang='lat' dir='ltr'><strong>polluimus.</strong></span> <span class='ocrx_word' id='word_1_285' title='bbox 893 4007 992 4080; x_wconf 91' lang='lat' dir='ltr'><strong>Vulgo</strong></span> <span class='ocrx_word' id='word_1_286' title='bbox 1015 4024 1083 4080; x_wconf 91' lang='lat' dir='ltr'><strong>ergo</strong></span> <span class='ocrx_word' id='word_1_287' title='bbox 1104 4004 1263 4081; x_wconf 87' lang='lat' dir='ltr'><strong>pontifices,</strong></span> 
     </span>
     <span class='ocr_line' id='line_1_34' title="bbox 177 4110 1264 4196; baseline 0 -28"><span class='ocrx_word' id='word_1_288' title='bbox 177 4136 340 4196; x_wconf 68' lang='lat' dir='ltr'><strong>augures,</strong></span> <span class='ocrx_word' id='word_1_289' title='bbox 380 4111 533 4169; x_wconf 87' lang='lat' dir='ltr'><strong>sacrificuli</strong></span> <span class='ocrx_word' id='word_1_290' title='bbox 565 4131 649 4188; x_wconf 88' lang='lat' dir='ltr'><strong>reges</strong></span> <span class='ocrx_word' id='word_1_291' title='bbox 681 4121 827 4180; x_wconf 84' lang='lat' dir='ltr'><strong>creentur3</strong></span> <span class='ocrx_word' id='word_1_292' title='bbox 863 4111 1115 4188; x_wconf 71' lang='lat' dir='ltr'><strong>cuilibet&#39;apicam</strong></span> <span class='ocrx_word' id='word_1_293' title='bbox 1138 4110 1264 4178; x_wconf 82' lang='lat' dir='ltr'><strong>Dialem,</strong></span> 
     </span>
    </p>
   </div>
   <div class='ocr_carea' id='block_1_3' title="bbox 172 4187 1314 4400">
    <p class='ocr_par' dir='ltr' id='par_1_3' title="bbox 172 4187 1314 4400">
     <span class='ocr_line' id='line_1_35' title="bbox 172 4187 1263 4303; baseline -0.014 -16"><span class='ocrx_word' id='word_1_294' title='bbox 172 4222 360 4303; x_wconf 81' lang='lat' dir='ltr'><strong>¹dummodo</strong></span> <span class='ocrx_word' id='word_1_295' title='bbox 383 4221 472 4276; x_wconf 91' lang='lat' dir='ltr'><strong>bomo</strong></span> <span class='ocrx_word' id='word_1_296' title='bbox 494 4219 541 4290; x_wconf 86' lang='lat' dir='ltr'><strong>sit,</strong></span> <span class='ocrx_word' id='word_1_297' title='bbox 561 4219 759 4294; x_wconf 81' lang='lat' dir='ltr'><strong>imponamus3</strong></span> <span class='ocrx_word' id='word_1_298' title='bbox 791 4187 939 4274; x_wconf 75' lang='lat' dir='ltr'><strong>tradimus</strong></span> <span class='ocrx_word' id='word_1_299' title='bbox 961 4217 1074 4287; x_wconf 87' lang='lat' dir='ltr'><strong>ancilia,</strong></span> <span class='ocrx_word' id='word_1_300' title='bbox 1096 4217 1263 4294; x_wconf 84' lang='lat' dir='ltr'><strong>penetralia,</strong></span> 
     </span>
     <span class='ocr_line' id='line_1_36' title="bbox 177 4321 1314 4400; baseline -0.014 -6"><span class='ocrx_word' id='word_1_301' title='bbox 177 4336 257 4393; x_wconf 84' lang='lat' dir='ltr'><strong>deos</strong></span> <span class='ocrx_word' id='word_1_302' title='bbox 286 4331 479 4399; x_wconf 89' lang='lat' dir='ltr'><strong>deorumque</strong></span> <span class='ocrx_word' id='word_1_303' title='bbox 500 4343 617 4394; x_wconf 87' lang='lat' dir='ltr'><strong>curam,</strong></span> <span class='ocrx_word' id='word_1_304' title='bbox 648 4324 753 4398; x_wconf 85' lang='lat' dir='ltr'><strong>quibus</strong></span> <span class='ocrx_word' id='word_1_305' title='bbox 779 4321 862 4380; x_wconf 83' lang='lat' dir='ltr'><strong>nefas</strong></span> <span class='ocrx_word' id='word_1_306' title='bbox 884 4334 941 4393; x_wconf 88' lang='lat' dir='ltr'><strong>est;</strong></span> <span class='ocrx_word' id='word_1_307' title='bbox 970 4342 1028 4380; x_wconf 91' lang='lat' dir='ltr'><strong>non</strong></span> <span class='ocrx_word' id='word_1_308' title='bbox 1055 4321 1133 4400; x_wconf 88' lang='lat' dir='ltr'><strong>leges</strong></span> <span class='ocrx_word' id='word_1_309' title='bbox 1167 4322 1263 4398; x_wconf 88' lang='lat' dir='ltr'><strong>auspi·</strong></span> <span class='ocrx_word' id='word_1_310' title='bbox 1279 4337 1314 4391; x_wconf 84' lang='lat'><strong>10</strong></span> 
     </span>
    </p>
   </div>
   <div class='ocr_carea' id='block_1_4' title="bbox 0 0 1700 5084">
    <p class='ocr_par' dir='ltr' id='par_1_4' title="bbox 0 0 1700 5084">
     <span class='ocr_line' id='line_1_37' title="bbox 0 0 1700 5084; baseline 0 2"><span class='ocrx_word' id='word_1_311' title='bbox 0 0 1700 5084; x_wconf 95' lang='lat' dir='ltr'><strong> </strong></span> 
     </span>
    </p>
   </div>
  </div>
 </body>
</html>
