3392 5084
813 1434 1004 1517 blBEll
1040 1438 1092 1516 ll.

903 1659 1003 1671 ..n—n·-

324 1804 341 1873 l
422 1789 521 1866 ltiberi
542 1809 602 1865 iam
623 1809 691 1866 hinc
711 1809 811 1884 populi
832 1809 960 1867 Romani
986 1826 1033 1867 res
1054 1827 1127 1884 paee
1149 1808 1283 1883 belloque
1303 1816 1413 1883 gestas,
1440 1823 1489 1862 an·

423 1931 497 1971 nuos
519 1913 715 1988 magistratus,
736 1914 917 1989 imperiaque
937 1914 1034 1989 legum
1048 1913 1214 1989 potentiore
1235 1931 1325 1986 quam
1339 1911 1487 1969 hominum

392 2020 573 2093 2peragem.
620 2018 694 2091 Quae
709 2019 830 2076 lbertas
851 2028 884 2075 ut
904 2018 1097 2089 laborasset,
1118 2017 1246 2093 proximi
1259 2017 1337 2093 regis
1352 2016 1487 2093 superbia

422 2124 541 2183 fecerat.
587 2123 668 2181 Nam
688 2123 802 2197 priores
822 2123 865 2179 ita
885 2108 1053 2199 regnarunt,
1076 2133 1108 2181 ut
1127 2124 1206 2181 haud
1226 2122 1372 2179 immerito
1389 2138 1486 2178 omnes
1528 2136 1529 2145 ¹

423 2230 559 2304 deinceps
581 2228 744 2285 conditores
759 2228 887 2303 partium
909 2236 986 2286 certe
1007 2230 1096 2301 urbis,
1119 2247 1192 2304 quas
1213 2245 1306 2285 novas
1327 2226 1385 2302 ipsi
1406 2226 1486 2283 sedas

392 2336 461 2392 bob
483 2353 514 2391 se
536 2342 629 2391 auctae
650 2333 841 2391 multitudinis
863 2333 1051 2405 addiderunt,
1078 2342 1279 2404 numerentur;
1309 2350 1405 2406 neque
1429 2348 1485 2387 am-

422 2439 540 2515 bigitur,
564 2438 634 2512 quin
656 2438 766 2496 Brutus
787 2438 882 2509 idem,
913 2439 963 2513 qui
983 2448 1095 2496 tantum
1120 2439 1219 2514 gloriae
1241 2418 1485 2513 superbo'exacto

423 2563 492 2619 rege
513 2544 632 2613 meruit,
662 2545 791 2619 pessimo
817 2544 935 2619 publico
960 2544 991 2601 id
1017 2542 1148 2602 facturus
1169 2542 1271 2615 fuerit,
1300 2544 1326 2599 si
1347 2541 1484 2600 libertatis

423 2650 585 2706 immatura
614 2648 748 2723 cupidine
774 2648 904 2723 p1iorum
932 2666 1034 2723 regum
1055 2648 1143 2707 alicui
1165 2667 1287 2724 regnum
1309 2648 1484 2705 extorsisset.

391 2760 409 2814 4
425 2754 502 2828 Quid
518 2754 594 2810 enim
609 2751 737 2810 futurum
759 2751 824 2823 fuit,
846 2754 873 2810 si
893 2753 944 2810 illa
959 2763 1109 2829 pastorum
1125 2772 1382 2828 convenarumque
1396 2753 1484 2829 plebs,

423 2857 577 2933 transfuga
598 2877 636 2914 ex
657 2858 718 2915 suis
738 2858 864 2933 populis,
885 2860 939 2917 sub
960 2861 1052 2918 tutela
1072 2858 1205 2917 inviolati
1219 2859 1320 2933 templi
1340 2867 1391 2916 aut
1404 2857 1486 2914 liber·

425 2972 514 3021 tatem
537 2971 588 3021 aut
609 2971 687 3020 certe
707 2962 910 3037 impunitatem
933 2965 1049 3041 adepte,
1071 2954 1167 3023 s'olute
1187 2964 1269 3039 regio
1291 2973 1370 3022 metu
1386 2960 1485 3039 agitari

393 3075 529 3145 booepta
550 3078 626 3126 esset
648 3067 808 3125 tribuniciis
829 3069 964 3143 procellis
989 3077 1018 3126 et
1047 3070 1077 3126 in
1100 3069 1195 3127 aliena
1216 3070 1289 3125 urbe
1310 3088 1376 3125 cum
1400 3065 1484 3144 patri·

425 3178 479 3233 bus
499 3194 595 3233 serere
618 3174 792 3245 certamina,
813 3174 984 3249 priusquam
1009 3174 1130 3249 pignera
1151 3175 1306 3249 coniugum
1329 3193 1366 3232 ac
1385 3174 1485 3231 libero-

425 3300 489 3338 rum
512 3280 677 3354 caritasque
698 3279 789 3355 ipsius
811 3279 876 3350 soli,
899 3280 946 3337 cui
966 3280 1055 3355 longo
1077 3288 1207 3355 tempore
1222 3280 1407 3349 assuescitur,
1429 3276 1484 3335 ani·

394 3391 491 3445 timos
510 3404 610 3442 eorum
638 3383 855 3441 consociasset?
888 3384 1047 3460 Dissipatae
1073 3403 1120 3441 res
1149 3385 1279 3441 nondum
1306 3384 1412 3441 adulta
1433 3381 1483 3438 dis-

426 3489 528 3545 cordia
549 3487 660 3559 forent,
691 3506 765 3564 quas
786 3487 862 3546 fovit
882 3489 1040 3569 tranqpilla
1061 3488 1222 3546 moderatio
1243 3488 1374 3564 imperii,
1399 3502 1483 3559 eoque

426 3595 579 3653 nutriendo
601 3594 752 3670 perduxit,
782 3602 815 3651 ut
843 3594 950 3651 bonam
979 3593 1093 3669 frugem
1120 3593 1262 3652 libertatis
1289 3594 1411 3652 maturis
1431 3592 1484 3647 iam

425 3697 536 3755 viribus
557 3698 634 3757 ferre
653 3707 782 3775 possent.

396 3811 412 3865 7
511 3803 669 3861 Libertatis
692 3813 789 3861 autem
812 3803 953 3879 originem
978 3804 1046 3861 inde
1067 3803 1175 3878 magis,
1199 3804 1268 3879 qula
1289 3821 1417 3861 annuum
1437 3801 1482 3857 im·
1526 3822 1527 3893 p

426 3908 538 3983 perium
561 3910 713 3966 consulare
734 3908 843 3967 factum
866 3919 918 3981 est,
942 3928 1029 3984 quam
1047 3906 1127 3983 quod
1141 3907 1320 3964 deminutum
1336 3908 1482 3983 quicquam

394 4012 464 4075 8sit
485 4032 522 4068 ex
544 4013 627 4087 regia
647 4022 801 4089 potestate,
823 4030 966 4072 numeres.
1010 4011 1117 4070 Omnia
1137 4013 1216 4082 iura,
1249 4014 1349 4071 omnia
1368 4008 1482 4087 insignia

426 4118 513 4193 primi
540 4117 674 4175 consules
703 4127 837 4190 tenuere;
871 4118 900 4175 id
930 4118 1017 4175 modo
1046 4127 1161 4174 cautum
1189 4127 1247 4189 est,
1273 4138 1325 4190 ne,
1353 4119 1378 4176 si
1405 4116 1481 4175 ambo

428 4222 522 4280 fasces
553 4223 708 4292 heberent,
739 4222 903 4298 duplicatus
936 4232 1030 4280 terror
1063 4222 1219 4283 videretur.
1271 4224 1381 4282 Brutus
1403 4222 1481 4300 prior,
