3392 5084
483 504 500 559 8
774 500 856 551 Liber
873 500 922 555 VI.
960 501 1005 564 (A.
1017 518 1038 553 c.
1049 518 1073 551 n.
1084 503 1157 566 368.)

440 686 559 763 animis,
591 704 694 761 perere
716 694 803 761 etque
823 685 969 763 imperare
990 688 1073 745 iuxta
1092 698 1213 763 paratos
1234 690 1405 763 laudemque
1423 707 1481 745 eon·

440 790 564 851 ferentes
585 792 680 881 potius
701 792 732 849 in
753 792 878 879 medium
901 810 988 867 quam
1011 814 1048 851 ex
1069 795 1214 853 communi
1235 796 1275 853 ad
1290 814 1324 852 se
1338 795 1480 853 manentes.

522 896 636 955 Iustitio
658 898 765 957 indicto
787 898 950 973 dilectuque
970 899 1086 970 habito,
1118 901 1224 959 Furius
1245 919 1281 958 ac
1302 900 1433 958 Valerius
1450 900 1481 956 ad

440 1003 583 1063 Satricum
605 1004 739 1079 profecti,
767 1024 824 1079 quo
848 1025 907 1063 non
928 1007 1102 1065 Volscorum
1124 1008 1212 1064 modo
1232 1007 1408 1064 iuventutem
1429 1007 1482 1061 Au·

439 1110 524 1167 tietes
546 1127 583 1167 ex
603 1128 682 1167 nova
704 1111 806 1169 subole
826 1112 941 1183 lectam,
965 1113 1016 1169 sed
1037 1113 1180 1188 ingentem
1203 1113 1374 1170 Latinorum
1390 1110 1481 1168 Herni-

440 1234 596 1289 corumque
607 1217 793 1275 conciverant
813 1238 849 1275 ex
865 1218 1055 1294 integerrimis
1070 1220 1181 1276 diutins
1192 1237 1267 1294 pace
1277 1218 1401 1294 populis
1432 1218 1446 1275 Ι
1472 1250 1481 1259 -

440 1340 496 1396 que
506 1338 598 1377 novus
609 1322 700 1379 hostis
711 1323 801 1381 veteri
813 1324 963 1381 adiunctus
974 1325 1248 1383 commovitsnimos
1258 1325 1356 1413 milipia
1361 1325 1480 1383 Roman.

410 1426 526 1500 2Quod
547 1427 597 1484 ubi
617 1426 709 1484 aciem
730 1428 788 1485 iem
810 1428 961 1487 instruenti
975 1428 1098 1488 Camillo
1112 1432 1294 1488 centuriones
1314 1432 1480 1489 renuntiave-

439 1542 514 1601 runt,
535 1532 666 1591 turbatas
678 1531 798 1591 militum
811 1545 920 1592 mentes
932 1554 1004 1606 esse,
1026 1537 1151 1611 segniter
1164 1554 1247 1593 arma
1263 1546 1360 1613 capta,
1380 1547 1482 1595 cuncta·

439 1638 608 1713 bundosque
640 1648 668 1697 et
698 1641 862 1699 restitantes
894 1658 1027 1716 egressos
1064 1642 1166 1698 caenis
1195 1660 1277 1712 esse,
1309 1643 1380 1717 qnin
1409 1662 1482 1700 voces

440 1762 555 1819 quoque
576 1744 706 1817 auditas,
738 1765 803 1805 cum
825 1748 951 1805 centenis
976 1746 1113 1804 'hostibus
1144 1746 1273 1821 singulos
1306 1758 1481 1824 pugnaturos,

438 1858 467 1906 et
488 1866 564 1925 segre
584 1850 721 1910 inermem
739 1860 849 1911 tantam
866 1854 1084 1922 multitudinem,
1106 1852 1210 1909 nedum
1233 1863 1389 1925 armatam,
1410 1855 1482 1911 susti·

390 1956 500 2013 ¹3neri
523 1948 618 2032 posse,
639 1958 668 2015 in
690 1976 795 2033 equum
816 1960 906 2017 insilit
926 1968 955 2015 et
976 1968 1042 2015 ante
1066 1957 1158 2033 signa,
1181 1959 1323 2016 obversus
1344 1959 1373 2015 in
1396 1959 1482 2016 eciem.

438 2064 552 2121 ordisse
573 2065 787 2139 interequitans,
811 2066 903 2139 „Quis
921 2065 1047 2136 tristitie,
1068 2065 1181 2134 milites,
1201 2066 1273 2132 hsec,
1295 2083 1359 2139 quae
1380 2064 1482 2121 insolite

438 2170 582 2228 cunctatio
604 2170 667 2228 est?
710 2168 832 2229 Hostem
856 2190 894 2228 en
915 2190 962 2228 me
988 2190 1026 2227 an
1050 2189 1104 2227 vos
1128 2168 1291 2245 ignoretis?
1334 2171 1481 2227 Hostisest

439 2277 508 2353 quid
529 2277 607 2334 aliud
629 2296 714 2352 quam
738 2286 878 2352 perpetua
908 2276 1030 2332 materia
1057 2276 1171 2333 virtutis
1193 2275 1351 2350 gloriaque
1371 2272 1481 2333 vestre?

407 2378 500 2441 tuos
521 2391 623 2441 contra
646 2403 691 2441 me
714 2384 795 2452 duce,
817 2390 849 2439 ut
868 2381 1001 2438 Falerios
1016 2382 1163 2456 Veiosque
1182 2392 1285 2456 captos
1306 2380 1388 2437 etin
1410 2389 1478 2455 cepte

437 2488 533 2565 petria
543 2487 695 2547 Gallorum
711 2490 838 2565 legiones
855 2505 945 2546 caesas
955 2495 1078 2558 taceam,
1092 2488 1180 2545 modo
1194 2487 1356 2563 trigeminae
1366 2487 1478 2545 victorie

436 2595 576 2671 triplicem
609 2595 783 2671 triumphum
817 2614 853 2651 ex
881 2593 926 2650 his
956 2592 1026 2667 ipsis
1057 2593 1173 2650 Volscis
1201 2602 1230 2649 et
1262 2593 1371 2667 AEquis
1399 2604 1426 2652 et
1452 2611 1479 2649 ex

408 2696 555 2759 5Etruria
570 2700 677 2775 egistis.
721 2704 771 2760 An
785 2721 840 2770 me,
863 2699 941 2773 quod
959 2718 1016 2755 non
1039 2699 1164 2755 dictator
1184 2699 1278 2769 vobis,
1301 2702 1353 2757 sed
1364 2701 1479 2757 uibunm

438 2807 549 2883 signum
580 2806 662 2875 dedi,
702 2823 760 2861 non
787 2805 943 2880 agnoscitis
973 2802 1098 2861 ducem?
1140 2804 1246 2879 Neque
1278 2824 1334 2880 ego
1365 2806 1480 2863 maxims

435 2913 558 2989 imperia
579 2914 609 2970 in
630 2930 683 2969 vos
707 2911 847 2980 desidero,
870 2919 899 2967 et
919 2928 974 2967 vos
994 2909 1024 2965 in
1047 2929 1092 2966 me
1112 2910 1183 2967 nihil
1203 2920 1309 2985 praeter
1331 2931 1378 2969 me
1399 2914 1477 2987 ipsun

436 3019 540 3077 intueri
561 3019 658 3092 decet-3
680 3036 774 3092 neque
795 3016 871 3074 enim
893 3016 1037 3073 dictatura
1058 3016 1127 3072 mihi
1144 3035 1272 3090 unquam
1288 3018 1402 3074 animos
1416 3015 1476 3078 fecit

407 3129 469 3184 dut
491 3146 527 3183 ne
550 3120 681 3183 exsilium
706 3124 820 3199 quidem
849 3121 964 3183 ademit.
1018 3121 1109 3178 Iidem
1137 3121 1225 3196 igitur
1253 3141 1354 3181 omnes
1386 3137 1475 3180 snmus.

436 3242 465 3291 et
486 3252 573 3308 quum
596 3230 696 3289 eadem
718 3230 816 3287 omnia
836 3228 866 3283 in
890 3227 1062 3284 hocbellum
1084 3226 1248 3297 afferemus,
1269 3246 1337 3302 quas
1350 3228 1380 3285 in
1394 3229 1476 3303 priora

436 3339 593 3408 attulimus,
615 3336 736 3395 eundem
758 3343 891 3390 eventum
913 3334 980 3391 belli
1001 3342 1208 3409 exspectemus.
1257 3333 1353 3392 Simul
1374 3350 1477 3391 concur
1512 3361 1513 3390 1

434 3444 538 3514 neritis,
560 3443 637 3518 quod
660 3441 781 3517 quisque
802 3439 902 3496 didicit
922 3459 957 3496 ac
979 3440 1136 3510 consuevit,
1159 3438 1265 3497 faciet:
1286 3457 1342 3496 vos
1362 3436 1477 3495 vincetis
1511 3485 1512 3510 ,

434 3551 475 3609 illi
489 3549 628 3624 fugient.“
672 3546 752 3603 Dato
774 3544 877 3601 deinde
898 3546 981 3621 signo
1003 3565 1039 3602 ex
1061 3564 1136 3619 equo
1158 3545 1252 3602 desilit
1273 3554 1303 3601 et
1326 3545 1475 3619 proximan
1511 3553 1513 3638 p

434 3653 600 3729 signiferum
629 3669 716 3708 manu
747 3660 893 3725 arreptum
922 3669 1020 3709 secum
1048 3652 1078 3708 in
1104 3652 1217 3707 hostem
1251 3649 1346 3724 rapit,
1383 3648 1475 3719 „Infsn
1510 3681 1511 3730 p

404 3756 534 3816 lmiles“
558 3758 718 3829 clamitans,
743 3758 905 3833 „signum.“
938 3756 1025 3829 Quod
1044 3755 1093 3814 ubi
1107 3756 1205 3813 videre
1218 3756 1314 3831 ipsum
1327 3754 1474 3814 Csmsslum
1510 3735 1512 3860 p

434 3865 492 3921 iam
514 3865 551 3921 ad
568 3883 687 3921 munera
707 3864 836 3939 corporis
851 3871 968 3921 senecta
981 3862 1149 3932 invalidum,
1170 3862 1324 3918 vadentem
1339 3862 1369 3918 in
1382 3862 1473 3921 hostes,
1509 3921 1510 3938 ,

434 3980 606 4045 procurrunt
629 3969 738 4045 pariter
760 3987 860 4026 omnes
886 3968 1013 4026 clamore
1034 3968 1165 4037 sublato,
1195 3966 1344 4041 „Sequere
1364 3966 1473 4041 imperu-
1509 3943 1511 4082 p

345 4098 348 4107 ⁴
405 4073 545 4134 3torem“
576 4095 630 4151 pro
658 4091 690 4131 se
719 4074 839 4149 quisque
868 4074 1035 4131 clamantes.
1084 4073 1229 4131 Emissum
1259 4072 1345 4129 etiam
1376 4072 1473 4147 signnm

435 4179 549 4239 Camilli
577 4181 656 4238 iussu
688 4180 718 4237 in
746 4180 872 4237 hostium
903 4180 995 4236 eciem
1021 4178 1133 4247 ferunt,
1165 4178 1253 4252 idque
1283 4188 1317 4235 ut
1346 4188 1471 4253 repetere

404 4286 495 4355 dtur,
524 4284 683 4341 concitatos
715 4285 934 4359 antesignanos3
971 4285 1011 4341 ibi
1037 4284 1160 4359 primum
1189 4283 1303 4359 pulsum
1329 4283 1470 4352 Antiatem,
1508 4255 1510 4304 Ι

1487 4554 1508 4789 l
