3392 5084
468 495 507 554 92
750 491 908 543 unsrun.
944 493 1149 556 (suune)

423 696 497 754 quos
506 677 630 748 cernitis,
644 677 746 753 petrice
758 688 863 736 vestm
874 695 945 748 esse,
959 678 984 736 si
999 679 1075 736 huno
1087 677 1244 736 exercitum
1257 675 1363 735 civium
1375 683 1483 732 vestro-

422 803 496 854 rum,
510 784 536 842 si
551 803 596 840 rne
610 783 755 842 consulem
770 794 909 855 vestrum,
922 784 1002 842 cuius
1017 785 1104 842 (luctu
1119 783 1309 860 auspicioque
1323 781 1423 857 priore
1437 799 1483 838 en·

395 901 462 954 7110
476 890 521 949 uu
535 889 663 965 renones
677 889 848 949 Samnitium
864 877 987 962 nutans,
1009 891 1054 948 uu
1074 900 1172 948 cason
1192 891 1223 947 vr
1244 889 1373 964 cepistis.
1423 887 1485 962 ugo

423 1014 488 1053 sum
501 996 544 1055 M.
560 995 696 1054 Vslerius
711 995 833 1066 Corvus,
855 997 967 1068 milites,
982 997 1062 1054 cuius
1075 1015 1130 1054 vos
1144 996 1327 1055 nobilitatem
1344 993 1485 1052 beneficiis

424 1120 495 1177 erge
515 1119 585 1173 vos,
612 1120 672 1159 non
698 1102 809 1164 iniuriis
829 1102 968 1173 sensistis,
989 1103 1095 1161 nullius
1118 1104 1251 1178 superbae
1272 1102 1302 1158 in
1324 1121 1383 1160 vos
1409 1101 1486 1176 legis,

424 1207 530 1264 nullius
544 1207 666 1266 erudelis
681 1209 935 1266 senatusconsulti
950 1209 1105 1279 suetonio
1120 1209 1255 1267 omnibus
1270 1208 1344 1266 meis
1360 1206 1485 1284 imperiis

395 1315 454 1379 8iu
475 1333 522 1372 me
542 1315 672 1372 severior
693 1332 780 1388 quern
809 1316 841 1372 in
867 1333 931 1373 vos.
977 1317 1025 1373 Ac
1046 1315 1072 1372 si
1098 1315 1145 1372 cni
1173 1333 1281 1390 genus,
1313 1315 1340 1372 si
1363 1314 1413 1370 cui
1439 1332 1487 1370 suu

425 1421 531 1492 virtus,
557 1420 582 1477 si
603 1421 649 1476 cui
670 1421 758 1478 etiem
786 1421 938 1490 maiestas,
959 1420 984 1478 si
1006 1421 1052 1478 eui
1074 1422 1199 1478 honores
1221 1421 1351 1479 subdere
1374 1420 1486 1495 spiritus

424 1534 588 1602 potuerunt,
611 1526 647 1584 iis
668 1545 748 1584 erem
763 1535 859 1596 natus,
880 1507 911 1584 id
931 1525 1077 1601 specimen
1095 1527 1152 1584 mei
1174 1511 1323 1596 dederam,
1349 1546 1388 1584 en
1409 1534 1488 1582 sctum

425 1632 605 1690 consulatum
627 1633 748 1708 adeptus
769 1652 866 1702 erem,
899 1641 932 1689 ut
962 1633 1105 1708 potuerim
1137 1643 1195 1690 tres
1217 1640 1247 1704 et
1268 1611 1380 1707 viginti
1402 1643 1494 1688 annos*

424 1748 509 1796 nutus
538 1738 637 1795 consul
667 1738 798 1812 patribus
828 1757 945 1815 quoque
971 1738 1056 1796 ferox
1084 1757 1162 1808 esse,
1189 1757 1249 1795 non
1277 1739 1378 1802 solum
1407 1736 1487 1814 plebi.

394 1844 511 1918 9Quod
534 1862 627 1900 meum
651 1842 759 1901 fectum
786 1844 931 1903 dictumve
953 1845 1084 1903 'consulis
1113 1843 1232 1920 gravius
1260 1863 1355 1919 qusrn
1387 1842 1488 1901 tribuni

424 1947 564 2008 audistis?
598 1949 711 2006 Eodem
751 1959 851 2006 tenore
883 1953 940 2008 duo
982 1949 1164 2025 insequentes
1197 1951 1373 2008 consulatus
1409 1949 1486 2026 gessi,

425 2056 526 2113 eodem
546 2057 608 2112 hec
628 2055 784 2130 imperiose
805 2056 949 2114 dictatore
963 2068 1092 2132 gerstun
1113 2056 1259 2131 usquein
1280 2057 1336 2114 hos
1360 2076 1444 2115 meos
1464 2064 1487 2112 et
1523 2129 1524 2134 η

424 2162 526 2237 petrice
562 2181 635 2220 men
672 2161 777 2219 milites
815 2162 912 2220 mitior
951 2181 1038 2237 quem
1073 2162 1104 2218 in
1135 2179 1189 2218 vos
1225 2162 1348 2236 (horreo
1384 2161 1485 2234 dicere)

377 2269 522 2332 ltlhostes
545 2287 604 2326 ero.
648 2269 712 2326 Vos
733 2269 813 2343 prius
834 2270 864 2325 in
886 2287 932 2326 me
952 2268 1123 2326 strinxeritis
1137 2267 1247 2326 ferrum
1271 2287 1365 2342 quem
1389 2268 1419 2325 in
1440 2286 1487 2323 vos

424 2392 495 2449 ego;
521 2374 605 2431 istinc
636 2373 721 2448 signe
749 2383 867 2445 cenent,
896 2374 980 2432 istinc
1009 2374 1119 2432 clamor
1142 2374 1224 2450 prius
1253 2375 1378 2450 incipiet
1406 2385 1486 2448 atque

378 2480 564 2556 llimpetus‚
591 2481 616 2538 si
637 2480 832 2538 dimicandum
854 2489 906 2538 est.
952 2479 1083 2540 Inducite
1110 2480 1140 2538 in
1167 2481 1307 2551 animum,
1330 2482 1415 2557 quod
1436 2499 1486 2538 nou
1521 2529 1523 2570 t

381 2599 388 2612 ·
426 2586 601 2644 induxerunt
620 2595 718 2663 potres
740 2587 846 2662 avique
870 2587 968 2657 vestri,
989 2605 1047 2644 non
1068 2587 1118 2658 illi,
1141 2587 1240 2660 quirin
1256 2586 1386 2646 Sacrum
1410 2606 1486 2644 mon·
1521 2571 1523 2592 ⁴

426 2700 484 2748 tem
514 2702 706 2763 secesserunt,
737 2713 796 2750 non
821 2694 862 2762 hi,
892 2693 940 2766 qui
973 2703 1075 2768 postea
1105 2693 1285 2751 Aventinum
1314 2693 1484 2750 insederunt

378 2804 414 2861 12
428 2799 618 2872 Exspectate,
650 2800 717 2856 duur
745 2799 830 2857 vobis
857 2798 991 2874 singulis,
1016 2806 1048 2855 ut
1075 2799 1143 2856 olim
1173 2797 1352 2869 Coriolano,
1384 2809 1484 2857 matres

427 2903 621 2978 coniugesque
650 2906 775 2964 crinibus
806 2905 900 2981 possis
934 2905 1027 2964 obvies
1059 2906 1097 2962 eb
1129 2906 1200 2962 urbe
1233 2905 1364 2962 veniant.
1415 2906 1483 2962 Turu

428 3009 601 3067 Volscorum
629 3010 773 3085 legiones,
802 3011 871 3086 quis
892 3013 1056 3070 Romanum
1085 3012 1234 3069 hebebant
1255 3010 1377 3082 ducem,
1412 3009 1483 3084 quie·
1519 3029 1522 3080 ᾗ

427 3126 543 3186 verunt3
569 3135 638 3187 vos,
662 3118 813 3174 Romanus
842 3118 995 3188 exercitus,
1023 3137 1060 3175 ne
1088 3116 1253 3174 destiteritis
1281 3115 1375 3190 impio
1404 3115 1481 3173 bello.
1521 3163 1522 3170 ,

379 3229 414 3284 13
428 3224 463 3284 Τ.
485 3223 617 3298 Quincti,
644 3241 816 3298 quocunque
841 3223 906 3280 istic
932 3223 998 3280 loco
1019 3241 1070 3280 seu
1091 3223 1192 3281 voleus
1215 3240 1266 3280 seu
1288 3222 1400 3280 invitus
1422 3240 1481 3278 con·
1521 3245 1522 3286 t

427 3329 538 3398 stitisti,
559 3329 583 3385 si
610 3328 804 3386 dimicandum
828 3330 896 3400 erit,
917 3339 977 3388 turn
1000 3331 1083 3387 tuin
1104 3329 1279 3386 novissimos
1300 3336 1331 3384 te
1351 3326 1479 3401 recipit03
1521 3349 1522 3386 t

426 3431 537 3509 tegeris
559 3434 645 3491 etiem
666 3434 814 3491 honestius
835 3444 1006 3510 tergumque
1028 3435 1084 3492 civi
1105 3434 1234 3505 dederis,
1264 3453 1361 3524 quarn
1376 3450 1480 3510 pugne·
1520 3485 1521 3488 ,

379 3539 514 3596 liveris·
539 3549 641 3598 contra
674 3540 808 3615 patmum.
866 3539 953 3596 Nunc
986 3540 1024 3596 sd
1045 3540 1256 3615 pacificandum
1290 3541 1363 3598 bene
1401 3549 1478 3612 etque
1520 3575 1521 3596 1

427 3646 547 3702 honeste
567 3647 642 3702 inter
662 3647 771 3722 primos
793 3644 884 3703 stabis
912 3653 940 3702 et
972 3645 1108 3720 colloquii
1133 3646 1219 3703 huius
1241 3645 1377 3703 soluturis
1399 3645 1477 3702 iuter·
1520 3665 1521 3700 t

427 3769 494 3826 pres
521 3750 620 3808 fueris.
666 3753 818 3811 Postulote
839 3771 923 3826 aeque
947 3759 975 3810 st
996 3751 1082 3822 ierte;
1119 3769 1287 3826 quenquam
1309 3752 1356 3809 vel
1381 3749 1476 3823 iniquis
1520 3773 1521 3810 t

427 3858 562 3916 standum
577 3868 620 3915 est
634 3858 739 3934 potins,
755 3877 842 3933 quom
863 3858 968 3934 impius
983 3858 1057 3916 inter
1078 3877 1130 3916 nos
1152 3876 1338 3916 censeremus
1353 3855 1474 3914 menus‘*
1520 3843 1521 3864 ¹

379 3964 416 4020 15
428 3967 466 4026 Τ.
487 3965 638 4039 Quinctius
659 3964 761 4039 plenus
780 3964 965 4020 lecrimerum
986 3963 1025 4020 ed
1045 3983 1114 4022 suos
1135 3983 1237 4022 versus
1260 3965 1329 4034 „Me
1349 3963 1472 4038 quoque“
1518 4005 1520 4048 l

427 4071 529 4146 inquit,
553 4071 690 4142 „milites‚
721 4071 746 4127 si
774 4071 931 4146 quisausus
953 4069 1010 4126 mei
1031 4077 1088 4138 est,
1112 4069 1260 4126 meliorem
1289 4067 1368 4144 pacis
1395 4081 1472 4140 quern
1519 4095 1520 4098 ¹

382 4177 495 4234 lbbelli
517 4176 629 4234 hebetis
650 4177 762 4234 ducem.
798 4177 868 4234 Non
883 4175 958 4232 eninr
980 4175 1032 4232 ills
1053 4175 1141 4232 modo
1153 4165 1280 4232 ¹Volscus
1295 4184 1344 4232 eut
1357 4171 1471 4233 Sournis,
1519 4193 1520 4246 q

428 4283 479 4340 sed
501 4265 650 4340 Romanus
677 4282 767 4338 verbe
797 4280 881 4351 feeit,
910 4289 1007 4338 vester
1038 4280 1154 4357 consul,
1191 4289 1289 4386 vestes
1317 4281 1469 4355 imperator.
1519 4305 1520 4336 ;
