3392 5084
497 507 624 566 utteris
659 513 769 578 (nco.
783 515 955 580 straus.)
1149 518 1210 580 Μ’

214 698 302 773 inopia
327 699 410 769 abiit,
439 717 490 769 eo,
519 699 599 774 qood
625 699 755 758 abditum
776 699 886 770 iuerat.
915 701 1040 778 prolsto.
1087 703 1136 762 Ex
1166 706 1281 782 eopia2

214 805 300 862 deiude
316 805 432 881 otioque
452 804 587 862 lascivire
614 821 714 863 rursus
737 806 826 863 animi
854 815 883 862 et
911 805 1034 882 pristine
1062 809 1150 879 mels.
1170 819 1251 886 poet·

214 929 284 984 quam
303 909 374 968 ioris
402 911 536 981 deerant,
565 910 644 968 domi
666 926 803 986 quaerere.
852 912 974 970 Tribuni
1003 914 1118 990 plebem
1139 916 1252 992 agitare

212 1035 386 1086 moverem,
407 1015 526 1092 agraria
545 1016 623 1092 iege;
642 1017 674 1074 in
694 1017 858 1076 resistentes
878 1018 998 1078 incitare
1018 1027 1125 1094 patros,
1146 1039 1200 1080 neo
1220 1023 1251 1080 iu

211 1124 340 1180 unirerms
355 1124 453 1193 modo,
474 1123 526 1181 sod
539 1123 570 1181 in
590 1123 728 1199 singulos.
769 1123 806 1197 Q.
829 1122 984 1183 Considius
999 1135 1028 1183 et
1041 1125 1078 1183 T.
1093 1125 1280 1200 Genusium

211 1238 324 1287 ouemres
338 1229 462 1305 agrariae
482 1229 564 1305 logis,
585 1228 623 1287 T.
640 1230 775 1286 Menenio
794 1229 870 1288 diem
892 1230 999 1288 dieunt.
1044 1231 1166 1290 Invidiae
1188 1245 1250 1292 erat

210 1335 327 1392 ambrum
349 1333 495 1394 Cremerae
515 1334 695 1411 presidium,
716 1353 805 1410 quum
826 1337 905 1394 baud
933 1337 1034 1413 procui
1054 1337 1121 1394 inde
1142 1339 1249 1398 stativa

209 1439 292 1496 consul
310 1440 473 1511 babuisset3
502 1461 538 1499 aa
560 1424 717 1516 oppressit,
746 1460 834 1517 quum
864 1452 892 1500 et
923 1449 1022 1518 patres
1053 1445 1133 1502 haud
1154 1443 1279 1504 minuat

208 1563 279 1619 qnam
299 1564 353 1620 pro
375 1544 534 1605 Coriolano
562 1547 657 1604 annui
685 1561 781 1606 essent
816 1557 845 1606 et
872 1549 963 1625 petris
992 1549 1133 1626 Agrippa
1162 1549 1248 1610 furor

208 1652 336 1708 hauddum
357 1652 542 1710 exolevisset.
594 1654 631 1712 In
662 1655 754 1712 multa
774 1666 971 1730 temperarunt
1001 1655 1123 1726 tribuui3
1158 1665 1278 1732 quum5

208 1755 291 1832 eapitis
311 1758 521 1833 anquisissent,
542 1759 601 1816 duo
616 1759 705 1817 millia
723 1760 788 1818 saris
808 1760 947 1818 damnato
969 1759 1088 1820 multam
1104 1763 1247 1820 dixerunt.

207 1862 242 1918 ua
258 1864 285 1919 in
298 1874 389 1940 eaput
409 1865 509 1934 vertit3
530 1874 638 1940 negant
651 1865 750 1923 tulisse
769 1866 957 1942 ignominium
979 1866 1247 1945 oegnitudmemqne3

205 1967 257 2024 inde
275 1971 377 2028 morbo
401 1973 584 2046 absumptum
609 1987 682 2031 esse.

272 2075 354 2133 Alius
394 2075 497 2134 deinde
530 2095 606 2148 rens,
643 2077 694 2154 Sp.
726 2076 880 2146 servilius,
915 2087 947 2134 ut
984 2081 1133 2138 consulatu
1166 2082 1276 2152 obiiti

206 2178 230 2235 C.
250 2182 355 2240 Nautio
389 2192 418 2240 et
446 2183 483 2240 Ρ.
511 2183 631 2241 Valerio
663 2183 842 2251 consulibus,
875 2183 956 2240 initio
985 2183 1083 2242 statim
1112 2186 1180 2243 anui
1208 2163 1419 2288 abffifflg·

206 2285 231 2340 L.
248 2285 368 2346 Cedioio
393 2297 422 2346 et
443 2289 479 2346 T.
501 2289 596 2347 Statio
617 2289 739 2347 tribunis
760 2288 806 2346 die
827 2289 920 2361 diota,
941 2307 1008 2360 non,
1032 2299 1065 2348 ut
1084 2291 1245 2361 Menenius,

206 2393 318 2464 precibus
342 2394 406 2452 suis
428 2405 479 2451 aut
499 2404 630 2470 patrum,
662 2395 714 2452 sed
742 2412 808 2452 oum
836 2394 928 2452 multe
950 2394 1056 2452 fiducie
1075 2395 1246 2454 innocentiae

205 2499 342 2576 grateque
368 2499 543 2557 -tmbunieios
574 2499 699 2577 impetus
726 2500 800 2562 tulit.
855 2499 895 2558 Et
922 2501 989 2558 huio
1009 2501 1151 2577 proelium
1180 2507 1274 2562 ou1n7

206 2604 290 2662 Tuscis
311 2608 350 2664 ad
370 2606 533 2664 Ianioulum
552 2613 615 2662 erat
636 2605 756 2676 crimini.
806 2606 865 2665 Sed
885 2607 991 2666 fervidi
1012 2608 1101 2665 enimi
1122 2609 1182 2678 vir,
1213 2617 1245 2666 ut

206 2709 227 2765 in
245 2713 352 2787 publico
376 2711 506 2789 periculo
528 2719 604 2782 ante,
626 2711 749 2770 sistam
776 2713 808 2769 in
828 2730 892 2783 suo,
915 2731 972 2772 non
995 2714 1125 2773 tribunos
1147 2716 1244 2786 modo,

209 2817 245 2872 sed
276 2819 394 2895 piebem
429 2817 560 2876 oratione
594 2816 686 2876 feroci
722 2817 877 2876 refutando
913 2821 1174 2898 exprobrandoque
1207 2823 1243 2879 T.

209 2921 310 2983 serenti
330 2923 550 2983 damnationem
570 2932 767 2998 mortemque,
798 2924 879 2982 auius
904 2925 996 3000 patris
1020 2945 1137 2984 munere
1159 2928 1243 2985 resti·

207 3036 252 3085 uta
270 3032 417 3105 quondam
429 3031 512 3106 plebe
526 3047 576 3088 eos
591 3031 681 3106 ipsos,
702 3029 807 3104 quibos
827 3039 889 3107 tum
903 3030 1027 3100 saeviret,
1047 3032 1243 3107 magistratus,

205 3151 243 3190 eas
258 3137 334 3213 leges
348 3138 481 3211 haberet,
504 3136 663 3213 perieulum
685 3135 809 3193 audacia
823 3136 967 3194 ffisoussit
1016 3137 1095 3194 Iuvit
1117 3147 1146 3195 et
1157 3135 1241 3196 Ver·
1255 3141 1273 3200 8

205 3238 280 3310 gimm
310 3242 435 3318 collega,
462 3243 544 3300 testis
571 3242 741 3317 productus,
768 3241 970 3318 participando
998 3242 1117 3312 laudes3
1148 3244 1242 3319 magis
1302 3271 1307 3280 =

203 3354 281 3404 tamen
294 3348 500 3414 Menenianum
516 3347 602 3424 (adeo
616 3355 800 3405 mutaverant
814 3347 955 3421 animum)
973 3346 1082 3423 profuit
1095 3347 1240 3408 iudioium.

269 3451 436 3512 Certamina
462 3455 541 3512 domi
568 3455 662 3523 finits3
690 3453 799 3511 Veiens
827 3451 933 3510 bellum
958 3460 1105 3524 exortum,
1136 3455 1240 3531 quibus
1260 3462 1267 3484 ⁸
1291 3452 1336 3523 58

206 3553 289 3616 Sebini
309 3579 394 3618 arma
414 3561 632 3619 coniunxerant.
673 3561 711 3617 P.
734 3558 870 3616 Valesius
899 3537 1012 3629 consul,
1038 3561 1137 3619 eooitis
1159 3563 1239 3620 Lat-i·

204 3677 287 3722 norum
313 3667 567 3740 Hernicorumque
600 3664 732 3734 auxiliis,
761 3682 825 3721 oum
860 3663 985 3722 exercitu
1015 3665 1106 3724 Veios
1137 3668 1240 3726 missus

204 3778 283 3827 carba
302 3772 423 3841 Sabina,
445 3787 509 3844 quae
528 3788 583 3845 pro
605 3770 754 3827 moenibus
775 3770 920 3826 sociorum
941 3770 1039 3828 locata
1059 3782 1150 3843 erant,
1172 3792 1240 3833 oon-

205 3868 281 3932 ierim
307 3875 489 3954 aggreditur;
521 3883 689 3950 tantamque
716 3874 936 3950 trepidationem
964 3877 1069 3948 inierit,
1098 3886 1143 3946 ut,
1172 3880 1239 3937 dum

204 3975 308 4053 dunensi
334 3983 384 4040 alii
405 3982 465 4040 alia
485 3979 685 4056 manipulatim
708 3989 863 4038 excurrunt
885 3981 923 4036 ad
937 3982 1091 4041 arcendam
1113 3985 1237 4042 hostium

205 4081 260 4155 vim,
277 4106 312 4144 ea
330 4097 432 4165 porta,
460 4087 507 4145 eui
526 4087 611 4163 signa
631 4086 755 4163 primum
778 4085 930 4156 intulerat,
951 4097 1111 4163 caperetur.
1157 4092 1268 4150 Intre2

204 4189 294 4248 vebum
315 4194 416 4252 deinde
438 4195 530 4252 ooedea
551 4193 645 4268 magis
667 4211 754 4267 quam
767 4191 909 4266 proelium
932 4209 1005 4254 esse.
1047 4195 1201 4252 Tumultus
1221 4215 1239 4252 e

206 4298 290 4354 cauis
309 4313 337 4356 et
349 4301 379 4358 in
393 4278 495 4356 urbem
516 4308 663 4374 penetrem
690 4309 829 4373 tanquam
851 4295 932 4356 Veii·
954 4299 1056 4373 captis,
1077 4299 1119 4358 ita
1140 4300 1238 4376 pavidi

227 4399 280 4442 bein
293 4418 315 4444 u
326 4418 362 4446 ree.
379 4407 481 4454 {navigit
977 4407 992 4452 8
