3392 5084
481 519 541 576 tls
728 506 878 568 'liberm
914 516 959 582 (a
973 532 1032 570 as.
1045 518 1204 584 sacam.)

437 711 518 760 retur
537 702 616 760 omui
636 701 763 760 Etruria
783 701 952 771 concilium,
981 701 1063 760 velut
1087 721 1197 777 magno
1215 703 1286 762 inde
1306 705 1436 763 tumultu
1453 706 1496 762 im·
1524 710 1525 713 ’

438 807 573 877 minente,
594 814 713 864 senatus
734 806 991 866 Mam.AEmilium
1012 806 1185 866 dictatorem
1206 806 1315 868 iterum
1333 810 1396 868 diei
1415 811 1495 868 iussit
1524 860 1525 869 ,

408 912 489 970 6Ab
512 929 547 969 eo
569 913 610 974 Δ.
632 911 801 970 Postumius
822 913 971 972 Tubertus
999 912 1140 988 magister
1168 912 1298 988 equitum
1324 923 1372 972 est
1398 915 1496 986 dictum

438 1016 604 1092 bellumque
621 1026 703 1076 tanto
724 1018 836 1076 maiore
859 1035 947 1091 quam
968 1017 1104 1091 proximo
1125 1026 1233 1078 conatu
1253 1028 1436 1094 apparatum
1454 1029 1495 1086 est,

439 1129 547 1197 quanto
568 1123 634 1199 plus
662 1130 727 1182 erat
747 1123 785 1180 ab
809 1122 889 1180 omni
909 1122 1031 1180 Etruria
1051 1123 1189 1197 periculi,
1217 1141 1307 1198 quam
1329 1126 1370 1184 ab
1392 1125 1495 1183 duobus

436 1228 551 1304 populis
572 1228 679 1288 iuerat.
859 1275 863 1282 .
1044 1261 1048 1279 ι

340 1324 386 1395 24
519 1335 633 1392 Euros
659 1331 809 1407 aliquantu
833 1332 1053 1407 exspectatione
1073 1333 1203 1391 omnium
1224 1335 1416 1409 tranquillior
1442 1335 1494 1395 fuit

404 1440 540 1514 altaque
562 1457 651 1514 quum
672 1438 868 1496 renuntiatum
882 1435 910 1496 'a
928 1438 1138 1496 mercatoribus
1158 1447 1246 1510 esset,
1265 1447 1378 1515 negata
1398 1441 1494 1498 Veien-
1525 1432 1526 1491 ἶ

434 1546 511 1603 tibus
533 1543 653 1614 auxilia,
673 1542 827 1617 iussosque
847 1559 903 1603 suo
924 1543 1046 1602 consilio
1063 1543 1172 1602 bellum
1192 1543 1295 1602 initum
1316 1545 1381 1602 suis
1395 1547 1494 1603 viribus

434 1650 556 1725 exsequi
583 1667 638 1706 neo
661 1648 851 1706 adversarum
879 1669 977 1708 rerum
1005 1667 1134 1724 querere
1161 1649 1274 1719 socios,
1302 1627 1371 1708 cum
1400 1653 1493 1726 quibus

404 1761 516 1831 3spem
538 1756 681 1829 integram
703 1754 908 1812 communicati
928 1771 987 1813 nou
1008 1753 1074 1826 sint,
1094 1764 1155 1812 tum
1170 1755 1306 1823 dictator,
1326 1775 1366 1813 ue
1387 1758 1493 1832 uequie

435 1879 524 1935 quam
546 1869 660 1917 creatus
682 1869 772 1929 esset,
796 1860 922 1918 materia
949 1861 1112 1934 quaerenda
1132 1860 1209 1944 bello
1230 1860 1333 1936 gloria
1354 1862 1492 1938 dempta

433 1965 463 2022 in
484 1981 558 2040 paca
582 1964 691 2039 aliquid
716 1965 813 2040 operis
834 1965 935 2035 edem
964 1967 1045 2040 quod
1073 1974 1291 2024 monumentum
1313 1974 1394 2024 esset
1411 1967 1493 2023 ‹licta-

433 2080 515 2141 tura,
537 2070 665 2145 cupiens,
686 2087 838 2126 censuram
854 2069 983 2128 minuere
1000 2080 1096 2146 parat,
1116 2089 1168 2130 seu
1189 2071 1309 2128 nimiam
1324 2079 1492 2146 potestatem

433 2185 514 2234 ratus
545 2177 599 2232 teu
632 2192 691 2231 uon
722 2183 783 2232 tam
811 2176 1012 2251 magnitudine
1040 2174 1162 2234 honoris
1189 2193 1280 2250 quam
1312 2174 1493 2232 diuturnitate

401 2279 572 2342 loffensus.
635 2277 778 2340 Contione
813 2280 915 2356 itaque
952 2283 1113 2352 advocata,
1149 2299 1211 2339 rem
1246 2279 1399 2356 publimm
1429 2281 1491 2338 foris

432 2387 591 2462 gerendam
613 2385 655 2442 ait
679 2393 801 2460 tutaque
830 2388 930 2445 omnia
949 2387 1116 2462 prestanda
1141 2387 1213 2444 deos
1232 2386 1417 2444 immortales
1437 2403 1490 2443 sus

432 2491 558 2567 cepisse;
580 2508 621 2560 se,
643 2491 722 2564 quod
742 2491 820 2550 intra
841 2507 941 2548 muros
963 2491 1108 2566 agendum
1130 2500 1222 2562 esset,
1248 2491 1379 2550 libertati
1399 2469 1489 2568 poiuli

283 2665 291 2684 ἱ
365 2657 369 2669 f
431 2596 558 2654 Romani
579 2595 786 2654 consulturum.
833 2596 997 2655 Maximam
1023 2606 1121 2655 autem
1150 2596 1212 2654 eius
1234 2598 1402 2655 custodiam
1426 2615 1488 2664 esse,

432 2699 457 2755 si
488 2717 596 2775 magna
627 2695 751 2776 imperia
782 2701 919 2760 diuturna
941 2719 1002 2758 non
1033 2711 1130 2760 esseut
1162 2710 1191 2760 et
1221 2703 1364 2778 temporis
1396 2703 1488 2760 modus

401 2804 642 2879 5imponeretur,
671 2807 776 2880 quibus
802 2807 875 2865 iuris
903 2806 1015 2882 imponi
1042 2825 1102 2864 non
1123 2816 1233 2883 posset.
1290 2807 1379 2865 Alios
1405 2807 1488 2881 magi·

431 2917 540 2968 stratus
561 2929 674 2970 annuos
696 2929 769 2982 esse,
791 2911 1036 2987 quinquennalem
1057 2931 1224 2983 censuram
1249 2929 1344 2992 greve
1364 2929 1428 2970 esse
1445 2911 1487 2966 iis

430 3015 573 3092 damper
598 3025 643 3076 tot
668 3035 775 3088 anuos,
804 3037 943 3094 magnam
975 3026 1092 3094 partem
1114 3018 1192 3090 vitae,
1213 3017 1361 3076 obnoxios
1390 3018 1487 3075 visne

431 3120 470 3179 Se
491 3122 586 3198 legem
609 3123 752 3193 laturum,
773 3141 810 3180 ne
830 3125 897 3200 plus
918 3141 1018 3199 quam·
1030 3141 1128 3182 annua
1148 3141 1185 3180 ac
1204 3123 1355 3180 semestris
1376 3139 1487 3180 censura

399 3218 515 3287 Gessst.
564 3226 715 3286 Consensu
737 3229 847 3304 ingenti
868 3229 971 3306 populi
991 3229 1226 3305 legem‘postero
1247 3227 1297 3284 dic
1320 3227 1444 3302 pertulit,
1462 3233 1487 3281 ct

431 3332 493 3402 „Ut
519 3351 553 3410 qs
581 3333 665 3408 ipsa“
693 3334 787 3409 inquit
817 3335 948 3407 „suatim
976 3334 1119 3407 Quirites,
1147 3351 1238 3408 quam
1263 3332 1339 3390 mihi
1363 3334 1487 3391 diuturna

400 3443 488 3495 7non
515 3437 652 3512 placeant
679 3439 816 3515 imperia,
845 3439 992 3497 dictatura
1019 3457 1068 3496 me
1096 3438 1229 3496 abdico·“
1274 3439 1420 3514 Deposito
1438 3453 1484 3493 suo

430 3541 620 3618 magistratu,
650 3544 738 3602 modo
766 3543 891 3602 aliorum
918 3543 1103 3618 magistratui
1129 3542 1268 3619 imposito
1298 3538 1371 3622 [line
1391 3535 1483 3618 alteril,

429 3661 493 3702 cum
516 3647 711 3720 gratulatione
732 3667 767 3706 uc
788 3649 892 3707 favore
918 3649 1028 3722 ingenti
1055 3649 1158 3724 populi
1185 3649 1304 3707 domum
1327 3658 1376 3708 est
1392 3648 1483 3708 reduc·

429 3757 485 3806 tus.
546 3749 691 3810 Censores
723 3772 800 3830 oegre
831 3753 914 3830 passi
942 3755 1139 3825 Mamercum,
1176 3754 1255 3828 quod
1291 3757 1481 3832 magistratum

430 3854 531 3930 populi
571 3857 699 3916 Romani
740 3858 907 3930 minuisset,
942 3857 1029 3918 tribu
1062 3870 1218 3918 moverunt
1259 3863 1482 3937 octuplicatoqus

397 3959 515 4018 Sceneu
547 3963 682 4021 serarium
713 3962 854 4024 feceruut.
907 3964 1006 4036 Quam
1041 3983 1103 4023 rem
1134 3965 1231 4042 ipsum
1262 3966 1376 4041 ingenti
1395 3965 1481 4024 anino

428 4064 529 4124 tulisse
562 4069 676 4138 ferunt,
717 4086 838 4126 causam
878 4068 976 4145 potius
1013 4069 1180 4146 ignominias
1210 4073 1373 4147 intuentem
1405 4087 1480 4148 quau

428 4169 632 4244 ignominiam
651 4173 793 4247 primores
816 4183 949 4250 patrum,
970 4194 1140 4250 quanquam
1163 4177 1344 4236 deminutum
1366 4191 1480 4236 emaum

426 4273 472 4332 ius
493 4276 667 4347 noluissent,
694 4279 829 4354 exemplo
858 4280 1026 4339 acerbitatis
1052 4283 1193 4359 censorias
1213 4281 1359 4356 offensos,
1387 4282 1480 4359 quippo
