3392 5084
501 501 577 550 urea
595 467 644 553 ur.
681 502 727 563 (A.
741 497 789 548 ce.
804 478 964 563 sar-im.)
1166 506 1220 560 155

223 692 286 746 Tum
307 687 416 744 abiecta
437 687 512 760 lege,
534 704 598 760 quse
619 685 805 761 promulgata
826 695 1026 758 consenuerat,
1048 685 1153 742 tribuni
1175 685 1265 743 lenius
1280 691 1305 742 7.
1391 668 1394 674 ,

223 814 297 869 agere
314 793 544 868 compatribus:
572 791 674 848 Finem
697 791 812 848 tandem
839 792 1028 852 certaminum
1052 791 1191 853 iacerent.
1234 791 1266 849 Si

223 900 326 976 plebeia
344 900 424 974 leges
445 898 643 974 displicerent,
668 897 760 954 atilli
782 897 971 954 communiter
992 897 1089 972 legum
1110 897 1218 955 latores
1239 905 1267 954 et
1335 949 1348 954 -

223 1006 347 1080 explebe
368 1013 397 1061 et
426 1024 464 1062 ex
491 1003 639 1080 patribus,
672 1003 878 1078 quintusque
904 1002 986 1060 utilia
1007 1001 1115 1060 ferrent
1146 1021 1267 1078 quoeque

224 1111 355 1185 aquandoe
375 1109 518 1168 libertatis
540 1120 649 1179 essent,
676 1109 801 1166 sinerent
827 1107 929 1165 creari.
979 1110 1053 1166 Rem
1081 1126 1141 1164 non
1167 1111 1297 1183 asper-8

222 1217 347 1273 rebantur
382 1225 498 1290 patres3
534 1216 659 1274 latorum
695 1215 773 1291 leges
805 1215 948 1272 nerninem
979 1203 1033 1272 nisi
1069 1233 1107 1271 ex
1135 1213 1265 1289 patribus

222 1322 331 1380 aiebant
379 1321 477 1394 Quum
506 1323 543 1377 de
570 1320 683 1396 legibus
705 1321 879 1390 conveniret,
902 1321 938 1378 de
959 1321 1052 1378 latore
1074 1327 1184 1377 tantum
1208 1319 1265 1376 dis·

222 1436 344 1502 creparet,
365 1426 446 1484 missi
470 1427 555 1502 legati
579 1428 711 1485 Athenas
733 1428 783 1502 Sp.
807 1426 975 1484 Postumius
998 1426 1103 1496 Albus,
1125 1427 1165 1486 A.
1181 1426 1265 1484 blan·

220 1533 272 1603 lius,
290 1535 323 1592 P.
340 1532 486 1608 Sulpicius
500 1531 681 1605 Camerinus,
701 1533 829 1607 iussique
850 1533 963 1590 inclitas
985 1533 1063 1608 leges
1079 1531 1194 1592 Solonis
1216 1532 1265 1588 da·

222 1641 330 1697 seribere
352 1647 382 1696 et
402 1638 525 1696 aliarum
549 1639 672 1698 Gracia
692 1638 852 1696 civitatium
875 1637 1013 1709 instituto,
1037 1657 1131 1696 mores
1146 1638 1266 1712 iuraque

221 1764 332 1802 noscere.
418 1758 436 1774 ²

288 1853 337 1910 Ab
360 1850 488 1908 externis
509 1849 592 1906 bellis
613 1851 727 1924 quietus
753 1867 845 1906 annus
867 1849 930 1918 fuit,
952 1843 1076 1924 quietior
1103 1848 1267 1924 insequens,
1317 1829 1359 1898 32

223 1960 248 2013 P.
275 1956 404 2014 Curiatio
437 1965 466 2013 et
494 1955 566 2015 Sex,
591 1956 747 2028 Quinctilio
777 1957 953 2026 consulibus,
985 1961 1125 2032 perpetuo
1155 1919 1445 2036 silentio}&235031’¹

223 2065 395 2133 tribunorum,
419 2062 496 2136 quod
511 2061 610 2136 primo'
626 2061 799 2136 legatorum,
823 2061 872 2135 qui
888 2063 1020 2118 Athenas
1035 2059 1136 2132 ierant,
1157 2061 1267 2137 legum·

223 2189 267 2243 que
286 2169 502 2246 peregrinarum
527 2168 705 2242 exspectatio
727 2168 864 2242 praebuit,
897 2166 963 2224 dein
992 2165 1049 2223 duo
1076 2167 1161 2224 simul
1190 2167 1298 2225 malai

223 2275 332 2350 ingentia
365 2285 483 2345 exorta,
520 2272 880 2348 fames¹pestilentiaque,
916 2272 995 2330 foeda
1028 2273 1153 2342 homini,
1189 2273 1269 2332 ioeda

225 2382 312 2454 pecori.
354 2381 472 2438 Vastati
494 2380 558 2455 agri
580 2389 655 2449 sunt,
687 2379 756 2436 urbs
786 2379 909 2437 assiduis
934 2381 1076 2437 exhausta
1103 2377 1268 2455 funeribus3

225 2487 303 2544 multa
322 2496 350 2544 et
371 2486 458 2545 clarae
478 2488 615 2562 lugubres
637 2486 751 2546 domus.
794 2485 916 2543 Flamen
937 2484 1093 2558 Quirinalis
1117 2485 1179 2544 Ser.
1197 2483 1298 2544 Cor-3

224 2594 297 2650 nebus
317 2602 459 2663 mannus,
481 2611 574 2667 augur
602 2591 636 2651 O.
661 2592 802 2649 Horatius
824 2590 982 2659 Pulvillus,
1013 2590 1042 2646 in
1073 2592 1152 2648 euius
1173 2590 1269 2648 locum

226 2695 251 2756 C.
266 2699 409 2756 Veturium
432 2719 468 2756 eo
489 2698 630 2772 cupidius,
642 2697 721 2772 'quia
743 2697 897 2754 damnatus
912 2715 931 2753 a
945 2697 1029 2771 plebe
1050 2705 1123 2768 erat,
1145 2714 1269 2772 augures
1365 2682 1367 2686 ’

226 2803 313 2878 legere.
360 2805 497 2862 Mortuus
528 2802 629 2860 consul
658 2779 845 2875 Quinctilius,
879 2809 1016 2875 quattuor
1044 2801 1151 2860 tribuni
1183 2802 1299 2877 plante

228 2909 361 2985 Multiplici
383 2909 468 2967 clade
495 2909 620 2968 foedatus
645 2926 755 2977 annus;
785 2908 823 2963 ab
852 2907 935 2964 hoste
964 2907 1053 2964 otium
1082 2908 1145 2968 fuit.
1199 2908 1271 2966 Inde
1286 2938 1451 2987 mmo,

226 3016 338 3074 mneules
360 3014 394 3073 C.
410 3013 572 3082 Menenius,
593 3014 628 3071 P.
652 3012 763 3071 Sestius
778 3011 969 3087 Capitolinus.
1012 3013 1116 3088 Neque
1138 3033 1172 3070 eo
1196 3031 1270 3070 anno
1283 3004 1445 3059 A.Ch.452,

228 3121 363 3197 qnieqnam
385 3120 456 3178 belli
476 3119 587 3193 externi
608 3117 678 3191 fuit;
700 3118 779 3176 domi
801 3125 897 3176 motus
925 3121 989 3180 orti.
1040 3120 1104 3177 Iam
1127 3119 1301 3180 redierantb

228 3226 299 3303 legati
318 3245 380 3286 eam
403 3225 511 3284 Atticis
531 3215 652 3299 legibus.
701 3226 746 3282 Eo
768 3225 904 3283 intentius
928 3225 1076 3284 instabant
1097 3223 1218 3292 tribuni,
1240 3232 1272 3280 nt

230 3336 328 3391 tandem
362 3331 581 3389 scribendarum
614 3331 710 3406 legum
740 3330 850 3388 initium
883 3333 974 3389 fieret.
1031 3331 1147 3400 Placet,
1180 3329 1272 3386 creari

231 3439 393 3496 decemviros
416 3439 479 3496 sine
500 3437 717 3512 provocatione,
739 3447 767 3493 et
785 3455 821 3494 ne
843 3435 907 3510 quis
929 3453 963 3492 eo
984 3454 1059 3492 anno
1082 3435 1155 3492 alius
1179 3434 1272 3510 magi-
1305 3469 1309 3475 -

230 3554 317 3603 suetus
331 3552 416 3603 esset.
457 3519 730 3598 Admiseerentume
745 3542 859 3617 plebeii,
882 3540 1081 3598 controversia
1096 3540 1272 3616 aliquamdiu
1287 3547 1301 3598 7

230 3649 283 3724 faia
312 3660 459 3726 postremo
480 3663 648 3702 concessum
678 3623 819 3722 patribus,
855 3647 942 3704 modo
975 3666 1012 3704 ne
1042 3645 1090 3702 lex
1123 3645 1205 3704 Icilia
1237 3645 1272 3702 de

231 3755 359 3812 Aventino
380 3753 504 3826 aliaeque
524 3760 647 3808 sacratae
667 3752 745 3826 leges
770 3753 990 3828 abrogarentur.

298 3864 382 3918 Anno
415 3856 618 3914 trecentesimo
654 3857 761 3925 altero,
776 3876 785 3888 ·
799 3876 886 3931 quam
919 3857 1036 3914 condita
1072 3859 1168 3914 Roma
1202 3867 1273 3928 erat,
1321 3853 1366 3922 33

1289 3942 1320 3988 Δ.
1329 3954 1355 3990 n.
1362 3955 1383 3988 e.
1391 3944 1451 3989 303.

231 3961 316 4023 iterum
337 3973 465 4024 mutatur
486 3961 583 4020 forma
604 3962 744 4032 civitatis,
774 3965 811 4020 ab
839 3962 1003 4021 consulibus
1026 3961 1063 4018 ad
1085 3961 1273 4032 decemviros,
1287 4007 1444 4058 A.ch.451.

233 4072 455 4140 quemadmodum
478 4069 517 4124 ab
528 4061 655 4142 ‘regibus
676 4078 744 4126 ante
766 4069 804 4126 ad
825 4067 956 4125 consules
978 4075 1111 4135 venerat,
1133 4067 1274 4124 translato

233 4171 344 4247 imperio.
382 4175 497 4234 Minus
531 4173 665 4247 insignis,
698 4173 767 4248 quia
797 4192 854 4230 non
885 4173 1029 4242 diuturna,
1059 4169 1179 4228 mutatio
1212 4165 1304 4226 funt

235 4275 303 4336 Lata
326 4282 399 4339 enim
427 4280 570 4356 principia
601 4278 787 4354 magistratus
813 4277 874 4335 eius
903 4277 986 4334 nimis
1014 4275 1212 4349 luxuriavere;
1240 4294 1275 4331 eo
