3392 5084
500 569 578 620 aber
596 569 643 620 111.
680 572 726 633 (A.
740 569 956 636 casea-eea.)
1156 573 1210 628 133

209 773 263 811 nen
283 774 375 832 prope
393 753 519 812 deletum
549 764 614 832 est
657 757 810 814 Tredeoim
831 757 922 814 millia
943 757 1168 832 quadringentos
1189 773 1254 830 sep·

208 861 328 935 tuaginta
341 862 478 918 cecidisse
499 861 529 918 in
551 862 614 919 acie
635 881 670 920 ac
691 861 771 938 fuga,
794 863 871 919 mille
893 861 1088 938 septingentos
1110 861 1254 936 qninqua-

207 967 276 1040 ginta
295 968 380 1026 vivos
410 976 529 1044 captos,
560 968 644 1044 signa
672 968 774 1043 viginti
803 977 913 1044 septem
942 969 1078 1026 militaria
1099 965 1201 1038 relata,
1224 967 1254 1023 in

208 1073 368 1147 quibusdam
398 1075 565 1132 annalibus'
579 1074 713 1144 invenio,
741 1074 791 1132 ubi
820 1077 873 1132 etsi
901 1075 1042 1132 adiectum
1070 1073 1179 1149 aliquid
1199 1091 1254 1130 nu·
1344 1135 1346 1142 ¹

207 1197 276 1234 nero
296 1181 344 1251 sit,
367 1199 475 1255 magna
496 1190 573 1238 certe
588 1180 681 1238 coedes
692 1179 754 1240 fuit.
786 1181 896 1239 Victor
904 1183 1013 1253 consul,
1034 1181 1141 1256 ingenti
1155 1179 1254 1255 prada
1270 1179 1302 1234 11

207 1287 314 1360 potitus,
336 1285 438 1342 eodem
459 1286 489 1342 in
511 1285 618 1343 stativa
635 1287 729 1345 rediit.
764 1287 840 1344 Tum
865 1289 996 1345 consules
1019 1295 1115 1345 castra
1136 1285 1254 1343 coniun-

207 1402 287 1466 gunt,
319 1401 348 1448 et
368 1390 471 1449 Volsci
492 1392 643 1467 AEquique
663 1392 787 1450 afflictas
818 1395 894 1452 vires
925 1411 992 1451 suaa
1018 1394 1047 1450 in
1074 1411 1162 1450 unum
1185 1409 1253 1449 oon·

207 1498 296 1557 tulere.
344 1498 447 1555 Tertia
465 1497 517 1554 illa
537 1515 636 1574 pugna
657 1517 692 1555 eo
712 1518 789 1556 anno
811 1499 876 1560 fuit.
923 1499 1034 1557 Eadem
1056 1497 1174 1556 fortuna
1194 1497 1254 1554 vic·

207 1604 300 1659 teriam
324 1603 421 1673 dedit3
442 1601 514 1659 tusis
535 1604 666 1661 hostibus
688 1604 774 1661 etiam
797 1615 893 1662 castra
915 1613 1008 1682 capta.

281 1709 329 1768 Sic
349 1728 396 1766 res
417 1709 552 1765 Romana
574 1694 775 1787 iu'antiquum
804 1721 909 1786 statum
932 1710 1035 1781 rediit,
1067 1709 1255 1782 secundusque
1327 1695 1347 1762 ii

208 1815 265 1871 belli
297 1833 343 1871 res
375 1816 521 1890 extemplo
548 1816 676 1874 urbanos
704 1828 798 1876 motus
825 1817 1030 1875 excitaverunt.
1082 1814 1117 1876 O.
1145 1807 1285 1872 Teren-2

208 1921 275 1977 tilius
302 1924 383 1978 Arsa
409 1922 541 1978 tribunus
566 1921 659 1997 plebis
681 1943 716 1981 eo
744 1943 821 1995 anno
841 1923 905 1981 fuit.
957 1923 988 1980 Ia
1017 1921 1180 1978 consulibus
1202 1921 1255 1976 ab·

209 2028 325 2084 sentibus
348 2037 430 2085 ratus
451 2028 547 2085 locum
568 2027 726 2086 tribuniciis
749 2029 909 2087 actionibus
932 2030 1046 2098 datum,
1073 2047 1125 2103 per
1146 2025 1256 2101 aliquot

211 2133 261 2188 dies
281 2143 395 2208 patrum
417 2134 580 2208 superbiam
604 2135 642 2191 ad
661 2136 778 2211 plebem·
798 2136 974 2204 criminatus,
1000 2134 1124 2191 maxime
1142 2133 1172 2189 in
1187 2151 1255 2189 con-

211 2239 295 2296 sulare
315 2239 467 2316 imperium
490 2249 630 2314 tanquam
652 2241 771 2298 nimium
796 2259 849 2298 nec
871 2239 1020 2298 tolerabile
1038 2239 1135 2296 liberae
1147 2237 1256 2295 civitati

210 2345 395 2404 invehebatur.
441 2347 569 2408 Nomine
591 2347 666 2403 enim
688 2356 799 2405 tautum
821 2349 915 2404 minus
936 2345 1123 2415 invidiosum,
1139 2363 1170 2402 re
1191 2343 1285 2419 ipsa3

212 2470 291 2526 prope
314 2453 439 2509 atrocius
463 2464 548 2527 quam
570 2451 680 2528 regium
703 2471 780 2523 esse3
815 2455 922 2530 qnippe
951 2434 1031 2508 ‹luos'
1051 2468 1104 2525 pro
1126 2469 1183 2507 uno
1204 2451 1286 2506 dol

214 2555 280 2611 nino
300 2567 453 2632 acceptos,
481 2560 683 2630 immoderata,
703 2559 815 2617 infinita
836 2569 998 2635 potestate,
1021 2557 1085 2632 qui,
1108 2555 1193 2613 soluti
1212 2566 1255 2613 at-

216 2680 261 2734 quc
280 2661 410 2721 effrenati
429 2664 495 2740 ipsi,
517 2684 616 2722 omnes
638 2674 730 2723 metus
739 2666 835 2741 legum
857 2665 1011 2738 omniaque
1029 2661 1170 2738 supplicia
1190 2681 1255 2719 ver-

216 2775 293 2824 terent
311 2770 487 2845 inpubem.
538 2769 610 2844 Qum
629 2791 666 2829 ne
686 2783 795 2829 aeterna
815 2772 872 2828 illis
893 2770 1008 2828 licentia
1030 2770 1080 2839 sit,
1109 2769 1202 2843 legem
1225 2769 1287 2824 se5

220 2876 464 2951 promulgaturum,
490 2887 523 2933 ut
544 2878 670 2954 quinque
695 2880 751 2936 viri
772 2887 904 2935 creentur
934 2877 1045 2952 legibus
1071 2876 1107 2932 de
1134 2875 1255 2950 imperio

219 2981 342 3038 consulari
364 2982 536 3040 scribendis:
568 2986 645 3057 quod
667 2985 791 3061 populus
813 2985 893 3041 inse
914 2983 959 3040 ius
984 2981 1108 3048 dederit,
1130 2999 1164 3037 eo
1187 2999 1257 3037 con·

218 3084 292 3142 sulem
318 3107 456 3158 usurum3
494 3109 552 3146 non
583 3090 662 3165 ipsos
693 3090 839 3148 h'bidinem
868 3108 902 3147 ao
928 3089 1070 3146 licentiam
1094 3105 1176 3143 suam
1203 3105 1257 3161 pro

218 3187 270 3264 lege
286 3194 442 3252 habituros.
486 3194 554 3267 Qua
576 3197 761 3272 promulgata
781 3197 859 3271 lege,
888 3215 977 3271 quum
998 3195 1130 3251 timerent
1150 3193 1288 3266 patres,6

219 3313 248 3350 ue
265 3299 423 3356 absentibus
445 3300 610 3357 consulibus
630 3302 729 3378 iugum
752 3303 923 3377 acciperent,
945 3279 1061 3357 senatus
1083 3315 1101 3352 a
1121 3293 1257 3371 praefecto

220 3404 284 3460 urbis
303 3407 338 3481 Q.
364 3407 460 3464 Fabio
481 3415 614 3477 vocatur,
636 3406 685 3481 qni
707 3407 780 3463 adeo
803 3407 939 3464 atrociter
959 3406 988 3462 in
1010 3404 1190 3480 rogationem
1211 3401 1256 3457 la-

221 3513 349 3586 toremque
379 3514 473 3588 ipsum
501 3521 545 3569 est
564 3512 709 3583 invectus,
738 3523 769 3568 ut
790 3513 876 3582 mliil,
906 3513 930 3568 si
954 3512 1040 3568 ambo
1062 3507 1193 3565 consules
1214 3506 1257 3562 in-

222 3609 273 3671 fasti
291 3618 506 3676 circumstarent
526 3618 688 3686 tribunum,
714 3605 844 3673 relictum
867 3619 1008 3674 minarum
1032 3623 1119 3688 atque
1139 3612 1257 3669 terroris

223 3719 258 3779 tit.
297 3725 465 3781 Insidiatum
490 3743 556 3781 eum
577 3733 606 3780 et
627 3733 757 3798 tempore
778 3731 863 3799 capto
876 3723 1008 3780 adortum
1023 3739 1084 3778 rem
1100 3719 1286 3795 publicem?

225 3821 248 3881 Si
265 3847 340 3903 quem
360 3830 483 3887 similem
506 3830 566 3886 eius
588 3829 684 3905 priore
714 3846 791 3884 anno
828 3828 903 3884 inter
930 3828 1062 3884 morbum
1095 3824 1288 3898 bellumqueS

225 3928 274 3990 irati
287 3935 323 3992 dii
341 3936 487 3993 tribunum
510 3935 666 4005 dedissent,
689 3953 747 3992 non
768 3934 897 4010 potuisse
919 3933 990 3990 sisti.
1038 3931 1161 3988 Mortuis
1184 3931 1257 3986 duo-

225 4033 266 4093 bus
281 4041 454 4112 consulibus,
486 4042 598 4099 iacente
626 4059 705 4116 aegra
725 4040 855 4110 civitate,
884 4041 914 4096 in
943 4037 1103 4096 colluvione
1131 4037 1257 4093 omnium

226 4159 310 4217 rtrum,
330 4148 367 4204 ad
386 4149 545 4206 tollendum
567 4167 631 4204 ere
651 4147 768 4222 publica
788 4147 940 4204 consulare
960 4144 1111 4221 imperinm
1133 4143 1258 4199 laturum

227 4244 286 4323 leges
306 4252 400 4322 foisse,
422 4255 523 4312 ducem
546 4253 662 4310 Volscis
683 4252 848 4326 AEquisque
866 4252 904 4308 ad
919 4249 1142 4327 oppugnandam
1158 4249 1257 4305 urbem
1319 4289 1321 4293 -

228 4349 339 4418 futurum.
380 4360 457 4434 Quid
478 4357 621 4448 tandem?
642 4358 689 4415 Illi
710 4376 768 4414 non
789 4357 890 4427 licere,
921 4353 945 4412 si
968 4355 1036 4429 quid
1059 4355 1189 4412 consules
1207 4351 1289 4432 Vsu-9
