3392 5084
621 469 699 534 niter
716 469 750 518 x.
789 471 834 532 (A.
846 469 895 520 cu
905 470 978 532 aar.)
1137 481 1143 486 ·
1228 476 1286 533 237

256 651 360 732 inquit
392 651 442 724 „in
472 651 584 720 castris,
618 661 649 708 ut
680 651 759 712 sume
790 654 890 727 potius
923 672 977 728 per
1010 653 1209 729 ignominiam,
1241 675 1329 731 quam

258 756 354 826 ferro,
384 757 409 814 si
441 775 559 816 necesse
593 766 651 826 est,
687 775 740 831 per
771 758 907 815 virtutem
943 759 1139 816 moriemur?“
1174 761 1225 818 Dii
1256 765 1330 822 bene

259 871 426 931 verterent3
454 861 593 931 facerent,
625 861 757 934 quodue
787 862 906 937 dignum
937 863 1059 938 quisque
1087 865 1239 935 ducerent3
1261 875 1380 928 cou⁴15

260 967 358 1024 sulem
382 969 423 1025 M.
448 967 571 1025 Atilium
602 967 649 1022 vel
671 967 781 1036 solum,
803 947 936 1027 sinemo
957 968 1031 1026 alius
1053 980 1201 1043 sequatur,
1221 971 1330 1030 iturum

260 1073 406 1130 adversus
433 1075 532 1134 hostes
567 1090 759 1148 casurumque
793 1074 869 1129 inter
899 1075 985 1148 signa
1012 1074 1203 1146 Samnitium,
1231 1079 1329 1151 potius

261 1195 355 1251 quum
389 1179 602 1236 circumvallari
629 1186 728 1234 cestra
754 1179 890 1235 Romana
920 1179 1029 1238 videat.
1083 1179 1171 1238 Dicta
1203 1182 1329 1240 consulis
1344 1187 1379 1242 16

258 1284 355 1358 legati
388 1284 553 1358 tribunique
588 1296 617 1341 et
653 1301 753 1340 omues
786 1295 890 1340 turmae
921 1285 1050 1357 equitum
1084 1293 1114 1340 et
1146 1287 1328 1346 centuriones

259 1389 423 1463 primorum
452 1390 585 1446 ordinum
613 1388 825 1464 approbavere.
879 1390 956 1446 Tum
984 1389 1096 1463 pudore
1124 1391 1218 1448 victus
1246 1393 1327 1449 ruiles
1343 1399 1377 1451 17

259 1494 390 1568 seguiter
411 1513 494 1552 erma
511 1495 597 1570 capit,
620 1495 776 1568 segnitere
796 1496 899 1553 castris
921 1495 1081 1569 egreditur,
1102 1495 1191 1567 longo
1211 1496 1328 1569 agmine

258 1616 317 1654 nec
332 1598 503 1669 continenti3
521 1599 613 1656 maesti
634 1616 669 1655 ao
690 1617 782 1672 prope
796 1599 866 1656 victi
880 1580 1041 1674 procedunt
1054 1599 1195 1656 adremon
1213 1601 1326 1658 hostem

259 1721 316 1759 neo
338 1721 389 1778 spe
413 1722 465 1760 nec
493 1705 589 1761 animo
619 1703 782 1765 certiorem.
832 1705 937 1778 Itaque
964 1705 1051 1761 simul
1078 1714 1235 1778 conspectu
1259 1710 1378 1766 suntid

258 1810 397 1865 Romanu
421 1809 514 1882 signa,
542 1809 687 1884 extemplo
716 1828 735 1866 a
756 1810 851 1883 primo
874 1810 1048 1868 Samnitium
1077 1810 1193 1884 agmine
1214 1811 1253 1866 ad
1273 1829 1326 1868 no·

259 1913 412 1968 vissimum
435 1912 566 1971 fremitus
587 1913 739 1988 perfertur,
762 1915 859 1984 exire,
879 1913 910 1970 id
931 1915 1010 1987 quod
1033 1916 1189 1992 timuerint,
1211 1916 1250 1971 ad
1272 1917 1326 1972 im-

258 1993 435 2092 pediendum
457 2018 512 2074 iter
532 2019 697 2087 Romun0s3
719 2019 828 2074 nullum
843 2019 910 2074 inde
933 2038 970 2076 ne
991 2018 1068 2092 iugae
1089 2021 1204 2092 quidem
1226 2029 1327 2094 patere
1342 2025 1377 2080 19

257 2123 357 2191 viam3
388 2123 439 2180 illo
469 2124 534 2180 loco
564 2134 615 2180 aut
641 2107 803 2180 cadendum
832 2142 897 2180 esse
925 2134 977 2180 aut
1000 2124 1100 2180 stratis
1121 2125 1253 2182 hostibus
1273 2146 1327 2201 per

258 2246 387 2302 corpore
407 2247 511 2286 eorum
540 2229 732 2288 evadendum.
783 2230 820 2286 In
849 2228 977 2285 medinm
1004 2229 1134 2284 sarcinas
1156 2230 1325 2300 coniiciunt;
1374 2228 1419 2296 36

257 2333 367 2389 armati
388 2333 447 2389 suis
470 2334 590 2407 quisque
612 2333 761 2390 ordinibus
783 2334 930 2391 instruunt
952 2335 1052 2393 eciem.

346 2437 412 2494 Iam
434 2439 570 2512 exiguum
592 2438 667 2494 inter
694 2438 767 2494 duas
797 2439 875 2496 acies
896 2450 960 2497 erat
988 2441 1129 2514 apetium,
1157 2450 1186 2498 et
1207 2443 1354 2500 autentu

257 2552 478 2616 exspectantes,
505 2545 573 2600 dum
597 2545 634 2600 ab
663 2544 796 2601 hostibus
827 2545 909 2618 prius
936 2545 1077 2619 impetus,
1108 2546 1188 2619 prius
1214 2547 1325 2603 clamor

257 2645 408 2720 inciperet.
470 2651 590 2707 Neutris
623 2649 735 2706 animus
769 2657 812 2704 est
844 2648 883 2704 ad
919 2650 1123 2722 pugnandum,
1160 2652 1354 2726 diversiquea

258 2749 367 2822 integri
389 2759 478 2824 atque
503 2755 605 2812 intecti
633 2755 776 2823 abissent,
805 2753 835 2810 ni
859 2755 972 2810 cedenti
998 2754 1172 2812 instaturum
1200 2756 1323 2813 alterum

259 2855 431 2916 timuissent.
473 2857 536 2916 Sua
557 2871 661 2934 sponte
688 2860 764 2916 inter
784 2859 892 2916 invitos
920 2861 1202 2935 tergiversmtesque
1227 2863 1325 2938 segnis

260 2977 377 3034 pugna,
409 2962 536 3020 clamore
567 2964 678 3021 incerto
707 2974 794 3038 atque
828 2963 951 3038 impari,
984 2966 1085 3039 coepit3
1116 2985 1170 3022 neo
1201 2968 1324 3042 vestigio

259 3064 415 3138 quisquam
449 3069 630 3124 movebatur.
678 3071 756 3126 Tum
784 3070 885 3126 consul
910 3069 1076 3143 Romanus,
1097 3082 1131 3127 ut
1160 3091 1222 3129 rem
1244 3074 1354 3134 exet-4
1445 3112 1451 3118 -

258 3178 346 3239 taret,
370 3172 499 3244 equitum
520 3191 631 3247 paucus
655 3181 767 3228 turmas
784 3173 868 3228 extra
891 3173 1021 3230 ordinem
1042 3175 1176 3245 immisit3
1200 3184 1350 3250 quorum'

258 3291 351 3346 quum
372 3275 503 3350 plerique
532 3278 644 3352 delapsi
676 3276 817 3350 exequie
840 3287 936 3334 essent
964 3287 994 3334 et
1017 3278 1068 3335 ulii
1091 3281 1214 3353 turbati,
1248 3293 1277 3340 et
1304 3303 1323 3340 u

260 3379 434 3448 Samnitium
463 3382 525 3438 acie
554 3382 591 3437 ad
622 3381 829 3454 opprimendos
858 3400 923 3453 eos,
951 3383 1003 3456 qui
1029 3384 1207 3456 ceciderant,
1235 3390 1323 3445 etad

260 3503 331 3540 snos
367 3485 489 3541 tuendos
525 3486 563 3541 ab
604 3484 745 3542 Romania
783 3504 954 3559 procursum
987 3496 1040 3544 est
1092 3489 1166 3546 Inde
1204 3493 1353 3566 punlum5

257 3589 374 3646 irritata
395 3607 495 3664 pugna
516 3598 574 3658 eet3
606 3590 658 3646 sed
680 3590 830 3662 aliquanto
860 3602 889 3648 et
914 3593 1040 3667 impigre
1060 3594 1155 3667 magis
1176 3605 1206 3652 et
1225 3598 1323 3670 plures

258 3703 465 3770 procurrerant
493 3694 653 3766 Samnites,
683 3705 712 3752 et
739 3698 873 3754 turbatus
903 3716 993 3770 eques
1021 3717 1076 3755 sua
1105 3699 1168 3774 ipae
1193 3701 1323 3758 subsidia

258 3800 366 3856 territis
382 3800 463 3872 equis
478 3799 666 3872 proculcavit.
708 3801 786 3858 Hinc
801 3801 872 3876 fuga
886 3812 982 3878 coeptu
997 3812 1088 3859 totam
1104 3805 1210 3861 avertit
1230 3807 1322 3863 aciem

258 3907 438 3972 Romanam
468 3903 585 3976 iamque
606 3905 635 3960 in
660 3915 744 3982 terga
772 3907 942 3982 fugientium
969 3908 1116 3966 Samnites
1142 3913 1353 3984 pugnabantb

229 3972 348 4082 'quum
364 4007 465 4066 consul
480 4027 555 4082 equo
567 4019 737 4082 ¹praevectus
759 4013 797 4068 ad
818 4023 936 4086 portam
955 4023 1126 4084 castrorum,
1148 4034 1183 4073 ac
1197 4018 1322 4074 statione

259 4113 389 4186 equitum
410 4113 450 4170 ibi
471 4113 607 4188 opposita
628 4113 795 4189 edictoque,
816 4131 863 4185 ut,
884 4119 1049 4193 quicunque
1071 4119 1108 4182 ad
1129 4120 1238 4177 vallum
1259 4132 1321 4178 ten·
1336 4123 1350 4176 7
1367 4112 1370 4118 ’

257 4218 348 4286 deret,
370 4218 430 4274 eive
451 4218 499 4276 illa
513 4220 665 4276 Romanus
686 4220 748 4277 sive
763 4219 880 4280 Samnis
896 4233 980 4292 esset,
1001 4243 1056 4298 pro
1075 4226 1162 4282 hoste
1173 4227 1321 4298 baberent,
