3392 5084
528 511 607 561 Liber
623 511 672 561 ΠΙ.
708 514 757 574 (Δ.
778 512 825 562 ch.
845 513 918 577 460.)
1105 571 1106 575 ,
1160 519 1215 574 145

203 703 304 770 posset,
335 703 387 765 ut,
419 695 558 769 quicquid
581 697 684 753 Roma
705 697 735 752 vi
757 696 911 754 tribunicia
941 705 1077 773 rogatum
1106 708 1195 768 asset,
1228 699 1258 755 id

203 801 314 858 comitiis
343 801 385 858 ibi
416 800 626 875 abrogaretur:
656 819 757 858 ornnes
783 801 813 858 id
839 801 985 874 iussuros,
1017 803 1095 876 quod
1126 801 1288 861 consules'l

203 907 313 975 vellent;
335 906 528 980 nequeenim
550 907 789 981 provocationem
813 925 877 964 asse
898 906 1012 981 longius
1035 907 1073 964 ab
1094 909 1166 964 urbe
1181 907 1258 964 mille

202 1030 345 1086 passuum,
367 1020 397 1068 et
420 1011 567 1081 tribunos,
595 1011 620 1068 si
645 1029 680 1068 eo
704 1012 837 1084 veniant,
864 1012 894 1069 in
916 1012 975 1069 alia
994 1013 1081 1068 turbs
1103 1011 1257 1084 Quiritium

202 1116 336 1174 subiectos
361 1115 429 1173 fore
456 1117 603 1174 consulari
633 1117 766 1192 imperio.
813 1118 977 1174 Terrebant
1012 1118 1087 1186 haec;
1123 1118 1174 1174 sed
1209 1117 1289 1178 illoc

203 1223 336 1280 maximus
358 1230 455 1278 terror
478 1222 590 1279 animos
613 1221 756 1297 agitabat,
779 1223 858 1297 quod
880 1223 985 1297 saepius
1002 1221 1153 1295 Quinctius
1175 1223 1257 1280 dicti-

202 1330 288 1399 tabat,
310 1346 342 1385 sc
364 1325 515 1384 consulum
537 1325 656 1382 comitia
679 1346 739 1383 non
760 1328 943 1407 babiturum3
968 1346 1027 1383 non
1048 1327 1090 1384 ita
1111 1328 1257 1387 civitatem

202 1452 298 1508 egram
322 1450 403 1503 esse,
425 1441 457 1488 ut
478 1431 623 1488 consuetis
643 1433 780 1490 remediis
801 1432 865 1490 sisti
885 1441 998 1506 posset;
1020 1433 1162 1492 dictatore
1184 1453 1257 1509 opus

203 1558 256 1596 asc
274 1537 479 1614 reipublicae,
502 1545 549 1613 ut,
581 1537 632 1610 qni
653 1556 686 1593 se
709 1537 833 1594 moverit
855 1537 893 1592 ad
914 1536 1127 1598 sollicitandum
1150 1547 1257 1596 statum

203 1644 333 1714 dumus,
354 1642 479 1711 sentiat,
501 1643 563 1698 sine
584 1642 793 1716 provocatione
814 1642 987 1700 dictaturam
1010 1661 1083 1705 esse.
1132 1643 1257 1704 Senatus
1310 1639 1351 1709 21

203 1751 226 1806 in
249 1749 395 1825 Capitolio
422 1755 499 1816 erat3
535 1766 570 1804 eo
596 1745 705 1804 tribuni
730 1767 795 1805 cum
822 1749 993 1823 perturbata
1018 1725 1103 1823 plebe
1129 1750 1257 1808 veniunt.

204 1855 346 1912 Multitudo
359 1855 498 1936 ⁴clamore
518 1853 628 1927 ingenti
649 1871 726 1910 nnnc
746 1853 913 1924 consulum,
936 1871 1013 1910 nunc
1033 1862 1149 1928 patrum
1170 1855 1256 1912 fidem

203 1958 364 2034 inplorant3
392 1977 448 2016 nec
468 1966 538 2016 ante
557 1966 713 2016 moverunt
739 1958 777 2015 de
804 1957 948 2016 sententia
975 1959 1137 2031 consulem,
1169 1979 1258 2034 quam

203 2064 298 2127 tnbuui
327 2084 361 2122 se
386 2065 418 2121 in
439 2056 619 2122 ¹auctoritate
645 2072 762 2138 patrum
790 2062 904 2121 futuros
936 2083 998 2122 esse
1029 2063 1150 2139 polliciti
1182 2073 1257 2121 sunt.

204 2169 276 2227 Tunc
301 2170 447 2241 referente
477 2169 596 2228 consule
630 2169 667 2224 de
699 2169 879 2226 tribunorum
915 2179 944 2226 et
972 2169 1065 2245 plebis
1094 2168 1289 2244 postulatis,2

204 2285 308 2332 senam
327 2274 493 2332 consultum
515 2276 563 2345 fit,
584 2282 616 2331 nt
636 2293 731 2349 neque
751 2274 860 2332 tribuni
879 2275 972 2350 legem
995 2293 1030 2332 eo
1053 2290 1129 2332 anno
1151 2271 1260 2331 ferrent

205 2399 287 2455 neque
311 2381 447 2440 consules
481 2382 520 2438 ab
553 2382 625 2437 urbe
657 2379 816 2437 exercitum
853 2381 1020 2450 educerent3
1054 2379 1085 2435 in
1116 2378 1258 2452 reliquum

206 2486 379 2560 magistratus
401 2485 565 2544 continuari
589 2495 619 2544 et
643 2485 778 2543 consules
806 2485 976 2542 tribunosve
1005 2471 1102 2554 retici,
1129 2484 1258 2542 iudicare

206 2601 322 2650 senatum
346 2601 451 2650 contra
471 2611 532 2650 rem
555 2593 700 2667 publicam
722 2609 796 2648 esse.
840 2588 982 2647 Consules
1003 2589 1085 2646 fuera
1099 2590 1128 2647 in
1141 2594 1289 2664 patrum3

207 2704 352 2772 potestate3
391 2698 500 2756 tribuni
534 2697 760 2755 reclamantibus
792 2694 958 2753 consulibus
989 2693 1100 2754 refecti.
1154 2697 1259 2753 Patres

209 2818 318 2876 quoque,
339 2823 377 2860 ne
398 2804 469 2878 quid
491 2804 626 2860 cederent
646 2802 733 2878 plebi,
755 2809 784 2858 et
804 2800 861 2875 ipsi
876 2799 911 2860 L.
923 2799 1088 2872 Quinctium
1112 2801 1259 2858 consulem

209 2906 369 2968 reficiebant.
412 2909 505 2966 Nulla
525 2916 588 2966 tcto
610 2926 688 2964 anno
709 2905 908 2962 vehementior
931 2905 1008 2962 actio
1042 2905 1167 2962 consulis
1196 2903 1260 2962 fuit.

212 3011 323 3076 „Mirer“
345 3015 454 3089 inquit,
488 3015 532 3083 „si
553 2992 766 3082 vana'rastra,
789 3020 888 3085 patres
910 3010 1080 3085 conscripti,
1102 3009 1290 3068 auctor-itast

211 3116 243 3171 ad
260 3118 368 3193 plebem
392 3118 458 3176 est?
480 3117 545 3175 Vos
567 3117 687 3174 elevatis
708 3135 787 3186 eam;
809 3117 926 3194 quippe,
949 3115 1018 3190 quia
1039 3116 1122 3191 plebs
1144 3123 1260 3172 senatus

212 3224 358 3282 consultum
373 3223 578 3283 continuandis
590 3223 808 3302 magistratibus
819 3221 915 3291 solvit,
936 3221 992 3296 ipsi
1006 3238 1122 3296 quoque
1134 3220 1260 3277 solutum

212 3327 298 3399 vultis,
322 3349 360 3387 ne
381 3330 539 3387 temeritati
559 3328 749 3386 multitudinis
771 3326 896 3395 cedatis,
925 3335 1065 3400 tanquam
1086 3326 1116 3382 id
1138 3325 1176 3382 sit
1195 3323 1292 3401 plusb

212 3450 285 3504 pesse
310 3434 341 3490 in
370 3434 505 3505 civitate,
537 3433 602 3509 plus
629 3432 756 3489 levitatis
784 3431 968 3494 ac.licentiae
993 3431 1111 3487 habere.
1154 3431 1261 3488 Levius

214 3537 277 3595 enim
304 3541 466 3614 vaniusque
491 3537 624 3614 profecto
657 3546 701 3595 est
729 3555 784 3594 sua
813 3537 929 3596 decreta
956 3544 986 3592 et
1008 3535 1140 3593 consulta
1160 3536 1262 3594 tollere

216 3660 289 3714 quam
299 3645 430 3702 aliorum.
465 3643 633 3714 imitamini,
648 3651 747 3718 patres
756 3642 921 3718 conscripti,
935 3642 1049 3699 turbam
1059 3641 1262 3714 inconsultam,
1275 3639 1293 3694 6

187 3725 193 3730 ’
217 3756 253 3817 et,
275 3751 321 3824 qui
341 3751 478 3827 exemplo
498 3727 563 3810 aliis
585 3769 648 3808 essa
668 3748 796 3818 debetis,
829 3748 953 3804 aliorum
983 3746 1118 3822 exemplo
1144 3753 1263 3822 peccate

218 3855 312 3926 potius,
342 3875 431 3930 quam
460 3855 511 3913 alii
537 3864 634 3912 vestro
663 3862 741 3910 recte
766 3852 890 3923 faciant,
925 3853 993 3908 dum
1020 3871 1074 3926 ego
1103 3869 1140 3908 ne
1169 3851 1264 3908 imiter

218 3958 330 4018 tribunos
350 3978 405 4018 nec
425 3978 473 4016 me
494 3946 597 4016 contra
620 3959 914 4021 senatusconsultum
937 3957 1083 4014 consulem
1104 3957 1265 4014 renuntiari

220 4065 306 4134 patiar.
347 4068 393 4123 Te
419 4083 505 4135 vero,
537 4062 571 4122 0.
594 4063 714 4134 Claudi,
746 4065 901 4135 adhortor,
927 4072 960 4120 nt
986 4071 1014 4119 et
1040 4063 1103 4138 ipse
1124 4062 1294 4138 populuml

221 4165 364 4238 Romanum
388 4174 446 4229 bac
476 4171 594 4228 licentia
621 4187 723 4227 arceas
750 4178 779 4226 et
799 4169 837 4226 de
857 4189 904 4226 me
925 4170 981 4227 hoc
1003 4167 1056 4226 tibi
1076 4167 1265 4242 persuadeas,

222 4274 313 4333 meite
340 4287 542 4352 accepturum,
570 4286 681 4332 utnon
701 4276 841 4332 honorem
870 4292 966 4332 meum
997 4280 1065 4330 ate
1086 4271 1265 4346 impeditum,

242 4383 296 4423 lirim
310 4400 333 4425 ex
345 4400 386 4428 ret.
401 4389 501 4438 nutriuit.
1033 4378 1063 4422 1⁰
