3392 5084
464 453 525 510 216
761 451 838 502 Liber
855 450 891 502 X.
928 451 975 516 (A
988 466 1013 500 u.
1025 465 1049 501 c.
1062 449 1134 516 458.)

423 634 556 712 contagio
577 636 725 712 proximos
737 635 868 695 Umbria
888 635 1021 712 populos,
1043 635 1200 695 etGallica
1223 636 1330 694 auxilia
1343 637 1462 698 mercede

422 742 662 812 sollicitabantur3
693 741 785 800 omnis
807 760 842 799 aa
864 741 1015 801 multitudo
1036 743 1084 818 adp
1096 750 1194 800 casua
1214 741 1382 800 Samnitium
1401 757 1461 798 con·

392 847 564 905 dveniebat.
607 848 665 923 Qui
685 849 824 906 tumultus
844 865 948 923 repens
968 855 1122 923 postquem
1142 857 1187 904 est
1199 849 1323 906 Romam
1337 846 1463 923 perlutus,

423 973 510 1028 quum
541 954 600 1012 iam
629 955 664 1014 L.
688 954 861 1012 Volumnius
897 954 997 1012 consul
1031 972 1096 1011 cum
1128 953 1243 1029 legione
1282 953 1403 1010 secunda
1431 968 1463 1007 sc

422 1058 507 1116 tertis
535 1059 735 1135 sociorumque
763 1060 886 1118 millibus
914 1060 1074 1135 quindecim
1103 1059 1253 1136 profectus
1272 1060 1304 1116 in
1326 1056 1463 1117 Samnium

423 1174 507 1236 esset,
536 1167 616 1242 App.
639 1153 791 1226 Claudium
813 1165 906 1241 primo
930 1184 1045 1241 quoque
1065 1173 1195 1241 tempore
1215 1166 1245 1223 in
1265 1164 1408 1224 Etruriam
1427 1161 1464 1218 ire

393 1271 538 1346 dplacuit.
584 1271 659 1328 Dum
680 1272 819 1330 Romanae
839 1271 968 1347 legiones
989 1280 1108 1351 secutas,
1138 1273 1283 1348 primast
1305 1277 1418 1344 quarta,
1440 1273 1465 1320 et

421 1377 564 1435 sociorum
588 1378 738 1436 duodecim
759 1377 863 1446 millia3
884 1385 981 1434 castra
1000 1377 1079 1434 haud
1098 1378 1200 1454 procul
1221 1378 1259 1435 ab
1273 1377 1356 1433 hoste
1369 1372 1465 1449 posita.

392 1481 555 1544 5Ceterum
577 1483 670 1560 magis
692 1502 727 1540 eo
748 1483 910 1560 profectum
932 1491 989 1553 est,
1023 1485 1101 1559 quod
1122 1494 1235 1541 mature
1263 1490 1379 1540 ventum
1400 1486 1465 1545 erat,

422 1599 453 1648 ut
474 1590 615 1665 quosdam
637 1599 798 1666 spectantes
819 1589 878 1648 iam
904 1608 987 1646 arma
1007 1589 1131 1648 Etruriae
1158 1589 1293 1666 populos·
1305 1597 1394 1644 metus
1410 1587 1464 1644 Ro-

421 1696 498 1752 mani
523 1695 645 1752 nominis
667 1696 884 1773 comprimeret,
915 1714 1003 1770 quam
1031 1696 1109 1771 quod
1133 1695 1221 1753 ductu
1248 1695 1372 1754 consulis
1393 1693 1464 1768 quic·

391 1806 508 1877 dquam
529 1801 569 1860 ibi
590 1801 660 1858 satis
681 1801 751 1860 scite
777 1810 827 1858 aut
859 1799 1006 1858 fortunate
1031 1811 1144 1876 gestum
1166 1802 1211 1861 sit.
1257 1801 1353 1860 Mults
1372 1798 1464 1875 proelia
1492 1814 1496 1828 ¹

420 1907 490 1964 locis
512 1916 540 1964 et
554 1908 729 1985 temporibus
744 1906 849 1981 iniquis
866 1906 1028 1977 commissa,
1049 1925 1172 1984 spesque
1185 1908 1216 1964 in
1230 1908 1292 1965 dies
1309 1905 1463 1982 graviorem

417 2012 530 2070 hostem
552 2011 693 2082 faciebat,
726 2022 756 2070 et
776 2012 834 2070 iam
858 2031 951 2090 prope
972 2021 1051 2083 erat,
1082 2024 1114 2072 ut
1136 2033 1189 2072 nec
1210 2015 1277 2072 duci
1297 2012 1399 2069 milites
1417 2027 1465 2066 nec

392 2117 555 2177 7militibus
590 2119 650 2176 dux
684 2119 754 2176 satis
788 2119 899 2178 fideret.
961 2118 1088 2176 Litteras
1126 2119 1165 2175 ad
1201 2119 1343 2194 collegam
1377 2135 1465 2173 accer-

420 2225 539 2282 sendum
561 2243 598 2282 ex
619 2225 738 2284 Samnio
760 2225 877 2295 missas,
906 2224 936 2280 in
959 2224 1041 2282 trinis
1063 2222 1215 2281 annalibus
1235 2224 1369 2295 invenic;
1393 2224 1466 2299 piget
1515 2211 1519 2218 ¹

420 2341 517 2390 tamen
544 2335 651 2390 certum
682 2350 804 2408 ponere,
836 2350 925 2407 quum
953 2349 989 2387 ea
1016 2332 1081 2407 ipsa
1110 2329 1185 2386 inter
1212 2329 1345 2387 consules
1374 2326 1465 2405 populi

421 2435 561 2509 Romani,
596 2436 653 2496 iam
686 2437 788 2494 iterum
821 2437 922 2494 eodem
953 2439 1063 2495 honore
1094 2435 1263 2510 fungentes,
1302 2434 1463 2511 disceptatio
1528 2450 1529 2485 3

421 2542 515 2616 fuerit,
535 2543 634 2618 Appio
656 2545 798 2602 abnuente
819 2543 933 2613 missas,
957 2543 1113 2600 Volumnio
1135 2523 1309 2611 affirmante,
1330 2541 1417 2619 Appii
1436 2559 1464 2598 se

391 2648 520 2706 8litteris
552 2649 706 2730 accitum..
746 2650 810 2706 Iam
841 2649 1016 2707 Volumnius
1046 2649 1076 2706 in
1108 2648 1228 2708 Samnio
1259 2648 1317 2705 tria
1355 2646 1465 2705 castella

421 2764 544 2830 ceperat,
565 2755 595 2812 in
617 2755 720 2829 quibus
742 2755 779 2812 ad
800 2755 857 2812 tria
877 2754 967 2812 millia
980 2755 1106 2812 hostium
1121 2773 1195 2812 creso
1210 2762 1302 2824 erant,
1324 2753 1463 2811 dimidium
1527 2742 1528 2781 ³

421 2858 481 2917 fore
504 2860 564 2918 eius
586 2868 711 2935 captum,
732 2868 760 2916 et
773 2860 957 2916 Lucanorum
980 2860 1134 2918 seditiones
1155 2880 1174 2918 a
1194 2860 1314 2936 plebeiis
1335 2870 1364 2916 et
1383 2877 1463 2934 egen-

421 2966 497 3022 tibus
520 2964 638 3022 ducibus
661 2973 739 3023 ortas
767 2984 881 3023 summa
901 2966 1081 3042 optimatium
1105 2966 1254 3024 voluntate
1277 2985 1331 3042 per
1351 2966 1386 3040 Q.
1406 2966 1463 3022 Fa·

421 3071 514 3142 bium,
541 3090 594 3146 pro
616 3071 732 3127 consule
754 3070 872 3128 missum
894 3090 928 3128 eo
950 3090 1015 3128 cum
1036 3080 1133 3128 vetere
1154 3072 1298 3142 exercitu,
1328 3087 1462 3146 compres-

390 3177 506 3237 9serat.
533 3175 641 3234 ¹Decio
664 3174 845 3252 populandos
875 3177 1001 3235 hostium
1030 3192 1117 3252 agros
1144 3177 1296 3252 relinquit,
1324 3178 1384 3253 ipse
1403 3193 1462 3232 cum

420 3284 478 3341 suis
497 3283 586 3359 copiis
600 3283 630 3338 iu
641 3282 786 3340 Etruriam
804 3283 842 3340 ad
858 3283 997 3360 collegam
1012 3284 1116 3359 pergit.
1160 3283 1253 3356 Quem
1273 3283 1461 3341 advenientem

372 3391 407 3445 10
420 3391 476 3448 laeti
515 3409 614 3447 omnes
653 3406 805 3464 occepere3
847 3362 977 3463 Appium
1016 3407 1053 3445 ex
1090 3389 1264 3447 conscientia
1296 3405 1352 3446 sua
1383 3387 1460 3446 credo
1526 3416 1527 3419 ¹

420 3496 546 3561 animum
567 3495 717 3564 habuisse3
747 3494 824 3551 haud
845 3493 987 3550 immerito
1013 3494 1134 3565 iratum,
1159 3495 1186 3552 si
1212 3495 1283 3552 nihil
1308 3495 1459 3570 scripserat,
1525 3540 1526 3545 κ

418 3601 551 3660 illiberali
585 3611 613 3658 et
642 3601 755 3676 ingrato
786 3599 900 3670 animo,
933 3601 958 3658 si
986 3608 1106 3675 eguerat
1131 3619 1202 3676 ope,
1237 3601 1459 3660 dissimulantem.

372 3706 403 3761 ll
419 3706 480 3764 Vix
501 3707 575 3764 enim
596 3707 688 3764 salute
709 3714 809 3767 mutua
829 3706 956 3776 reddita,
987 3725 1074 3782 quum
1096 3707 1214 3764 obviam
1234 3726 1366 3784 egressus
1386 3716 1459 3774 esset,

422 3811 530 3881 „Setin'
552 3812 649 3870 salve“
672 3812 781 3887 inquit,
805 3812 858 3882 „L.
880 3811 1039 3869 Volumni?
1081 3813 1124 3872 Ut
1146 3830 1210 3871 sese
1230 3814 1260 3870 in
1281 3813 1399 3873 Samnio
1419 3829 1459 3868 res
1525 3824 1526 3877 ξ

419 3916 547 3976 habent?
590 3917 661 3992 Quae
682 3925 710 3974 te
730 3935 827 3987 cause,
849 3921 881 3974 ut
900 3917 1050 3992 provincia
1063 3927 1115 3975 tua
1135 3919 1299 3989 excederes,
1318 3916 1456 3976 induxit?“
1524 3972 1525 3979 ,

372 4021 406 4077 12
420 4023 592 4081 Volumnius
613 4023 643 4080 in
665 4023 783 4083 Samnio
804 4041 852 4080 res
872 4041 1028 4100 prosperas
1050 4043 1113 4082 esse
1133 4024 1183 4092 air,
1203 4025 1305 4082 litteris
1319 4026 1380 4082 mus
1394 4024 1458 4083 aeci·
1524 3996 1525 4031 ³

419 4137 480 4186 tum
501 4129 627 4200 venisse3
650 4149 714 4205 quae
735 4129 759 4186 si
780 4128 861 4186 felsae
881 4128 987 4188 fuerint
1007 4149 1060 4188 nec
1081 4147 1150 4187 usus
1171 4131 1216 4188 sui
1236 4131 1324 4189 sitin
1344 4130 1458 4195 Eburi&

373 4232 406 4287 13
420 4235 563 4309 extemplo
585 4235 729 4294 conversis
751 4233 839 4310 signis
861 4237 1016 4296 abiturum.
1061 4238 1127 4308 „Tu
1148 4256 1219 4296 vero
1239 4238 1347 4315 abeas“
1369 4236 1457 4312 inquit,
1524 4315 1526 4337 Ι
