3392 5084
503 514 582 564 uibar
597 513 659 567 Vll
695 513 969 579 (acuatu-aso.)
1149 505 1151 515 ⁴
1181 521 1216 574 71

215 707 361 772 quaestores
389 718 427 756 ex
454 698 558 757 aerario
588 699 718 771 deferre,
758 709 896 775 quattuor
928 700 1050 776 expletis
1090 699 1260 776 legionibus,
1297 759 1298 766 ,

215 804 282 878 quod
302 782 445 879 superfuit
465 804 597 875 militum,
618 806 654 863 P.
676 804 797 863 Valerio
819 806 977 866 Publicolae
996 805 1113 882 praetori
1133 787 1260 877 tradidit,

213 922 303 967 auctor
325 912 459 987 patribus
480 910 624 968 scribendi
644 911 762 968 alterius
786 912 946 982 exercitus,
975 912 1053 988 quod
1076 911 1115 968 ad
1136 912 1290 974 incertost

213 1017 269 1074 belli
300 1027 422 1075 eventus
452 1016 611 1074 subsidium
643 1015 685 1073 rai
716 1016 838 1092 publicae
866 1027 949 1074 asset.
1005 1018 1074 1092 Ipse
1103 1018 1162 1075 iam
1191 1019 1291 1079 satis5

211 1123 336 1180 omuibus
356 1123 504 1180 instructis
528 1122 762 1198 comparatisque
790 1123 828 1180 ad
855 1124 968 1180 hostem
991 1123 1099 1198 pergit3
1129 1125 1209 1182 cuius
1230 1136 1263 1182 ut

210 1228 279 1301 prius
299 1238 435 1286 nosceret
455 1229 541 1298 vires,
563 1246 650 1302 quam
662 1227 790 1303 periculo
812 1228 913 1286 ultimo
935 1237 1068 1300 tentaret,
1089 1231 1119 1287 in
1140 1232 1261 1303 tumulo,

211 1353 285 1409 quem
305 1334 474 1410 proximum
495 1333 598 1391 castris
619 1331 773 1392 Gallorum
788 1353 892 1410 capere
909 1335 1011 1410 potuit,
1033 1337 1140 1394 vallum
1156 1338 1261 1396 ducere

209 1441 294 1514 coepit.
342 1439 424 1498 Gens
444 1439 529 1496 ferox
549 1448 579 1496 et
598 1439 707 1514 ingenii
728 1440 807 1498 avidi
828 1440 866 1498 ad
889 1458 1016 1516 pugnam
1039 1462 1136 1517 quum,
1158 1443 1289 1519 proculb

207 1545 268 1602 risis
288 1547 491 1604 Romanorum
519 1545 624 1621 siguis,
651 1555 684 1602 ut
705 1546 850 1624 extemplo
879 1547 1010 1622 proelium
1040 1547 1146 1606 initura
1168 1548 1259 1624 expli·

209 1652 304 1708 cusset
326 1651 430 1721 wiern,
456 1663 611 1727 postquam
632 1670 727 1726 neque
745 1652 775 1709 iu
796 1671 910 1727 aequum
932 1637 1043 1710 demitli
1064 1671 1168 1728 agmen
1189 1654 1261 1710 vidit

209 1768 231 1813 et
251 1776 343 1831 quum
362 1756 421 1814 loci
442 1759 607 1828 altitudine,
628 1766 690 1814 tum
711 1757 788 1814 vallo
810 1757 898 1814 etiam
919 1759 978 1834 tegi
999 1760 1163 1828 Romanos,
1195 1779 1260 1834 per-

207 1863 293 1926 culsos
324 1881 438 1938 pavore
469 1873 549 1935 rata,
581 1862 667 1921 simul
699 1863 935 1939 opportuniores,
971 1865 1050 1938 quod
1073 1865 1173 1922 intenti
1199 1876 1260 1922 tum

206 1969 327 2026 maxime
351 1970 434 2044 operi
455 1979 559 2040 οεεειιῑ,
581 1968 656 2026 truci
677 1968 804 2025 clamore
824 1971 1002 2046 aggreditur.
1049 1973 1099 2029 Ab
1120 1973 1290 2034 Romanis?

206 2094 251 2132 uec
273 2093 350 2150 opus
370 2076 564 2133 intermissum
585 2075 690 2149 (triarii
707 2084 797 2154 eram,
820 2076 870 2149 qui
891 2076 1078 2150 muniebant),
1101 2087 1129 2134 et
1150 2079 1187 2134 ab
1209 2080 1261 2134 ha-

205 2181 279 2238 statis
299 2181 553 2256 principibusque,
586 2180 637 2255 qui
666 2201 720 2257 pro
750 2181 941 2239 munitoribus
967 2182 1068 2240 intenti
1099 2183 1261 2257 armatique

204 2296 353 2358 steterant,
369 2278 516 2362 ‘proelium
549 2287 661 2346 initum.
717 2289 829 2346 Proeter
863 2288 998 2345 virtutem
1032 2288 1112 2345 locus
1145 2297 1292 2363 quoquess

205 2393 330 2468 superior
352 2393 478 2462 adiuvit,
510 2402 544 2450 ut
570 2393 631 2468 pila
658 2393 756 2451 omnia
787 2395 936 2470 hastaeque
962 2414 1020 2452 nou
1049 2405 1190 2470 tanquam
1223 2415 1261 2452 ex
1345 2379 1351 2393 ,

205 2517 279 2574 aquo
301 2500 395 2558 missa
414 2518 509 2569 vana,
540 2502 617 2574 quod
646 2501 816 2577 plerumque
834 2501 883 2571 fit,
912 2501 1061 2573 caderent,
1089 2502 1140 2560 sed
1163 2501 1261 2559 omnia

205 2605 302 2663 librata
330 2606 509 2681 ponderibus
536 2608 707 2682 figerentur3
740 2606 909 2680 oneratique
941 2605 1005 2662 telis
1027 2605 1123 2677 Galli,
1156 2607 1290 2681 quibust)

207 2720 248 2767 aut
269 2731 399 2787 corpora
429 2715 572 2770 transfixa
602 2722 653 2770 aut
681 2721 866 2788 praegravata
895 2711 1098 2769 inhaerentibus
1120 2713 1265 2788 gerebant·

206 2828 287 2888 scuta,
315 2837 407 2893 quum
429 2836 513 2874 cursu
534 2837 617 2894 paene
637 2818 668 2875 in
689 2820 844 2876 adversum
866 2817 1019 2888 subissent,
1043 2817 1137 2893 primo
1159 2819 1260 2876 incerti

206 2923 344 2993 restitere3
378 2923 461 2992 dein,
491 2941 579 2997 quum
607 2924 673 2999 ipsa
693 2923 838 2985 cunctatio
861 2923 954 2979 ethis
977 2923 1089 2980 animos
1111 2925 1260 2981 minuisset
1275 2931 1310 2986 10
1381 2921 1382 2927 '

205 3037 229 3082 et
247 3030 378 3086 auxisset
397 3029 490 3099 boati,
521 3030 638 3106 impulsi
667 3040 746 3087 retro
772 3048 857 3086 ruere
889 3029 939 3087 alii
964 3048 1051 3105 super
1080 3031 1153 3088 alios
1184 3043 1258 3086 stra·

205 3150 322 3209 gemque
348 3134 425 3191 inter
456 3153 488 3192 se
517 3136 594 3193 caede
625 3136 691 3212 ipsa
721 3135 870 3192 foediorem
904 3137 989 3208 dare;
1025 3138 1098 3194 adeo
1119 3137 1259 3212 praecipiti

205 3241 281 3296 turba
306 3240 408 3298 obtriti
429 3241 526 3316 plures
556 3258 644 3316 quam
667 3240 746 3298 ferro
775 3241 878 3298 necati.
924 3243 1067 3310 ,Necdum
1099 3253 1178 3299 certa
1199 3242 1258 3299 Ro·
1310 3241 1354 3312 24

206 3347 290 3402 mauis
306 3345 431 3402 victoria
444 3357 522 3418 erat3
544 3347 603 3404 alia
616 3347 646 3403 in
663 3365 798 3422 campum
821 3346 963 3423 degressis
985 3354 1135 3423 supererat
1156 3345 1257 3404 moles.

206 3448 337 3527 Namque
356 3450 510 3510 multitudo
532 3453 700 3523 Gallorum,
724 3470 840 3510 sensum
863 3472 977 3512 omnem
1000 3453 1066 3510 talis
1088 3452 1187 3508 damni
1208 3462 1289 3516 err-2

206 3571 350 3630 superans,
382 3556 462 3614 velut
482 3577 560 3614 nova
582 3577 683 3616 rursus
704 3559 944 3629 exoriaute‘ucie,
973 3560 1116 3634 integrum
1139 3559 1258 3616 militam

206 3661 338 3718 adversus
360 3663 500 3720 victorem
521 3664 634 3721 hostem
662 3665 773 3737 ciebat,
805 3649 941 3741 stetitque
969 3683 1126 3742 suppresso
1149 3665 1288 3741 impetu3

206 3765 365 3839 Romanus,
396 3779 426 3826 et
446 3770 516 3844 quia
534 3770 639 3827 iterum
666 3770 751 3828 fessis
778 3772 929 3830 subeunda
951 3772 1096 3830 dimicatio
1120 3781 1199 3844 erat,
1230 3782 1259 3829 et

207 3874 276 3945 quod
297 3874 408 3945 consul,
431 3875 499 3932 dum
523 3875 598 3934 iuter
617 3877 759 3952 primores
779 3878 912 3935 incautus
927 3878 1028 3953 agitat,
1049 3878 1123 3934 laevo
1137 3879 1257 3935 humero

206 3980 304 4036 matari
329 3999 422 4056 prope
451 3981 588 4049 traiecto,
617 3994 745 4061 cessam
771 4003 928 4060 parumper
950 4003 987 4041 ex
1018 3984 1089 4045 acie.
1135 3979 1288 4058 lamque‘l

209 4085 308 4144 omissa
328 4087 490 4145 cunctando
514 4088 638 4146 victoria
660 4100 731 4162 erat,
753 4109 842 4175 quum
858 4091 966 4162 consul,
990 4090 1106 4148 vulnere
1129 4091 1258 4166 alligato,
1308 4153 1315 4170 ι

208 4203 330 4252 mvectus
351 4194 389 4252 ud
411 4192 506 4269 prima
533 4193 618 4269 signa
640 4194 738 4268 ,Quid
757 4204 834 4263 stus,
866 4195 985 4254 miles?“
1018 4197 1122 4273 iuquit.
1171 4197 1258 4267 ,Nou

208 4312 266 4354 curu
285 4299 392 4358 Laduo
413 4299 582 4375 Sabinoque
604 4302 689 4358 hoste
710 4319 758 4357 rea
779 4311 832 4371 est,
861 4321 946 4378 quem
967 4302 1073 4360 victum
1098 4303 1186 4361 armis
1210 4322 1258 4360 so·
