<?xml version="1.0" encoding="UTF-8"?>
<!DOCTYPE html PUBLIC "-//W3C//DTD XHTML 1.0 Transitional//EN"
    "http://www.w3.org/TR/xhtml1/DTD/xhtml1-transitional.dtd">
<html xmlns="http://www.w3.org/1999/xhtml" xml:lang="en" lang="en">
 <head>
  <title>
</title>
<meta http-equiv="Content-Type" content="text/html;charset=utf-8" />
  <meta name='ocr-system' content='tesseract 3.04.00' />
  <meta name='ocr-capabilities' content='ocr_page ocr_carea ocr_par ocr_line ocrx_word'/>
</head>
<body>
  <div class='ocr_page' id='page_1' title='image "./titiliviihistor03ussigoog_0233.png"; bbox 0 0 3392 5084; ppageno 0'>
   <div class='ocr_carea' id='block_1_1' title="bbox 455 485 1222 586">
    <p class='ocr_par' dir='ltr' id='par_1_1' title="bbox 455 485 1222 586">
     <span class='ocr_line' id='line_1_1' title="bbox 455 485 1222 586; baseline 0.02 -36"><span class='ocrx_word' id='word_1_1' title='bbox 455 575 467 586; x_wconf 20' lang='lat' dir='ltr'>h</span> <span class='ocrx_word' id='word_1_2' title='bbox 547 503 626 552; x_wconf 72' lang='lat' dir='ltr'>riser</span> <span class='ocrx_word' id='word_1_3' title='bbox 643 501 693 552; x_wconf 89' lang='lat'>111.</span> <span class='ocrx_word' id='word_1_4' title='bbox 725 485 772 566; x_wconf 74' lang='lat' dir='ltr'>(a.</span> <span class='ocrx_word' id='word_1_5' title='bbox 788 500 836 553; x_wconf 80' lang='lat' dir='ltr'>cs.</span> <span class='ocrx_word' id='word_1_6' title='bbox 851 501 925 567; x_wconf 75' lang='lat' dir='ltr'>aa.)</span> <span class='ocrx_word' id='word_1_7' title='bbox 1166 507 1222 564; x_wconf 81' lang='lat' dir='ltr'>res</span> 
     </span>
    </p>
   </div>
   <div class='ocr_carea' id='block_1_2' title="bbox 206 686 1394 3063">
    <p class='ocr_par' dir='ltr' id='par_1_2' title="bbox 206 686 1394 3063">
     <span class='ocr_line' id='line_1_2' title="bbox 208 686 1267 763; baseline 0.005 -21"><span class='ocrx_word' id='word_1_8' title='bbox 208 705 262 742; x_wconf 88' lang='lat' dir='ltr'>cum</span> <span class='ocrx_word' id='word_1_9' title='bbox 285 705 408 744; x_wconf 89' lang='lat' dir='ltr'>assensu</span> <span class='ocrx_word' id='word_1_10' title='bbox 430 686 517 743; x_wconf 88' lang='lat' dir='ltr'>etiam</span> <span class='ocrx_word' id='word_1_11' title='bbox 540 686 634 744; x_wconf 86' lang='lat' dir='ltr'>audiri</span> <span class='ocrx_word' id='word_1_12' title='bbox 662 686 949 763; x_wconf 86' lang='lat' dir='ltr'>animadvertissent,</span> <span class='ocrx_word' id='word_1_13' title='bbox 981 687 1051 744; x_wconf 89' lang='lat' dir='ltr'>deos</span> <span class='ocrx_word' id='word_1_14' title='bbox 1077 687 1267 763; x_wconf 78' lang='lat' dir='ltr'>hominesque</span> 
     </span>
     <span class='ocr_line' id='line_1_3' title="bbox 209 791 1313 876; baseline 0.003 -29"><span class='ocrx_word' id='word_1_15' title='bbox 209 800 355 862; x_wconf 79' lang='lat' dir='ltr'>testantes,</span> <span class='ocrx_word' id='word_1_16' title='bbox 385 791 527 865; x_wconf 82' lang='lat' dir='ltr'>flagitium</span> <span class='ocrx_word' id='word_1_17' title='bbox 555 792 657 866; x_wconf 87' lang='lat' dir='ltr'>ingens</span> <span class='ocrx_word' id='word_1_18' title='bbox 688 792 765 862; x_wconf 82' lang='lat' dir='ltr'>fieri,</span> <span class='ocrx_word' id='word_1_19' title='bbox 794 801 911 867; x_wconf 87' lang='lat' dir='ltr'>patrum</span> <span class='ocrx_word' id='word_1_20' title='bbox 938 792 1082 868; x_wconf 89' lang='lat' dir='ltr'>primores</span> <span class='ocrx_word' id='word_1_21' title='bbox 1108 803 1266 851; x_wconf 87' lang='lat' dir='ltr'>arcessunt.</span> <span class='ocrx_word' id='word_1_22' title='bbox 1310 868 1313 876; x_wconf 32' lang='grc' dir='ltr'>Ι</span> 
     </span>
     <span class='ocr_line' id='line_1_4' title="bbox 209 893 1297 973; baseline 0.006 -22"><span class='ocrx_word' id='word_1_23' title='bbox 209 893 271 952; x_wconf 89' lang='lat' dir='ltr'>Cum</span> <span class='ocrx_word' id='word_1_24' title='bbox 293 896 329 952; x_wconf 90' lang='lat' dir='ltr'>iis</span> <span class='ocrx_word' id='word_1_25' title='bbox 352 896 504 952; x_wconf 89' lang='lat' dir='ltr'>circumire</span> <span class='ocrx_word' id='word_1_26' title='bbox 528 897 635 967; x_wconf 74' lang='lat' dir='ltr'>tribus,</span> <span class='ocrx_word' id='word_1_27' title='bbox 663 915 764 967; x_wconf 77' lang='lat' dir='ltr'>orare,</span> <span class='ocrx_word' id='word_1_28' title='bbox 791 915 828 954; x_wconf 90' lang='lat' dir='ltr'>ne</span> <span class='ocrx_word' id='word_1_29' title='bbox 855 897 1013 972; x_wconf 88' lang='lat' dir='ltr'>pessimum</span> <span class='ocrx_word' id='word_1_30' title='bbox 1034 898 1147 956; x_wconf 86' lang='lat' dir='ltr'>facinus</span> <span class='ocrx_word' id='word_1_31' title='bbox 1168 898 1297 973; x_wconf 81' lang='lat' dir='ltr'>peiore2</span> 
     </span>
     <span class='ocr_line' id='line_1_5' title="bbox 209 999 1267 1078; baseline 0.003 -21"><span class='ocrx_word' id='word_1_32' title='bbox 209 1001 332 1076; x_wconf 85' lang='lat' dir='ltr'>exemplo</span> <span class='ocrx_word' id='word_1_33' title='bbox 355 1000 541 1059; x_wconf 81' lang='lat' dir='ltr'>admitterent</span> <span class='ocrx_word' id='word_1_34' title='bbox 562 999 671 1059; x_wconf 89' lang='lat' dir='ltr'>iudices</span> <span class='ocrx_word' id='word_1_35' title='bbox 691 1001 722 1059; x_wconf 90' lang='lat' dir='ltr'>iu</span> <span class='ocrx_word' id='word_1_36' title='bbox 738 1019 821 1058; x_wconf 89' lang='lat' dir='ltr'>suam</span> <span class='ocrx_word' id='word_1_37' title='bbox 835 1021 896 1059; x_wconf 91' lang='lat' dir='ltr'>rem</span> <span class='ocrx_word' id='word_1_38' title='bbox 911 1001 990 1059; x_wconf 90' lang='lat' dir='ltr'>litem</span> <span class='ocrx_word' id='word_1_39' title='bbox 1006 1003 1155 1073; x_wconf 79' lang='lat' dir='ltr'>vertendo,</span> <span class='ocrx_word' id='word_1_40' title='bbox 1178 1022 1267 1078; x_wconf 89' lang='lat' dir='ltr'>quum</span> 
     </span>
     <span class='ocr_line' id='line_1_6' title="bbox 208 1091 1267 1180; baseline 0.003 -18"><span class='ocrx_word' id='word_1_41' title='bbox 208 1106 373 1180; x_wconf 78' lang='lat' dir='ltr'>prasertim,</span> <span class='ocrx_word' id='word_1_42' title='bbox 403 1091 515 1164; x_wconf 84' lang='lat' dir='ltr'>etiamsi</span> <span class='ocrx_word' id='word_1_43' title='bbox 542 1106 588 1164; x_wconf 83' lang='lat' dir='ltr'>fas</span> <span class='ocrx_word' id='word_1_44' title='bbox 615 1107 652 1164; x_wconf 90' lang='lat' dir='ltr'>sit</span> <span class='ocrx_word' id='word_1_45' title='bbox 681 1125 779 1164; x_wconf 87' lang='lat' dir='ltr'>curam</span> <span class='ocrx_word' id='word_1_46' title='bbox 813 1107 998 1164; x_wconf 81' lang='lat' dir='ltr'>emolumenti</span> <span class='ocrx_word' id='word_1_47' title='bbox 1020 1107 1065 1164; x_wconf 89' lang='lat' dir='ltr'>sni</span> <span class='ocrx_word' id='word_1_48' title='bbox 1084 1107 1173 1165; x_wconf 88' lang='lat' dir='ltr'>iudici</span> <span class='ocrx_word' id='word_1_49' title='bbox 1194 1127 1267 1179; x_wconf 81' lang='lat' dir='ltr'>esse,</span> 
     </span>
     <span class='ocr_line' id='line_1_7' title="bbox 208 1212 1266 1287; baseline 0 -20"><span class='ocrx_word' id='word_1_50' title='bbox 208 1229 386 1285; x_wconf 87' lang='lat' dir='ltr'>nequaquam</span> <span class='ocrx_word' id='word_1_51' title='bbox 416 1219 529 1268; x_wconf 89' lang='lat' dir='ltr'>tantum</span> <span class='ocrx_word' id='word_1_52' title='bbox 562 1229 634 1287; x_wconf 83' lang='lat' dir='ltr'>agro</span> <span class='ocrx_word' id='word_1_53' title='bbox 667 1212 878 1287; x_wconf 78' lang='lat' dir='ltr'>intercipiendo</span> <span class='ocrx_word' id='word_1_54' title='bbox 912 1212 1093 1286; x_wconf 82' lang='lat' dir='ltr'>acquiratur,</span> <span class='ocrx_word' id='word_1_55' title='bbox 1127 1220 1266 1286; x_wconf 87' lang='lat' dir='ltr'>quantum</span> 
     </span>
     <span class='ocr_line' id='line_1_8' title="bbox 208 1314 1345 1389; baseline 0 -17"><span class='ocrx_word' id='word_1_56' title='bbox 208 1317 350 1373; x_wconf 83' lang='lat' dir='ltr'>amittatur</span> <span class='ocrx_word' id='word_1_57' title='bbox 362 1316 524 1374; x_wconf 79' lang='lat' dir='ltr'>alienandis</span> <span class='ocrx_word' id='word_1_58' title='bbox 534 1315 640 1374; x_wconf 89' lang='lat' dir='ltr'>iniuria</span> <span class='ocrx_word' id='word_1_59' title='bbox 652 1318 796 1376; x_wconf 90' lang='lat' dir='ltr'>sociorum</span> <span class='ocrx_word' id='word_1_60' title='bbox 810 1315 924 1373; x_wconf 87' lang='lat' dir='ltr'>animis.</span> <span class='ocrx_word' id='word_1_61' title='bbox 953 1315 1032 1372; x_wconf 89' lang='lat' dir='ltr'>Nam</span> <span class='ocrx_word' id='word_1_62' title='bbox 1048 1314 1135 1372; x_wconf 82' lang='lat' dir='ltr'>iamae</span> <span class='ocrx_word' id='word_1_63' title='bbox 1150 1316 1265 1389; x_wconf 89' lang='lat' dir='ltr'>quidem</span> <span class='ocrx_word' id='word_1_64' title='bbox 1281 1318 1299 1372; x_wconf 84' lang='lat'>3</span> <span class='ocrx_word' id='word_1_65' title='bbox 1342 1359 1345 1363; x_wconf 81' lang='grc'>.</span> 
     </span>
     <span class='ocr_line' id='line_1_9' title="bbox 208 1420 1268 1497; baseline 0.001 -19"><span class='ocrx_word' id='word_1_66' title='bbox 208 1441 235 1478; x_wconf 86' lang='lat' dir='ltr'>ae</span> <span class='ocrx_word' id='word_1_67' title='bbox 253 1422 322 1478; x_wconf 90' lang='lat' dir='ltr'>fidei</span> <span class='ocrx_word' id='word_1_68' title='bbox 345 1421 455 1478; x_wconf 89' lang='lat' dir='ltr'>damna</span> <span class='ocrx_word' id='word_1_69' title='bbox 474 1423 588 1480; x_wconf 85' lang='lat' dir='ltr'>maiora</span> <span class='ocrx_word' id='word_1_70' title='bbox 609 1441 681 1494; x_wconf 83' lang='lat' dir='ltr'>esse,</span> <span class='ocrx_word' id='word_1_71' title='bbox 705 1441 792 1497; x_wconf 87' lang='lat' dir='ltr'>quam</span> <span class='ocrx_word' id='word_1_72' title='bbox 808 1439 873 1496; x_wconf 84' lang='lat' dir='ltr'>quae</span> <span class='ocrx_word' id='word_1_73' title='bbox 893 1420 1030 1478; x_wconf 72' lang='lat' dir='ltr'>testimari</span> <span class='ocrx_word' id='word_1_74' title='bbox 1050 1430 1183 1496; x_wconf 79' lang='lat' dir='ltr'>possent:</span> <span class='ocrx_word' id='word_1_75' title='bbox 1210 1423 1268 1479; x_wconf 94' lang='lat' dir='ltr'>hoc</span> 
     </span>
     <span class='ocr_line' id='line_1_10' title="bbox 207 1524 1268 1602; baseline 0.003 -20"><span class='ocrx_word' id='word_1_76' title='bbox 207 1528 311 1602; x_wconf 82' lang='lat' dir='ltr'>legatos</span> <span class='ocrx_word' id='word_1_77' title='bbox 333 1525 444 1584; x_wconf 81' lang='lat' dir='ltr'>referre</span> <span class='ocrx_word' id='word_1_78' title='bbox 467 1527 601 1599; x_wconf 83' lang='lat' dir='ltr'>domum,</span> <span class='ocrx_word' id='word_1_79' title='bbox 629 1530 686 1584; x_wconf 90' lang='lat' dir='ltr'>hoc</span> <span class='ocrx_word' id='word_1_80' title='bbox 712 1526 840 1601; x_wconf 85' lang='lat' dir='ltr'>vulgari,</span> <span class='ocrx_word' id='word_1_81' title='bbox 869 1524 926 1582; x_wconf 92' lang='lat' dir='ltr'>hoc</span> <span class='ocrx_word' id='word_1_82' title='bbox 946 1525 1043 1600; x_wconf 78' lang='lat' dir='ltr'>socios</span> <span class='ocrx_word' id='word_1_83' title='bbox 1065 1525 1182 1598; x_wconf 84' lang='lat' dir='ltr'>audire,</span> <span class='ocrx_word' id='word_1_84' title='bbox 1212 1529 1268 1585; x_wconf 91' lang='lat' dir='ltr'>hoc</span> 
     </span>
     <span class='ocr_line' id='line_1_11' title="bbox 207 1623 1394 1708; baseline 0.001 -20"><span class='ocrx_word' id='word_1_85' title='bbox 207 1633 306 1705; x_wconf 81' lang='lat' dir='ltr'>hostes,</span> <span class='ocrx_word' id='word_1_86' title='bbox 329 1651 389 1706; x_wconf 92' lang='lat' dir='ltr'>quo</span> <span class='ocrx_word' id='word_1_87' title='bbox 414 1650 479 1689; x_wconf 90' lang='lat' dir='ltr'>cum</span> <span class='ocrx_word' id='word_1_88' title='bbox 503 1632 604 1689; x_wconf 87' lang='lat' dir='ltr'>dolore</span> <span class='ocrx_word' id='word_1_89' title='bbox 625 1634 690 1704; x_wconf 87' lang='lat' dir='ltr'>hos,</span> <span class='ocrx_word' id='word_1_90' title='bbox 714 1649 772 1706; x_wconf 92' lang='lat' dir='ltr'>quo</span> <span class='ocrx_word' id='word_1_91' title='bbox 795 1647 860 1688; x_wconf 89' lang='lat' dir='ltr'>cum</span> <span class='ocrx_word' id='word_1_92' title='bbox 878 1631 987 1706; x_wconf 80' lang='lat' dir='ltr'>gaudio</span> <span class='ocrx_word' id='word_1_93' title='bbox 1001 1630 1089 1689; x_wconf 78' lang='lat' dir='ltr'>illos?</span> <span class='ocrx_word' id='word_1_94' title='bbox 1111 1631 1299 1708; x_wconf 74' lang='lat' dir='ltr'>Scaptionet</span> <span class='ocrx_word' id='word_1_95' title='bbox 1365 1623 1394 1680; x_wconf 52' lang='grc' dir='ltr'>κ’</span> 
     </span>
     <span class='ocr_line' id='line_1_12' title="bbox 206 1736 1269 1814; baseline 0.003 -20"><span class='ocrx_word' id='word_1_96' title='bbox 206 1739 268 1809; x_wconf 78' lang='lat' dir='ltr'>hoc,</span> <span class='ocrx_word' id='word_1_97' title='bbox 299 1737 461 1800; x_wconf 89' lang='lat' dir='ltr'>contionali</span> <span class='ocrx_word' id='word_1_98' title='bbox 479 1737 554 1810; x_wconf 77' lang='lat' dir='ltr'>seni,</span> <span class='ocrx_word' id='word_1_99' title='bbox 586 1737 786 1812; x_wconf 74' lang='lat' dir='ltr'>resignaturos</span> <span class='ocrx_word' id='word_1_100' title='bbox 807 1744 944 1812; x_wconf 87' lang='lat' dir='ltr'>putarent</span> <span class='ocrx_word' id='word_1_101' title='bbox 964 1736 1101 1797; x_wconf 89' lang='lat' dir='ltr'>finitimos</span> <span class='ocrx_word' id='word_1_102' title='bbox 1122 1737 1269 1814; x_wconf 87' lang='lat' dir='ltr'>populos?</span> 
     </span>
     <span class='ocr_line' id='line_1_13' title="bbox 208 1841 1274 1919; baseline 0.002 -18"><span class='ocrx_word' id='word_1_103' title='bbox 208 1842 317 1901; x_wconf 84' lang='lat' dir='ltr'>Clarum</span> <span class='ocrx_word' id='word_1_104' title='bbox 340 1844 400 1900; x_wconf 86' lang='lat' dir='ltr'>hae</span> <span class='ocrx_word' id='word_1_105' title='bbox 425 1841 489 1900; x_wconf 84' lang='lat' dir='ltr'>fore</span> <span class='ocrx_word' id='word_1_106' title='bbox 514 1842 642 1918; x_wconf 77' lang='lat' dir='ltr'>imagine</span> <span class='ocrx_word' id='word_1_107' title='bbox 664 1841 829 1916; x_wconf 82' lang='lat' dir='ltr'>Scaptium3</span> <span class='ocrx_word' id='word_1_108' title='bbox 856 1842 908 1898; x_wconf 89' lang='lat' dir='ltr'>sed</span> <span class='ocrx_word' id='word_1_109' title='bbox 935 1843 1074 1919; x_wconf 87' lang='lat' dir='ltr'>populum</span> <span class='ocrx_word' id='word_1_110' title='bbox 1101 1845 1274 1903; x_wconf 79' lang='lat' dir='ltr'>Romanum</span> 
     </span>
     <span class='ocr_line' id='line_1_14' title="bbox 208 1947 1268 2024; baseline 0.002 -19"><span class='ocrx_word' id='word_1_111' title='bbox 208 1947 438 2024; x_wconf 87' lang='lat' dir='ltr'>quadruplatoris</span> <span class='ocrx_word' id='word_1_112' title='bbox 467 1956 496 2006; x_wconf 90' lang='lat' dir='ltr'>et</span> <span class='ocrx_word' id='word_1_113' title='bbox 526 1947 728 2022; x_wconf 78' lang='lat' dir='ltr'>interceptoris</span> <span class='ocrx_word' id='word_1_114' title='bbox 749 1947 807 2004; x_wconf 87' lang='lat' dir='ltr'>litis</span> <span class='ocrx_word' id='word_1_115' title='bbox 830 1947 932 2006; x_wconf 74' lang='lat' dir='ltr'>aliena</span> <span class='ocrx_word' id='word_1_116' title='bbox 954 1966 1109 2024; x_wconf 78' lang='lat' dir='ltr'>personam</span> <span class='ocrx_word' id='word_1_117' title='bbox 1132 1948 1268 2008; x_wconf 87' lang='lat' dir='ltr'>laturum.</span> 
     </span>
     <span class='ocr_line' id='line_1_15' title="bbox 209 2052 1301 2129; baseline 0 -19"><span class='ocrx_word' id='word_1_118' title='bbox 209 2053 292 2126; x_wconf 77' lang='lat' dir='ltr'>Quem</span> <span class='ocrx_word' id='word_1_119' title='bbox 313 2054 395 2112; x_wconf 90' lang='lat' dir='ltr'>enim</span> <span class='ocrx_word' id='word_1_120' title='bbox 416 2054 472 2112; x_wconf 90' lang='lat' dir='ltr'>hoe</span> <span class='ocrx_word' id='word_1_121' title='bbox 492 2053 614 2129; x_wconf 74' lang='lat' dir='ltr'>privata</span> <span class='ocrx_word' id='word_1_122' title='bbox 635 2053 678 2110; x_wconf 89' lang='lat' dir='ltr'>rei</span> <span class='ocrx_word' id='word_1_123' title='bbox 699 2053 822 2112; x_wconf 89' lang='lat' dir='ltr'>iudicem</span> <span class='ocrx_word' id='word_1_124' title='bbox 844 2052 957 2124; x_wconf 86' lang='lat' dir='ltr'>fecisse,</span> <span class='ocrx_word' id='word_1_125' title='bbox 980 2061 1013 2110; x_wconf 92' lang='lat' dir='ltr'>ut</span> <span class='ocrx_word' id='word_1_126' title='bbox 1031 2054 1088 2111; x_wconf 87' lang='lat' dir='ltr'>sibi</span> <span class='ocrx_word' id='word_1_127' title='bbox 1101 2056 1301 2114; x_wconf 64' lang='lat' dir='ltr'>controverti</span> 
     </span>
     <span class='ocr_line' id='line_1_16' title="bbox 207 2157 1269 2236; baseline 0.004 -22"><span class='ocrx_word' id='word_1_128' title='bbox 207 2159 304 2217; x_wconf 87' lang='lat' dir='ltr'>siosam</span> <span class='ocrx_word' id='word_1_129' title='bbox 329 2158 512 2222; x_wconf 85' lang='lat' dir='ltr'>adiudicaret</span> <span class='ocrx_word' id='word_1_130' title='bbox 533 2159 614 2218; x_wconf 84' lang='lat' dir='ltr'>rem?</span> <span class='ocrx_word' id='word_1_131' title='bbox 637 2159 787 2235; x_wconf 76' lang='lat' dir='ltr'>Scaptium</span> <span class='ocrx_word' id='word_1_132' title='bbox 808 2160 904 2236; x_wconf 89' lang='lat' dir='ltr'>ipsum</span> <span class='ocrx_word' id='word_1_133' title='bbox 925 2158 955 2216; x_wconf 89' lang='lat' dir='ltr'>id</span> <span class='ocrx_word' id='word_1_134' title='bbox 977 2157 1104 2232; x_wconf 86' lang='lat' dir='ltr'>quidem,</span> <span class='ocrx_word' id='word_1_135' title='bbox 1126 2160 1182 2218; x_wconf 87' lang='lat' dir='ltr'>etsi</span> <span class='ocrx_word' id='word_1_136' title='bbox 1194 2179 1269 2235; x_wconf 80' lang='lat' dir='ltr'>prae·</span> 
     </span>
     <span class='ocr_line' id='line_1_17' title="bbox 209 2264 1300 2340; baseline 0.002 -22"><span class='ocrx_word' id='word_1_137' title='bbox 209 2265 303 2322; x_wconf 87' lang='lat' dir='ltr'>mortui</span> <span class='ocrx_word' id='word_1_138' title='bbox 326 2264 391 2322; x_wconf 86' lang='lat' dir='ltr'>iam</span> <span class='ocrx_word' id='word_1_139' title='bbox 418 2265 456 2321; x_wconf 91' lang='lat' dir='ltr'>sit</span> <span class='ocrx_word' id='word_1_140' title='bbox 478 2265 612 2340; x_wconf 85' lang='lat' dir='ltr'>pudoris,</span> <span class='ocrx_word' id='word_1_141' title='bbox 643 2284 702 2323; x_wconf 91' lang='lat' dir='ltr'>non</span> <span class='ocrx_word' id='word_1_142' title='bbox 728 2264 885 2323; x_wconf 82' lang='lat' dir='ltr'>facturum.</span> <span class='ocrx_word' id='word_1_143' title='bbox 928 2265 1002 2322; x_wconf 76' lang='lat' dir='ltr'>Hac</span> <span class='ocrx_word' id='word_1_144' title='bbox 1031 2264 1178 2339; x_wconf 77' lang='lat' dir='ltr'>consoles,</span> <span class='ocrx_word' id='word_1_145' title='bbox 1207 2266 1300 2324; x_wconf 77' lang='lat' dir='ltr'>breed</span> 
     </span>
     <span class='ocr_line' id='line_1_18' title="bbox 209 2368 1269 2446; baseline 0.002 -21"><span class='ocrx_word' id='word_1_146' title='bbox 209 2378 297 2442; x_wconf 88' lang='lat' dir='ltr'>patres</span> <span class='ocrx_word' id='word_1_147' title='bbox 326 2368 541 2441; x_wconf 67' lang='lat' dir='ltr'>vociferantum</span> <span class='ocrx_word' id='word_1_148' title='bbox 570 2371 622 2429; x_wconf 90' lang='lat' dir='ltr'>sed</span> <span class='ocrx_word' id='word_1_149' title='bbox 647 2371 713 2446; x_wconf 88' lang='lat' dir='ltr'>plus</span> <span class='ocrx_word' id='word_1_150' title='bbox 744 2369 887 2445; x_wconf 79' lang='lat' dir='ltr'>cupiditas</span> <span class='ocrx_word' id='word_1_151' title='bbox 916 2378 946 2434; x_wconf 82' lang='lat' dir='ltr'>et</span> <span class='ocrx_word' id='word_1_152' title='bbox 974 2377 1076 2426; x_wconf 83' lang='lat' dir='ltr'>auctor</span> <span class='ocrx_word' id='word_1_153' title='bbox 1102 2369 1269 2444; x_wconf 71' lang='lat' dir='ltr'>cupiditatis</span> 
     </span>
     <span class='ocr_line' id='line_1_19' title="bbox 211 2465 1267 2552; baseline 0.002 -20"><span class='ocrx_word' id='word_1_154' title='bbox 211 2474 336 2552; x_wconf 87' lang='lat' dir='ltr'>Scaptius</span> <span class='ocrx_word' id='word_1_155' title='bbox 358 2475 449 2536; x_wconf 80' lang='lat' dir='ltr'>ualet.</span> <span class='ocrx_word' id='word_1_156' title='bbox 496 2477 619 2534; x_wconf 80' lang='lat' dir='ltr'>Vocatae</span> <span class='ocrx_word' id='word_1_157' title='bbox 639 2465 731 2534; x_wconf 79' lang='lat' dir='ltr'>tribus</span> <span class='ocrx_word' id='word_1_158' title='bbox 753 2475 969 2546; x_wconf 76' lang='lat' dir='ltr'>iudicaverunt,</span> <span class='ocrx_word' id='word_1_159' title='bbox 997 2472 1100 2548; x_wconf 62' lang='lat' dir='ltr'>agrium</span> <span class='ocrx_word' id='word_1_160' title='bbox 1121 2475 1267 2550; x_wconf 85' lang='lat' dir='ltr'>publicum</span> 
     </span>
     <span class='ocr_line' id='line_1_20' title="bbox 210 2579 1300 2655; baseline -0.002 -19"><span class='ocrx_word' id='word_1_161' title='bbox 210 2581 300 2655; x_wconf 90' lang='lat' dir='ltr'>populi</span> <span class='ocrx_word' id='word_1_162' title='bbox 323 2581 453 2639; x_wconf 88' lang='lat' dir='ltr'>Romani</span> <span class='ocrx_word' id='word_1_163' title='bbox 475 2579 546 2638; x_wconf 76' lang='lat' dir='ltr'>esse.</span> <span class='ocrx_word' id='word_1_164' title='bbox 591 2583 657 2640; x_wconf 90' lang='lat' dir='ltr'>Nec</span> <span class='ocrx_word' id='word_1_165' title='bbox 679 2582 815 2640; x_wconf 87' lang='lat' dir='ltr'>abnuitur</span> <span class='ocrx_word' id='word_1_166' title='bbox 836 2582 879 2640; x_wconf 87' lang='lat' dir='ltr'>ita</span> <span class='ocrx_word' id='word_1_167' title='bbox 906 2581 1012 2652; x_wconf 73' lang='lat' dir='ltr'>fuisse,</span> <span class='ocrx_word' id='word_1_168' title='bbox 1040 2580 1066 2638; x_wconf 87' lang='lat' dir='ltr'>si</span> <span class='ocrx_word' id='word_1_169' title='bbox 1094 2580 1133 2637; x_wconf 87' lang='lat' dir='ltr'>ad</span> <span class='ocrx_word' id='word_1_170' title='bbox 1158 2579 1300 2639; x_wconf 73' lang='lat' dir='ltr'>iudicat</span> 
     </span>
     <span class='ocr_line' id='line_1_21' title="bbox 211 2670 1270 2762; baseline 0.002 -22"><span class='ocrx_word' id='word_1_171' title='bbox 211 2685 275 2742; x_wconf 86' lang='lat' dir='ltr'>elios</span> <span class='ocrx_word' id='word_1_172' title='bbox 294 2687 369 2744; x_wconf 87' lang='lat' dir='ltr'>itum</span> <span class='ocrx_word' id='word_1_173' title='bbox 390 2684 483 2756; x_wconf 83' lang='lat' dir='ltr'>foret3</span> <span class='ocrx_word' id='word_1_174' title='bbox 506 2705 582 2744; x_wconf 91' lang='lat' dir='ltr'>nunc</span> <span class='ocrx_word' id='word_1_175' title='bbox 602 2689 682 2746; x_wconf 89' lang='lat' dir='ltr'>haud</span> <span class='ocrx_word' id='word_1_176' title='bbox 703 2697 775 2746; x_wconf 80' lang='lat' dir='ltr'>sane</span> <span class='ocrx_word' id='word_1_177' title='bbox 788 2689 943 2762; x_wconf 89' lang='lat' dir='ltr'>quicquam</span> <span class='ocrx_word' id='word_1_178' title='bbox 958 2670 1036 2744; x_wconf 84' lang='lat' dir='ltr'>bono</span> <span class='ocrx_word' id='word_1_179' title='bbox 1048 2703 1144 2742; x_wconf 85' lang='lat' dir='ltr'>causae</span> <span class='ocrx_word' id='word_1_180' title='bbox 1156 2685 1270 2743; x_wconf 87' lang='lat' dir='ltr'>levatur</span> 
     </span>
     <span class='ocr_line' id='line_1_22' title="bbox 211 2784 1269 2872; baseline 0.002 -26"><span class='ocrx_word' id='word_1_181' title='bbox 211 2790 325 2872; x_wconf 83' lang='lat' dir='ltr'>dedecus</span> <span class='ocrx_word' id='word_1_182' title='bbox 342 2790 456 2860; x_wconf 78' lang='lat' dir='ltr'>iudicii3</span> <span class='ocrx_word' id='word_1_183' title='bbox 480 2791 568 2866; x_wconf 88' lang='lat' dir='ltr'>idque</span> <span class='ocrx_word' id='word_1_184' title='bbox 579 2811 637 2850; x_wconf 91' lang='lat' dir='ltr'>non</span> <span class='ocrx_word' id='word_1_185' title='bbox 649 2793 777 2852; x_wconf 80' lang='lat' dir='ltr'>Aricinis</span> <span class='ocrx_word' id='word_1_186' title='bbox 788 2784 1026 2864; x_wconf 78' lang='lat' dir='ltr'>Ardeatibusque</span> <span class='ocrx_word' id='word_1_187' title='bbox 1037 2809 1125 2864; x_wconf 91' lang='lat' dir='ltr'>quam</span> <span class='ocrx_word' id='word_1_188' title='bbox 1138 2790 1269 2867; x_wconf 85' lang='lat' dir='ltr'>patribus</span> 
     </span>
     <span class='ocr_line' id='line_1_23' title="bbox 211 2894 1272 2972; baseline 0.002 -20"><span class='ocrx_word' id='word_1_189' title='bbox 211 2895 342 2953; x_wconf 81' lang='lat' dir='ltr'>Romanis</span> <span class='ocrx_word' id='word_1_190' title='bbox 364 2894 470 2954; x_wconf 71' lang='lat' dir='ltr'>foedius</span> <span class='ocrx_word' id='word_1_191' title='bbox 493 2904 579 2971; x_wconf 86' lang='lat' dir='ltr'>atque</span> <span class='ocrx_word' id='word_1_192' title='bbox 602 2898 734 2957; x_wconf 86' lang='lat' dir='ltr'>acerbius</span> <span class='ocrx_word' id='word_1_193' title='bbox 749 2898 853 2956; x_wconf 88' lang='lat' dir='ltr'>visum.</span> <span class='ocrx_word' id='word_1_194' title='bbox 887 2895 1043 2970; x_wconf 80' lang='lat' dir='ltr'>Reliquum</span> <span class='ocrx_word' id='word_1_195' title='bbox 1059 2897 1128 2955; x_wconf 90' lang='lat' dir='ltr'>anni</span> <span class='ocrx_word' id='word_1_196' title='bbox 1142 2897 1272 2972; x_wconf 85' lang='lat' dir='ltr'>quietum</span> 
     </span>
     <span class='ocr_line' id='line_1_24' title="bbox 211 3000 927 3063; baseline 0.013 -9"><span class='ocrx_word' id='word_1_197' title='bbox 211 3000 242 3056; x_wconf 86' lang='lat' dir='ltr'>ab</span> <span class='ocrx_word' id='word_1_198' title='bbox 263 3001 381 3059; x_wconf 84' lang='lat' dir='ltr'>urbanis</span> <span class='ocrx_word' id='word_1_199' title='bbox 403 3001 530 3059; x_wconf 90' lang='lat' dir='ltr'>motibus</span> <span class='ocrx_word' id='word_1_200' title='bbox 552 3005 639 3062; x_wconf 82' lang='lat' dir='ltr'>stab</span> <span class='ocrx_word' id='word_1_201' title='bbox 662 3003 789 3062; x_wconf 82' lang='lat' dir='ltr'>externis</span> <span class='ocrx_word' id='word_1_202' title='bbox 811 3002 927 3063; x_wconf 88' lang='lat' dir='ltr'>mansit.</span> 
     </span>
    </p>
   </div>
   <div class='ocr_carea' id='block_1_3' title="bbox 649 3211 766 3264">
    <p class='ocr_par' dir='ltr' id='par_1_3' title="bbox 649 3211 766 3264">
     <span class='ocr_line' id='line_1_25' title="bbox 649 3211 766 3264; baseline 0.009 -1"><span class='ocrx_word' id='word_1_203' title='bbox 649 3211 766 3264; x_wconf 34' lang='lat' dir='ltr'>sb,</span> 
     </span>
    </p>
   </div>
   <div class='ocr_carea' id='block_1_4' title="bbox 637 3305 834 3315">
    <p class='ocr_par' dir='ltr' id='par_1_4' title="bbox 637 3305 834 3315">
     <span class='ocr_line' id='line_1_26' title="bbox 637 3305 834 3315; baseline 0 -1"><span class='ocrx_word' id='word_1_204' title='bbox 637 3305 834 3315; x_wconf 56' lang='lat' dir='ltr'>mu.-</span> 
     </span>
    </p>
   </div>
   <div class='ocr_carea' id='block_1_5' title="bbox 0 0 1707 5084">
    <p class='ocr_par' dir='ltr' id='par_1_5' title="bbox 0 0 1707 5084">
     <span class='ocr_line' id='line_1_27' title="bbox 0 0 1707 5084; baseline 0 0"><span class='ocrx_word' id='word_1_205' title='bbox 0 0 1707 5084; x_wconf 95' lang='lat' dir='ltr'> </span> 
     </span>
    </p>
   </div>
  </div>
 </body>
</html>
