3392 5084
447 492 487 548 94
694 485 773 536 Liber
789 486 825 536 IL
861 486 905 550 (Δ.
924 501 948 536 u.
968 501 989 536 c.
1008 487 1169 549 etl-²68.)

355 674 392 730 10
490 671 603 730 Eodem
625 689 704 728 anno
725 670 864 746 Agrippa
887 670 1041 728 Menenius
1062 671 1200 740 moritur,
1230 669 1276 726 vir
1303 667 1383 727 omni
1410 668 1469 726 vite

407 777 516 852 pariter
535 776 668 852 patribus
690 793 726 834 ac
742 775 823 851 plebi
844 794 947 848 carus,
976 784 1044 852 post
1064 776 1257 834 suessionem
1280 773 1377 832 carior
1396 773 1469 849 plebi

359 881 514 940 illectus.
557 881 635 938 Huic
656 880 808 956 interpreti
828 880 999 956 arbitroque
1025 879 1188 940 concordie
1220 880 1345 950 civium,
1377 879 1469 955 legato

407 995 523 1062 patrum
545 986 585 1043 ad
605 987 730 1062 plebem,
753 984 900 1044 reductori
923 985 1018 1060 plebis
1038 987 1180 1046 Romanae
1201 987 1232 1042 in
1253 986 1357 1044 urbem
1378 1003 1470 1060 sump-

407 1100 455 1148 tus
484 1090 580 1149 funeri
612 1089 717 1160 deiuit;
754 1090 859 1149 extulit
880 1110 945 1150 eum
973 1091 1056 1167 plebs
1086 1090 1270 1148 sextantibus
1301 1090 1413 1148 collatis
1441 1088 1471 1144 iu

408 1196 515 1271 capita.

313 1295 359 1364 34
495 1300 638 1360 Consules
669 1300 774 1358 deinde
806 1301 843 1360 T.
873 1299 1035 1376 Geganius,
1066 1301 1103 1358 P.
1135 1300 1280 1358 llinucius
1302 1299 1384 1360 facti.
1428 1299 1473 1358 Eo

216 1383 252 1504 d
266 1386 400 1500 diedo?
412 1425 489 1464 anno
511 1425 602 1481 quum
622 1413 652 1464 et
671 1404 744 1462 loris
769 1404 868 1480 quieta
889 1403 988 1461 omnia
1002 1421 1020 1460 a
1035 1405 1112 1464 ballo
1127 1414 1223 1462 essent
1236 1413 1267 1461 et
1280 1405 1361 1462 domi
1375 1413 1474 1462 sanata

380 1507 567 1581 2discordia,
588 1511 667 1568 aliud
690 1511 780 1567 multo
801 1509 922 1585 gravim
943 1507 1051 1566 melum
1070 1510 1218 1568 civitatem
1233 1510 1352 1580 invasit,
1373 1509 1475 1566 caritas

301 1661 306 1670 .
410 1616 536 1692 primum
558 1633 682 1674 annonae
703 1634 740 1672 ex
760 1615 877 1674 incultis
892 1633 946 1690 per
959 1614 1151 1674 secessionem
1165 1615 1259 1690 plebis
1275 1614 1365 1689 agris,
1386 1613 1475 1672 fames

381 1721 399 1777 t
412 1720 526 1791 deinde,
550 1720 645 1794 qualis
656 1738 720 1778 esse
730 1720 838 1778 clausis
849 1721 935 1780 solet.
977 1721 1165 1794 Ventumque
1175 1720 1215 1776 ad
1228 1720 1377 1778 interitum
1388 1717 1474 1776 servi-

412 1827 518 1884 tiorum
532 1826 633 1900 utique
653 1835 682 1883 et
703 1825 796 1901 plebis
818 1836 904 1897 esset,
925 1826 956 1884 ni
977 1827 1111 1886 consules
1134 1824 1341 1901 providissent,
1356 1824 1477 1882 dimissis

412 1931 522 2007 passim
550 1931 589 1988 ad
612 1929 789 1988 frumenmm
821 1932 1028 2002 coemendum,
1060 1950 1120 1990 uon
1154 1931 1184 1988 iu
1210 1929 1360 1987 Etruriam
1393 1928 1476 1986 modo

414 2035 525 2093 dextris
546 2037 584 2094 ab
607 2034 692 2095 Ostia
723 2035 885 2108 littoribus,
911 2037 1045 2112 lavoque
1073 2053 1127 2111 per
1147 2035 1274 2093 Volscos
1295 2033 1477 2108 mariusque

415 2141 454 2198 ad
476 2139 595 2212 Cumas,
617 2140 670 2198 sed
692 2137 875 2218 [quesitum]
897 2142 928 2198 in
950 2141 1079 2202 Siciliam
1101 2158 1233 2216 quoque;
1255 2139 1331 2197 adeo
1346 2138 1477 2196 finitimo-

385 2249 479 2304 4rum
501 2246 570 2303 odia
590 2245 755 2320 longinquis
777 2255 934 2321 coegerant
959 2245 1090 2322 indigere
1116 2244 1241 2304 auxiliis.
1291 2245 1479 2302 Frumentum
1526 2265 1527 2296 ι

416 2351 516 2410 Cumis
538 2369 628 2426 quum
650 2357 815 2425 coemptum
835 2360 928 2423 esset,
958 2369 1050 2410 naras
1072 2371 1127 2428 pro
1148 2351 1233 2408 bonis
1255 2349 1479 2424 Tarquiniorum

416 2459 455 2516 ab
476 2457 665 2516 Aristodemo
686 2463 820 2531 tyranno,
843 2457 894 2530 qni
914 2457 999 2514 heres
1020 2466 1092 2528 erat,
1114 2463 1233 2514 retente
1254 2464 1336 2526 sunt3
1355 2455 1385 2512 in
1411 2453 1481 2511 Vol·
1526 2475 1527 2487 ¹

416 2565 473 2620 scis
485 2560 703 2636 Pomptinoque
716 2579 754 2618 ne
774 2561 831 2619 emi
853 2561 970 2637 quidem
992 2563 1099 2638 potuit3
1122 2560 1283 2637 periculum
1307 2578 1426 2636 quoque
1447 2559 1481 2616 ab

386 2668 527 2743 5impetu
547 2665 697 2728 hominum
718 2666 790 2742 ipsis
810 2666 1069 2725 frumentatoribus
1093 2665 1162 2742 fuit3
1184 2686 1222 2724 ex
1236 2666 1343 2725 Tuscis
1357 2665 1482 2726 lcumen-

416 2783 479 2830 tum
500 2771 602 2830 Tiberi
628 2771 722 2843 venit,
753 2790 790 2828 eo
812 2779 976 2830 sustentata
996 2781 1041 2832 ast
1061 2771 1154 2847 plebs.
1195 2771 1389 2830 Incommode
1410 2770 1482 2828 bello

417 2877 448 2935 in
468 2886 529 2934 tam
550 2877 622 2934 artis
643 2877 854 2936 commeatibus
875 2877 976 2935 vexati
996 2877 1102 2947 forent,
1132 2876 1163 2934 ni
1184 2876 1311 2935 Volscos
1342 2879 1401 2936 iam
1424 2895 1482 2935 mo·
1525 2907 1526 2958 ᾗ

388 2990 626 3051 evantessarma
646 2981 812 3056 pestilentia
831 2983 934 3058 ingens
955 2984 1119 3042 invasisset.
1165 2983 1213 3040 Ea
1227 2965 1311 3042 clade
1325 2981 1484 3041 conterritis

418 3087 545 3145 hostium
567 3087 687 3158 animis,
718 3095 750 3145 nt
776 3088 880 3160 etiem,
909 3089 960 3147 ubi
987 3107 1024 3148 ea
1052 3088 1224 3160 remisisset,
1254 3097 1368 3146 terrore
1389 3086 1484 3160 aliquo

419 3200 594 3262 tenerentur,
616 3199 646 3248 et
659 3192 781 3250 Velitris
802 3211 912 3251 auxere
933 3212 1085 3252 numerum
1107 3193 1277 3252 colonorum
1299 3192 1439 3263 Romani,
1460 3199 1486 3248 et

420 3299 555 3357 Norbam
576 3297 607 3355 in
633 3305 748 3355 montes
775 3316 884 3356 novam
916 3298 1075 3372 coloniam,
1108 3318 1174 3374 que
1195 3318 1250 3356 arx
1261 3299 1303 3378 ,in
1329 3297 1485 3374 Pomptino

421 3412 506 3473 esset,
526 3403 676 3460 miserunt.

268 3581 277 3593 κ
392 3513 408 3566 7
505 3509 548 3566 Μ.
569 3507 699 3565 Minucio
727 3507 832 3566 deiude
860 3517 900 3566 et*
917 3510 958 3568 A.
982 3508 1155 3585 Sempronio
1186 3493 1353 3568 consulibus
1382 3525 1487 3584 magna

229 3604 263 3721 ἒ·
279 3595 410 3720 aaz?
424 3614 470 3672 vis
491 3613 629 3672 frumenti
652 3632 690 3670 ex
701 3612 802 3672 Sicilia
823 3613 957 3685 advecta,
982 3615 1182 3690 agitatumque
1202 3615 1233 3672 in
1253 3622 1368 3684 senatu,
1390 3611 1487 3688 quanti

260 3711 266 3723 ’
321 3701 328 3717 ’
392 3696 503 3797 §plebi
524 3721 651 3776 daretur.
693 3717 781 3776 Multi
800 3719 915 3776 venisse
936 3721 1226 3796 tempuspremaudae
1240 3718 1334 3796 plebis
1348 3719 1488 3794 putabant
1524 3725 1525 3742 ¹

422 3824 672 3901 recuperandique
691 3824 771 3894 iura,
803 3843 869 3898 qum
902 3833 1018 3883 extorto
1050 3826 1213 3884 secessione
1246 3843 1281 3882 ec
1308 3823 1340 3880 vi
1360 3821 1488 3898 patribus

422 3939 528 3989 essent.
571 3929 719 4006 Imprimis
743 3930 873 3988 Marcius
897 3927 1080 4000 Coriolanus,
1112 3931 1205 3990 hostis
1226 3929 1388 3988 tribuniciae
1408 3936 1488 4004 pote·

393 4037 523 4106 9statis,
558 4035 611 4105 ,Si
631 4038 796 4092 annonam“
819 4035 915 4110 inquit
937 4043 1082 4104 „veterem
1110 4036 1228 4107 volunt,
1262 4035 1308 4092 ius
1338 4033 1486 4110 pristinum

424 4142 547 4200 reddant
567 4140 709 4217 patribus.
755 4138 817 4198 Cur
838 4158 894 4216 ego
915 4141 1046 4216 plebeios
1068 4142 1266 4218 magistratus,
1287 4156 1340 4198 cur
1354 4139 1489 4199 Sicinium

426 4255 574 4322 potentem
606 4246 708 4315 video,
736 4245 912 4320 subiugum
934 4246 1055 4316 missus,
1087 4253 1228 4321 tanquam
1261 4246 1300 4304 ab
1331 4245 1488 4304 latronibus
