3392 5084
491 459 570 509 Liber
587 459 635 509 lv.
679 458 724 522 (Α.
740 457 786 508 ch.
801 461 965 522 tta-4⁴1.)
1166 462 1224 519 tot

279 643 445 718 AEquavit‚
471 645 549 718 quod
571 643 651 702 haud
672 640 758 700 facile
780 651 832 715 est,
854 643 1007 717 Quinctius
1028 645 1131 704 consul
1151 646 1298 719 togatus8

201 749 304 814 armati
335 749 462 824 gloriam
493 748 626 824 collega,
656 739 727 830 qnia
755 749 917 807 concordius
943 751 1084 827 pacisque
1104 750 1269 810 domestice

200 871 305 924 curum,
328 855 395 912 iura
416 853 523 912 infimis
545 854 723 928 summisque
745 855 934 926 moderando,
955 857 998 913 ite
1019 857 1126 928 tenuit,
1146 866 1180 914 ut
1200 875 1267 914 eum

201 966 225 1014 ot
243 967 345 1033 petros
367 977 504 1016 severum
526 960 673 1018 consulem
695 968 725 1016 et
744 959 826 1034 plebs
847 960 919 1017 setis
941 979 1053 1018 comem
1083 962 1265 1020 crediderint

200 1063 235 1120 Et
255 1065 400 1122 adversus
421 1064 555 1121 tribunos
577 1065 750 1122 auctoritate
771 1064 857 1139 plura
878 1084 966 1140 qnam
988 1067 1146 1124 certamine
1160 1067 1297 1136 tenuit;9

200 1167 324 1242 quinque
346 1169 518 1226 consulatus
540 1169 641 1226 eodem
664 1177 764 1226 tenore
784 1169 859 1245 gesti
879 1171 999 1245 vitaque
1020 1173 1113 1230 omnis
1132 1174 1266 1230 consula·

199 1274 263 1330 riter
285 1284 354 1332 acta
376 1273 536 1331 verendum
558 1292 640 1348 paens
660 1274 756 1349 ipsum
777 1274 872 1350 magis
893 1293 981 1350 quam
1010 1278 1150 1335 bonorem
1176 1276 1265 1335 lucie·

199 1380 273 1436 bant.
323 1380 372 1437 Ec
394 1379 577 1436 tribunorum
599 1378 766 1435 militarium
787 1379 868 1436 nulla
893 1381 1000 1438 mentio
1028 1383 1074 1439 his
1095 1379 1266 1442 ¹consulibus

199 1483 263 1553 init3
285 1474 423 1542 consules
446 1495 545 1542 creent
566 1485 608 1542 M.
632 1459 758 1542 Fabium
771 1484 961 1556 Vibulanum,
982 1487 1155 1546 Postumum
1169 1490 1267 1547 AEbu·
1324 1467 1359 1535 ῙῙ

201 1591 266 1647 tium
288 1591 487 1652 cornicinem.
535 1589 647 1648 Fabius
674 1598 703 1646 et
730 1589 870 1648 AEbntius
896 1592 1045 1665 consules,
1077 1612 1135 1668 quo
1163 1594 1267 1652 maiori
1278 1554 1444 1676 {234¹ss

201 1697 295 1769 glorias
324 1715 424 1754 rerum
448 1695 529 1752 domi
549 1694 680 1768 lorisque
701 1702 848 1769 gesturum
871 1699 1025 1756 succedere
1048 1717 1080 1756 se
1101 1696 1297 1770 cernebantl

201 1803 323 1860 maxime
361 1809 463 1859 autem
498 1799 715 1858 memorabilem
752 1817 860 1858 annum
892 1802 971 1877 apud
1001 1803 1140 1862 finitimos
1171 1806 1268 1864 socios

201 1906 352 1981 hostesque
373 1924 455 1976 esse,
485 1906 563 1981 quod
587 1906 767 1964 Ardeatibus
796 1907 826 1964 in
854 1925 887 1963 re
913 1908 1054 1984 precipiti
1080 1918 1163 1968 tanta
1191 1910 1269 1968 foret

203 2028 265 2068 curs
287 2012 482 2082 subventum,
503 2029 538 2068 eo
562 2011 737 2087 impensius,
759 2020 791 2068 ut
812 2011 941 2069 delerent
960 2031 1080 2087 prorsus
1104 2033 1141 2071 ex
1162 2016 1298 2074 animis3

201 2116 343 2174 hominum
376 2115 532 2174 infamiam
567 2115 680 2188 iudicii,
713 2123 831 2174 senatus
860 2117 1023 2175 consultum
1052 2118 1197 2190 fecerunt,
1227 2130 1268 2192 ut,

203 2223 335 2294 qnoniam
357 2222 465 2280 civitas
485 2221 659 2280 Ardeatium
681 2222 818 2279 intestino
836 2223 961 2281 tumultu
973 2225 1094 2281 redacta
1108 2225 1146 2282 ad
1157 2244 1268 2300 paucos

204 2335 287 2396 esset,
315 2328 416 2385 coloni
437 2346 473 2384 eo
495 2327 624 2402 praesidii
646 2345 736 2384 causa
757 2327 897 2384 adversus
918 2326 1045 2384 Volscos
1066 2330 1268 2388 scriberentur.

205 2431 264 2489 Hoc
283 2434 385 2508 palam
406 2434 533 2492 relatum
554 2433 584 2490 in
605 2432 736 2506 tabulas,
757 2440 790 2490 ut
811 2431 924 2506 plebem
947 2433 1136 2509 tribunosque
1156 2434 1299 2496 falleretl

205 2535 293 2596 iudicii
314 2539 501 2598 rescindendi
522 2539 673 2598 consilium
700 2537 820 2605 initum
850 2548 1058 2596 consenserant
1082 2549 1200 2614 autem,
1229 2551 1269 2614 ut,

204 2644 287 2701 multo
316 2645 431 2702 maiore
459 2653 545 2720 parte
565 2643 739 2702 Rutulorum
767 2642 937 2716 colonorum
959 2662 1047 2717 quem
1068 2646 1269 2704 Romanorum

205 2749 322 2824 scriptu,
354 2769 410 2808 nec
443 2769 516 2825 ager
547 2750 622 2806 ullus
653 2749 830 2806 divideretur
860 2747 915 2804 nisi
942 2747 983 2818 is,
1014 2749 1065 2822 qni
1092 2751 1269 2827 interceptus

204 2852 303 2912 iudicio
325 2854 432 2914 insumi
453 2863 525 2926 erat,
546 2873 599 2922 nec
622 2853 672 2912 ulli
693 2853 773 2929 prius
796 2855 930 2910 Romano
952 2853 1003 2924 ibi,
1024 2873 1113 2929 quem
1135 2856 1269 2942 omnibus

205 2957 312 3018 Rutulis
336 2961 449 3019 divisus
471 2970 563 3030 esset,
589 2961 678 3036 gleba
704 2960 765 3016 ullu
793 2958 858 3033 agri
878 2957 1085 3033 assignaretur.
1128 2960 1177 3020 Sic
1198 2968 1300 3036 eger5

207 3065 238 3120 sd
258 3067 407 3124 Ardeates
429 3066 525 3124 rediit.
569 3064 731 3124 Triumviri
752 3064 790 3120 ud
812 3063 956 3120 coloniam
971 3064 1103 3122 Ardeam
1125 3065 1269 3123 deducen·

207 3169 266 3228 dam
289 3172 381 3230 creati
402 3171 542 3246 Agrippa
560 3169 723 3238 Menenius,
745 3169 782 3226 T.
795 3166 914 3225 Cloelius
927 3168 1052 3240 Siculus,
1075 3172 1118 3230 M.
1127 3172 1269 3229 AEbntius
1337 3183 1347 3198 ⁹

206 3273 284 3332 Elva.
327 3277 386 3350 Qui
409 3297 464 3353 per
485 3277 603 3334 minime
623 3274 766 3351 populare
787 3273 986 3343 ministerium,
1008 3271 1300 3350 agroassignnndot

207 3381 294 3451 sociis,
313 3401 402 3456 quem
424 3381 551 3457 populus
573 3382 724 3438 Romanus
745 3395 830 3434 suum
851 3378 1021 3450 iudicasset,
1043 3398 1132 3454 quum
1154 3379 1269 3455 plebem

209 3484 397 3558 offendissent,
420 3504 457 3544 ne
480 3485 656 3562 primoribus
679 3484 794 3558 quidem
813 3491 929 3558 patrum
951 3483 1023 3540 satis
1045 3485 1167 3560 accepti,
1190 3486 1269 3560 quod

209 3591 271 3649 nibil
291 3593 394 3668 gratiss
416 3591 590 3666 cuiusquam
611 3587 966 3659 consummationes,
988 3588 1027 3645 ad
1048 3586 1301 3663 populantium?

211 3694 251 3776 sq
269 3697 346 3756 uua
368 3699 407 3755 ab
430 3696 571 3765 mouns,
599 3671 694 3754 coloni
721 3692 861 3767 aucupa
886 3693 1062 3750 remanendo
1084 3693 1115 3750 in
1144 3694 1269 3765 colonia,

212 3817 287 3874 quam
308 3811 412 3862 testem
435 3801 611 3876 integritatis
631 3799 805 3872 iustitiaeque
826 3798 983 3869 habebant,
1005 3780 1146 3859 vitavere.

282 3910 349 3966 Pax
371 3907 453 3968 domi
479 3905 610 3981 forisque
636 3905 692 3963 luit
720 3913 749 3960 et
778 3904 834 3961 hoc
861 3911 890 3958 ct
914 3902 1083 3977 insequente
1110 3923 1202 3974 anno,
1233 3903 1268 3966 C.
1323 3893 1364 3964 12

211 4008 289 4068 vrso
308 4013 413 4072 ramo
435 4023 466 4071 a
487 4013 530 4070 M.
552 4011 674 4087 Papirio
696 4008 805 4068 crasso
833 4007 1008 4066 consulibus.
1057 4009 1133 4066 mu
1154 4012 1192 4067 ab
1216 4011 1268 4068 ‹10-
1279 3982 1377 4100 23¹3&
1388 3982 1448 4102 {13

212 4117 333 4176 cemviris
353 4137 409 4194 per
430 4118 624 4176 secessionem
646 4115 739 4191 plebis
762 4133 780 4170 u
800 4113 933 4189 putribus
952 4132 990 4170 ex
1003 4122 1121 4172 senatus
1135 4116 1268 4174 consulto

213 4220 263 4277 voti
290 4241 325 4280 so
356 4241 435 4280 enno
467 4221 539 4280 lacti
571 4229 646 4279 sunt
695 4218 793 4277 Causa
820 4216 995 4276 seditionum
1025 4220 1220 4296 nequicquam
1252 4219 1301 4278 ad
