3392 5084
686 558 764 607 Liber
785 558 807 607 Ι.
1193 560 1228 617 21

234 762 267 799 ce
286 741 413 811 maxime,
435 760 500 816 quze
528 761 603 799 nnnc
630 742 667 799 ad
694 743 811 801 Dialem
840 742 985 801 flaminem
1016 742 1168 817 pertinent.
1214 742 1305 803 Sedu

234 849 293 922 quia
312 848 339 905 in
359 848 475 905 civitate
496 848 635 906 bellicosa
655 848 753 923 plures
782 848 901 908 Romuli
932 866 1019 921 quam
1041 848 1147 906 Numae
1167 848 1274 907 similes

236 973 307 1029 reges
324 955 445 1029 putabat
464 953 546 1023 fore,
567 954 716 1028 iturosque
736 955 817 1031 ipsos
836 957 885 1013 ad⁴
897 954 988 1025 bella,
1020 972 1056 1011 ne
1081 971 1167 1012 sacra
1188 955 1275 1029 regiae

236 1060 296 1115 vicis
320 1061 535 1130 desererentur,x
561 1060 706 1119 flaminem
739 1062 805 1118 Iovi
836 1061 984 1119 assiduum
1012 1060 1191 1117 sacerdotem
1213 1078 1274 1117 cre-

237 1165 285 1222 avit
303 1165 461 1241 insignique
482 1186 547 1225 eum
564 1173 643 1223 vesto
660 1176 688 1224 et
708 1167 800 1224 curuli
821 1166 903 1243 regia
917 1166 991 1223 sella
1003 1165 1165 1225 adornavit.
1196 1166 1274 1224 Huic

235 1272 296 1328 duos
315 1273 443 1329 tlamincs
465 1272 579 1343 adiecit,
601 1271 690 1330 Marti
712 1292 809 1344 unum,
831 1274 953 1329 alterum
976 1271 1112 1345 Quirino,
1134 1272 1305 1347 virgines-3

235 1396 281 1450 que
299 1378 393 1434 Veste
413 1377 498 1452 legit,
519 1378 600 1436 Albo
621 1378 773 1436 oriundum
795 1378 988 1437 sacerdotium
1020 1386 1049 1435 et
1074 1378 1153 1453 genti
1176 1378 1274 1437 condi-

236 1484 293 1539 toris
310 1484 385 1559 lqaud
408 1484 544 1541 alienum.
590 1485 648 1551 Iis,
676 1492 709 1540 ut
738 1485 862 1543 assiduae
882 1484 981 1559 templi
1004 1482 1145 1541 antistites
1169 1491 1273 1554 essent,

231 1589 387 1663 stipendium
412 1590 448 1645 de
469 1590 586 1665 publico
616 1591 732 1661 statuit;
760 1591 925 1667 virginitate
956 1588 1077 1665 aliisque
1099 1590 1271 1647 caerimoniis

236 1695 394 1752 venerabiles
423 1714 458 1753 ac
488 1704 606 1751 sanctas
639 1695 716 1754 fecit.
775 1696 870 1757 Salios
903 1695 970 1751 item
1000 1695 1151 1754 duodecim
1181 1695 1304 1754 Martii

237 1799 349 1857 Gradivo
370 1802 449 1877 legit,
470 1801 630 1875 tunicaeque
644 1803 729 1876 pictae
748 1802 861 1876 insigne
883 1799 962 1857 dedit
984 1808 1012 1857 et
1038 1818 1125 1877 super
1144 1802 1271 1859 tunicam

237 1925 336 1963 aeneum
357 1906 468 1983 pectori
489 1916 640 1983 tegumen:
669 1907 852 1982 caelestiaque
879 1893 1071 1981 arma‚'q11ae
1094 1906 1198 1965 ancilia
1220 1926 1272 1985 ap·

236 2012 373 2085 pellantur,
402 2011 479 2069 ferre
501 2032 535 2069 ac
556 2032 608 2088 per
631 2014 731 2069 urbem
759 2013 802 2071 ire
828 2022 963 2069 canentes
986 2012 1115 2069 carmina
1135 2032 1199 2071 cum
1221 2014 1272 2070 tri-

237 2118 312 2189 pudiis
332 2119 521 2193 sollemnique
548 2118 654 2174 saltatu
681 2119 773 2179 iussit.
816 2120 987 2177 Pontificem
1014 2118 1116 2175 deinde
1143 2120 1303 2183 Numam5

237 2222 359 2280 Marcium
388 2225 484 2281 Marci
511 2224 599 2280 filium
623 2243 660 2280 ex
687 2224 819 2300 patribus
847 2224 918 2298 legit
951 2224 1033 2298 eique
1061 2241 1144 2282 secra
1174 2225 1271 2282 omnis

238 2329 362 2404 exscripta
382 2329 594 2405 exsignataque
612 2329 751 2399 attribuit,
773 2332 877 2405 quibus
901 2330 1012 2399 hostiis,
1035 2330 1138 2405 quibus
1161 2330 1270 2400 diebus,

239 2435 342 2508 adque
362 2436 472 2510 templa
492 2454 577 2492 sacre
597 2437 712 2503 fierent,
737 2445 824 2511 atque
848 2436 924 2494 unde
946 2436 975 2493 in
998 2454 1047 2493 eos
1069 2444 1199 2511 sumptus
1220 2455 1271 2511 pc·
1359 2456 1368 2483 t

233 2540 304 2596 cunia
322 2553 497 2616 erogaretur.
549 2540 654 2598 Cetera
683 2559 798 2615 quoque
829 2542 927 2599 omnia
955 2542 1073 2618 publica
1100 2542 1305 2617 privataque6

235 2660 303 2702 sacra
321 2646 464 2722 pontificis
485 2645 564 2703 scitis
586 2646 720 2718 subiecit,
740 2656 775 2720 pt
790 2656 883 2717 esset,
906 2666 964 2722 quo
988 2647 1150 2705 consultum
1173 2648 1272 2723 plebes

235 2752 333 2821 veniret
353 2773 390 2810 ne
413 2754 481 2827 quid
504 2752 593 2809 divini
613 2751 684 2809 iuris
698 2752 870 2827 negligendo
885 2754 996 2829 patrios
1007 2754 1078 2811 ritus
1089 2753 1271 2829 peregrinos·

233 2873 280 2927 que
298 2859 480 2916 adsciscendo
495 2862 674 2926 turbaretur3
695 2876 748 2915 nec
760 2859 886 2917 caelestes
907 2861 994 2917 modo
1008 2859 1196 2927 cerimonias,
1219 2859 1270 2915 scd
1286 2861 1300 2913 7

235 2959 297 3019 iusta
317 2983 430 3039 quoque
450 2963 583 3021 funebria
608 2964 824 3040 placandosque
852 2986 951 3024 manes
980 2976 1011 3023 ut
1037 2965 1114 3022 idem
1141 2962 1272 3039 pontifex

236 3066 361 3138 edoceret,
392 3089 515 3144 quaeque
542 3070 678 3145 prodigia
698 3070 864 3129 fulminibus
897 3072 991 3131 aliove
1017 3091 1075 3146 quo
1097 3071 1162 3128 visu
1183 3071 1273 3127 missa

233 3173 427 3248 susciperentur
448 3183 536 3249 atque
560 3185 739 3233 cruerentur.
783 3177 832 3234 Ad
854 3198 889 3235 ee
911 3179 1050 3236 elicienda
1071 3194 1108 3232 ex
1129 3173 1271 3231 mentibus

237 3275 320 3344 divinis
338 3280 405 3337 Iovi
430 3280 524 3338 Elicio
555 3300 636 3338 aram
657 3282 687 3338 in
709 3284 857 3341 Aventino
884 3284 1005 3353 dicavit,
1034 3283 1177 3355 deumque
1203 3299 1272 3337 con·

235 3381 306 3439 sulnit
325 3386 460 3461 auguriis,
484 3406 548 3461 quse
570 3388 753 3463 suscipienda
773 3400 877 3450 essent.

302 3492 431 3549 Adhaec
452 3479 643 3550 cbnsultanda
673 3494 915 3568 procurandaque
942 3492 1121 3549 multitudine
1153 3492 1232 3549 omni
1254 3512 1272 3549 a

235 3590 299 3650 viet
317 3597 403 3653 armis
425 3615 575 3663 conversa,
599 3606 627 3654 et
652 3598 740 3666 animi
762 3599 870 3674 aliquid
893 3599 1005 3673 agendo
1027 3598 1161 3673 occupati
1181 3608 1271 3664 eraut,

235 3705 259 3751 et
273 3698 383 3758 deorum
405 3702 523 3759 assidua
532 3703 660 3761 insidens
680 3724 759 3775 cura,
780 3722 869 3780 quum
880 3702 1017 3759 interesse
1038 3705 1124 3761 rebus
1138 3705 1271 3762 humanis

235 3804 328 3863 celeste
347 3827 454 3863 numen
476 3808 637 3884 videretur,
659 3829 695 3867 ea
716 3812 823 3885 pietate
843 3808 970 3865 omnium
984 3816 1103 3882 pectora
1115 3810 1272 3888 imbuerat,

234 3918 260 3962 nt
276 3911 338 3969 tides
363 3932 397 3969 ac
413 3913 611 3970 iusiurandum
628 3935 682 3990 pro
703 3916 831 3973 obnoxio
853 3913 949 3989 legum
966 3931 1001 3970 ac
1014 3932 1171 3988 poenarum
1194 3925 1272 3971 metu

235 4013 360 4074 civitatem
381 4027 523 4093 regerent
568 4018 609 4075 Et
638 4040 725 4096 quum
748 4022 803 4096 ipsi
833 4038 865 4075 se
886 4019 1017 4075 homines
1038 4020 1067 4075 iu
1088 4020 1164 4094 regis
1194 4019 1303 4085 velut2

236 4120 297 4178 unici
316 4126 437 4200 exempli
459 4143 554 4185 mores
575 4123 743 4193 formarent,
765 4133 825 4179 tum
847 4123 962 4181 finitimi
984 4125 1069 4181 etiam
1091 4125 1200 4200 populi,
1222 4126 1272 4198 qui

235 4234 306 4283 antee
325 4242 434 4300 castra,
452 4249 523 4288 ·non
545 4231 645 4287 urbem
668 4231 794 4305 positam
824 4229 853 4285 in
882 4228 977 4285 medio
1000 4229 1037 4286 ad
1062 4229 1271 4287 sollicitandam

234 4333 344 4391 sonum
366 4355 467 4410 pacem
490 4336 685 4403 crediderant,
706 4336 736 4391 in
757 4354 821 4393 eam
843 4333 1178 4393 verecundiam‘ndducti
1197 4344 1272 4404 sunt,
