3392 5084
467 522 504 579 22
725 518 803 569 Liber
818 517 867 567 Vl.
904 517 983 581 (Aa.
993 517 1184 577 atto—872.)

424 703 569 773 citaretur,
601 710 630 761 et
651 722 717 761 reus
739 704 777 761 ad
799 701 974 779 Capitolium
997 643 1100 759 marius
1120 700 1240 758 tendens
1262 701 1301 757 ab
1320 700 1480 757 bominibus

426 808 465 866 ad
486 808 556 865 deos
575 826 675 883 preces
697 808 857 876 avertisset,
869 806 1015 882 apparuit
1031 799 1162 878 tribunis,
1186 805 1242 863 nisi
1256 805 1355 863 oculos
1369 824 1484 879 quoquc

427 913 575 973 hominum
608 913 778 971 liberassent
810 911 883 967 tanti
913 911 1054 969 memoria
1083 912 1211 981 decoris,
1243 928 1393 985 nunquam
1424 908 1485 967 fore

379 1030 413 1085 11
428 1019 459 1075 iu
490 1018 698 1095 praeoccupatis
730 1016 869 1075 beneficio
900 1016 1003 1075 animis
1036 1036 1107 1075 vero
1133 1016 1247 1075 crimini
1276 1017 1383 1075 locum.
1441 1016 1486 1071 lta

428 1125 561 1202 prodicta
583 1126 638 1194 die,
662 1124 692 1181 in
713 1122 875 1181 Petelinum
896 1122 992 1180 lucum
1014 1133 1098 1181 extra
1118 1134 1236 1198 portam
1255 1122 1486 1187 Flumentanam,

429 1232 507 1289 unde
533 1239 703 1306 conspectus
730 1228 760 1285 in
788 1225 963 1303 Capitolium
995 1247 1053 1287 non
1085 1238 1174 1297 esset,
1207 1229 1363 1286 concilium
1392 1226 1487 1303 populi

429 1338 566 1395 indictum
594 1345 653 1395 est..
703 1334 751 1391 Ibi
779 1332 886 1391 crimen
915 1332 1023 1402 valuit,
1054 1342 1083 1390 et
1105 1333 1257 1391 obstinatis
1286 1334 1391 1391 animis
1412 1334 1486 1389 triste

381 1442 565 1509 12iudicium
594 1440 775 1512 invisumque
804 1436 891 1493 etiam
920 1437 1063 1495 iudicibus
1088 1437 1209 1500 factum.
1253 1438 1338 1511 Sunt,
1372 1438 1423 1513 qui
1441 1456 1488 1512 par

431 1547 614 1616 duumviros,
646 1518 695 1619 qui
716 1545 753 1601 ds
773 1543 970 1619 perduellione
991 1544 1190 1618 anquirerent,
1221 1554 1338 1603 creatos
1361 1550 1489 1601 auctores

430 1654 489 1711 sint
511 1653 688 1709 damnatum,
731 1647 855 1705 Tribuni
876 1650 912 1707 de
928 1667 1001 1705 saxo
1012 1650 1141 1726 Tarpeio
1157 1651 1334 1720 deiecerunt,
1356 1649 1490 1720 locusque

430 1758 507 1815 idem
532 1757 562 1814 in
583 1775 641 1813 uuo
663 1754 779 1811 homine
804 1762 833 1811 et
854 1729 966 1811 eximiae
992 1755 1091 1830 gloriar
1113 1766 1331 1814 monumentum
1355 1764 1386 1811 et
1405 1770 1492 1829 poena

383 1860 539 1934 13ultimae
560 1860 623 1919 suit.
672 1860 803 1918 Adiectoe
825 1869 939 1916 mortuo
961 1869 1036 1916 notae
1061 1870 1137 1932 sunt,
1164 1861 1283 1936 publice
1307 1880 1380 1932 una,
1409 1858 1493 1934 quod,

433 1987 522 2044 quum
544 1967 646 2025 domus
672 1965 733 2023 eius
754 1962 872 2034 fuisset,
909 1965 959 2021 ubi
979 1983 1055 2022 nuuc
1078 1967 1155 2024 sedes
1179 1976 1269 2042 atque
1290 1966 1412 2026 officina
1433 1966 1492 2023 llo

326 2120 328 2141 .
433 2084 507 2133 netas
530 2082 581 2144 est,
601 2073 694 2129 latum
715 2070 753 2128 ad
774 2069 914 2145 populum
936 2079 989 2140 est,
1009 2088 1046 2126 ne
1067 2072 1131 2146 quis
1152 2073 1292 2147 patricius
1313 2072 1346 2129 in
1369 2090 1437 2129 arce
1450 2083 1493 2127 aut

385 2196 421 2251 14
435 2180 580 2256 Capitolio
601 2178 760 2248 habitaret,
794 2175 940 2251 gentilicia
961 2175 1061 2246 altera,
1091 2178 1170 2251 quod
1190 2177 1285 2252 gentis
1306 2177 1431 2235 Manlius
1450 2177 1494 2232 ‹le-

435 2296 513 2346 creto
549 2294 665 2343 cautum
696 2291 754 2353 est,
793 2300 830 2338 ne
866 2280 930 2354 quis
963 2280 1066 2337 deiude
1096 2284 1138 2340 M.
1165 2282 1294 2340 Manlius
1333 2291 1494 2340 vocaretur.

321 2446 325 2461 ,
434 2393 522 2450 Hunc
548 2390 656 2447 exitum
678 2387 781 2445 habuit
807 2386 867 2456 vir,
899 2386 955 2443 nisi
983 2387 1014 2443 in
1040 2387 1133 2446 libera
1159 2388 1277 2447 civitate
1299 2398 1388 2447 natus
1417 2396 1495 2454 esset,

386 2513 422 2569 15
436 2496 639 2557 memorabilis.
698 2492 842 2568 Populum
880 2492 979 2562 brevi,
1011 2503 1166 2568 postquam
1198 2494 1362 2569 periculum
1396 2496 1435 2551 ab
1464 2512 1496 2549 eo

434 2604 544 2661 nullum
566 2611 637 2672 erat,
658 2596 712 2677 per
731 2618 762 2656 se
784 2598 865 2673 ipsas
885 2598 1085 2656 recordantem
1108 2600 1229 2657 virtutes
1245 2600 1426 2658 desiderium
1441 2600 1497 2657 eius

435 2710 534 2769 tenuit
566 2706 735 2765 Pestilentia
757 2703 843 2760 etiam
866 2704 947 2760 brevi
968 2714 1140 2776 consecuta,
1171 2705 1257 2763 nullis
1281 2706 1498 2764 occurrentibus

435 2826 524 2873 tantae
543 2812 632 2871 cladis
654 2810 759 2879 causis,
781 2826 818 2864 ex
836 2808 988 2898 Manliano
1008 2809 1150 2885 supplicio
1172 2829 1286 2887 magnae
1308 2813 1389 2888 parti
1409 2812 1498 2867 videri

388 2936 424 2991 16
438 2932 516 2979 orta:
551 2920 692 2995 uiolatum
714 2912 890 2990 Capitolium
915 2931 978 2971 esse
1003 2916 1143 2990 sanguine
1164 2918 1341 2985 servatoris,
1371 2936 1426 2974 nec
1447 2916 1498 2973 diis

437 3026 517 3087 cordi
538 3024 635 3096 luisse,
657 3040 773 3098 poenam
794 3020 856 3076 eius
878 3018 1005 3076 oblatam
1027 3039 1119 3096 prope
1141 3021 1233 3079 oculis
1248 3023 1319 3094 suis,
1342 3042 1434 3097 aquo
1449 3040 1498 3079 sua

436 3134 546 3210 templa
566 3140 666 3206 erepta
686 3148 702 3185 e
724 3126 857 3183 manibus
880 3123 1007 3180 hostium
1026 3134 1129 3186 essent.

342 3246 382 3317 21
520 3236 717 3298 Pestilentiam
747 3230 846 3307 inopia
871 3228 987 3304 frugum
1013 3239 1043 3287 et
1068 3231 1216 3307 vulgatam
1250 3214 1406 3310 utriusque
1433 3233 1498 3291 mali
1524 3278 1526 3282 ,

263 3348 548 3419 Μ,ρ,3ῃ,ἕαωατη
570 3362 646 3402 anno
667 3342 835 3412 insequente
858 3336 1008 3410 multiplex
1028 3336 1134 3393 bellum
1158 3340 1288 3415 excepit,
1320 3343 1356 3399 L.
1380 3338 1499 3397 Valerio

262 3438 297 3489 A·
307 3436 355 3489 ⁰¹¹·
367 3443 426 3487 ³⁸³·
441 3462 584 3530 quartum,
606 3452 645 3509 A.
655 3444 765 3505 Manlio
788 3442 912 3513 tertium,
935 3441 997 3501 Ser.
1008 3441 1136 3517 Sulpicio
1157 3445 1283 3515 tertium,
1305 3448 1343 3506 L.
1355 3446 1499 3511 Lucretio,
1524 3467 1526 3536 ἱ

441 3564 477 3620 L.
500 3557 622 3619 AEmilio
646 3536 774 3620 tertium,
807 3550 849 3609 M.
875 3548 1023 3606 Trebonio
1050 3548 1172 3606 tribunis
1188 3548 1325 3609 militum
1358 3552 1499 3610 consulari

411 3683 431 3739 2
442 3672 594 3743 potestate.
640 3660 748 3718 Hostes
769 3655 848 3725 novi,
876 3664 980 3729 praeter
1000 3653 1139 3726 Volscos,
1172 3630 1252 3713 ¹velut
1272 3667 1354 3715 sorte
1377 3658 1498 3732 quadam

442 3790 535 3850 prope
556 3770 585 3825 in
602 3778 742 3825 aternum
765 3760 925 3821 exercendo
941 3762 1074 3817 Romano
1098 3761 1180 3818 militi
1197 3762 1293 3832 datos,
1315 3762 1500 3837 Circeiosque
1523 3799 1524 3820 2

443 3888 473 3937 et
490 3877 617 3935 Velitras
639 3871 777 3940 colonias,
795 3872 855 3927 iam
876 3865 926 3924 dia
942 3866 1093 3924 molientes
1113 3867 1313 3939 defectionem,
1335 3878 1367 3926 et
1387 3886 1500 3944 suspec-
1523 3863 1524 3932 l

401 4005 403 4009 ’
443 3996 505 4043 tum
530 3982 661 4049 Latium,
691 3974 837 4035 Lanuvini
868 3970 972 4042 etiam,
1006 3991 1070 4046 quas
1100 3973 1266 4031 fidelissima
1298 3976 1370 4032 urbs
1399 3975 1500 4036 meret

414 4092 540 4157 3subito
562 4086 666 4147 exorti.
710 4084 747 4142 Id
767 4093 865 4160 patrea
885 4080 943 4137 rati
966 4088 1131 4153 contemptu
1152 4079 1292 4151 accidere,
1321 4082 1403 4155 quod
1424 4080 1500 4139 Veli·
1523 4087 1524 4090 ’

444 4201 533 4259 ternis
564 4197 674 4257 civibus
702 4191 761 4249 suis
787 4201 848 4246 tem
874 4186 923 4243 diu
955 4185 1097 4261 impunita
1124 4184 1247 4243 defectio
1280 4196 1394 4258 esset,.
1409 4187 1500 4245 decre

445 4317 563 4376 amant,
596 4312 627 4361 ut
658 4302 752 4377 primo
780 4315 897 4373 quoque
927 4306 1057 4371 tempore
1086 4294 1125 4351 ad
1154 4294 1294 4370 populum
1324 4293 1452 4352 ferretur
1470 4293 1501 4347 de
