3392 5084
536 533 613 581 uuo
631 529 678 580 111.
715 532 761 594 (a.
775 528 903 593 cnam.)
1148 532 1200 587 191

183 718 339 774 necessitas
367 716 527 787 militandi,
557 735 643 791 qnam
671 715 779 790 fugitis.
821 716 923 775 Grave
945 726 1008 772 erat
1028 715 1058 771 in
1081 717 1197 788 AEquos
1219 725 1278 771 et*

183 823 307 880 Volscos
328 824 489 900 proficisci3
512 835 578 880 ente
598 834 698 899 portas
720 833 764 879 est
784 822 906 891 bellnm3
927 821 952 879 si
969 822 1037 878 inde
1051 839 1109 878 non
1123 820 1246 895 pellitur,

182 931 235 986 iam
257 928 340 986 intra
368 930 478 986 moenia
499 930 553 987 erit
581 940 609 986 et
632 947 727 986 arcem
753 936 781 984 et
803 925 978 1002 Capitolium
1011 927 1131 983 scandet
1158 937 1187 983 et
1216 928 1245 983 in

183 1039 281 1093 domos
305 1046 422 1094 vestras
444 1055 498 1093 vos
519 1045 716 1111 persequetur.
759 1034 881 1092 Biennio
897 1026 1090 1090 antesenatus
1105 1033 1276 1092 delectum8

184 1143 280 1199 haberi
307 1151 338 1198 et
361 1143 445 1199 educi
467 1143 622 1199 exercitum
645 1141 673 1197 in
697 1141 835 1216 Algidum
857 1141 954 1211 iussit3
977 1140 1109 1197 sedemus
1132 1141 1245 1198 desides

182 1248 271 1316 domi,
302 1227 458 1306 mulierum
480 1249 536 1306 ritu
556 1250 632 1306 inter
652 1265 705 1304 nos
727 1246 913 1318 altercantes,
942 1246 1075 1323 praesenti
1095 1265 1169 1321 pace
1189 1247 1245 1304 laeti

183 1373 229 1410 nee
250 1365 425 1418 cernentes,
454 1375 492 1412 ex
519 1356 579 1413 otio
605 1355 655 1412 illo
677 1353 759 1409 brevi
780 1353 930 1428 multiplex
950 1353 1057 1409 bellum
1078 1352 1244 1411 rediturum.

182 1461 232 1517 His
253 1480 315 1536 ego
338 1460 471 1536 gratiora
492 1461 569 1518 dictu
589 1461 647 1518 alia
669 1478 732 1517 esse
753 1459 828 1529 sci03
851 1459 901 1516 sed
923 1479 970 1516 me
991 1477 1061 1516 vara
1080 1478 1133 1534 pro
1155 1459 1276 1534 gratistl

182 1567 273 1642 loqui,
314 1567 371 1624 etsi
401 1585 497 1623 meum
528 1565 673 1641 ingenium
702 1585 761 1623 non
791 1573 935 1636 moueret,
970 1565 1126 1622 necessitas
1158 1566 1245 1641 cogit.

183 1673 297 1730 Vellem
323 1673 459 1747 equidem
481 1673 564 1730 vobis
586 1673 710 1748 placere,
733 1671 859 1746 Quirites
866 1688 874 1741 ;
903 1671 954 1727 sed
982 1670 1072 1728 multo
1094 1673 1171 1730 malo
1192 1692 1246 1731 ros

185 1781 279 1836 salvos
304 1798 381 1849 esse,
404 1779 595 1853 qualicunque
618 1797 688 1853 erga
712 1797 758 1834 me
780 1777 877 1833 animo
897 1775 987 1834 futuri
1009 1778 1085 1840 estis.
1131 1780 1296 1838 Naturali)

182 1887 232 1942 hoc
246 1887 296 1942 ita
318 1893 521 1960 comparatum
543 1893 595 1954 est,
617 1899 657 1950 nt,
680 1885 729 1959 qui
751 1883 828 1959 apud
853 1881 1061 1940 multitudinem
1084 1901 1137 1940 sua
1158 1904 1246 1942 eausa

184 1990 325 2064 loquitur,
356 1990 469 2066 gratior
500 2010 534 2047 eo
566 1991 618 2060 sit,
652 1991 732 2047 cuius
763 2007 843 2046 mens
870 1989 941 2046 nihil
971 1999 1075 2064 proeter
1099 1991 1245 2064 publicum

186 2097 369 2153 commodum
392 2095 486 2166 videt3
520 2097 575 2152 nisi
596 2094 672 2152 forte
693 2071 888 2152 assentatores
910 2095 1056 2170 publicos,
1087 2096 1245 2170 plebicolas

183 2201 258 2273 istos,
282 2202 336 2276 qni
358 2220 412 2259 vos
433 2219 487 2258 nec
508 2202 537 2258 in
560 2201 648 2258 armis
669 2219 724 2258 nee
744 2201 775 2256 in
796 2201 855 2257 otio
877 2201 940 2257 esse
955 2200 1060 2271 sinunt,
1082 2209 1245 2259 vestravos

184 2325 268 2364 eausa
290 2307 415 2364 incitare
436 2317 470 2364 et*
485 2306 633 2364 stimulare
654 2307 771 2382 putatis.
820 2303 963 2363 Concitati
992 2315 1042 2363 aut
1067 2307 1172 2364 honori
1195 2318 1246 2365 aut
1261 2308 1292 2361 ll

185 2413 305 2486 quaestui
334 2412 391 2469 illis
420 2413 501 2483 estis;
530 2421 558 2469 et
592 2413 661 2487 quia
686 2413 716 2470 in
748 2411 903 2470 eoncordia
933 2412 1065 2469 ordinum
1093 2413 1188 2469 nullos
1214 2432 1245 2468 se

186 2537 306 2592 usquam
329 2535 394 2574 esse
415 2517 528 2589 vident,
555 2519 638 2576 malae
661 2518 703 2574 rei
725 2537 756 2574 se
778 2537 864 2592 qnam
889 2517 1009 2588 nullius,
1039 2520 1188 2575 turbarum
1210 2536 1245 2575 ac

186 2624 359 2681 seditionum
383 2623 471 2682 duces
492 2642 555 2682 esse
576 2624 687 2681 volunt.
731 2623 861 2697 Quarum
883 2642 979 2680 rerum
1001 2623 1025 2679 si
1051 2644 1105 2681 vos
1129 2621 1296 2682 retinnit
1393 2660 1397 2667 -

187 2730 300 2786 tandem
328 2749 435 2805 capere
461 2739 558 2806 potest
586 2740 615 2787 et
641 2739 765 2805 patrum«
787 2740 958 2804 vestrosque
987 2730 1122 2805 antiquos
1151 2749 1246 2788 mores

189 2834 268 2891 vidus
290 2854 347 2910 pro
369 2835 415 2892 his
435 2836 519 2893 novis
540 2854 662 2906 sumere,
684 2835 763 2892 nulla
785 2835 928 2910 supplicia
948 2853 1059 2906 recuso,
1080 2835 1135 2893 nisi
1146 2835 1246 2911 paucis
1262 2835 1297 2890 13

189 2940 284 2998 diebus
305 2943 362 2998 hos
383 2942 572 3018 populatores
605 2960 741 3016 agrorum
771 2951 935 2998 nostrorum
962 2941 1044 2999 fusos
1073 2941 1249 3016 fugatosque

188 3049 287 3105 castris
320 3067 431 3105 exuero
469 3056 498 3104 et
532 3067 551 3104 a
579 3036 671 3123 portis
700 3047 806 3104 nostris
836 3048 1034 3122 moenibusque
1067 3047 1104 3103 ad
1133 3047 1247 3103 illorum

191 3153 269 3208 nrbes
292 3154 370 3209 hunc
393 3153 462 3210 belli
482 3163 630 3222 terrorem,
654 3173 711 3229 quo
738 3172 814 3210 nunc
835 3172 888 3210 vos
912 3153 1027 3210 attoniti
1048 3152 1131 3223 estis,
1154 3162 1248 3208 trans-

190 3259 306 3318 tulero.⁴‘

268 3367 350 3422 Raro
380 3366 453 3423 alias
468 3365 582 3422 tribuni
606 3365 754 3441 popularis
777 3366 871 3423 oratio
893 3365 1039 3441 acceptior
1059 3361 1138 3438 plebi
1160 3381 1246 3437 quam
1297 3355 1342 3422 llll

192 3479 253 3526 lunc
275 3471 450 3528 severissimi
472 3470 675 3530 consulisfuit.
708 3471 847 3528 Iuventus
863 3489 987 3545 quoque,
1010 3489 1074 3545 quae
1088 3467 1278 3526 intercalent

193 3585 280 3632 metus
302 3576 538 3633 detrectationem
560 3576 668 3636 militiae
689 3577 776 3633 telum
801 3576 971 3634 acerrimum
997 3576 1137 3636 adversus
1151 3586 1248 3651 patres

194 3679 296 3737 babere
324 3681 411 3738 solita
438 3693 515 3751 erat,
545 3701 627 3738 arma
654 3692 683 3739 et
703 3683 809 3740 bellum
831 3684 991 3757 spectabat.
1033 3683 1073 3740 Et
1094 3683 1248 3758 agrestium

196 3779 260 3856 fuga
281 3783 455 3859 spoliatique
475 3787 506 3842 in
528 3788 606 3862 agris
618 3795 646 3842 et
660 3786 812 3858 vulnerati,
834 3787 959 3844 foediora
972 3788 1017 3859 iis,
1039 3808 1104 3863 quae
1118 3789 1250 3847 subiicie-

197 3886 296 3946 bantur
324 3891 432 3962 oculis,
467 3893 645 3963 nuntiantes,
677 3901 768 3949 totam
796 3895 896 3950 urbem
924 3893 968 3950 ira
997 3895 1162 3971 implevere.
1215 3893 1280 3954 In3

198 4003 320 4051 senatum
344 3995 393 4052 ubi
414 4008 531 4054 ventum
555 4007 612 4066 est,
642 3998 682 4054 ibi
709 3999 829 4069 veroin
851 3999 1016 4072 Quinctium
1046 4019 1146 4058 omues
1175 4004 1252 4060 versi

199 4109 227 4152 nt
256 4118 344 4157 unum
373 4080 527 4172 vindicem
545 4103 704 4162 maiestatis
731 4106 871 4162 Romanae
898 4105 1017 4177 intueri,
1050 4119 1080 4164 et
1110 4109 1251 4182 primores

200 4216 305 4276 patrum
329 4207 445 4282 diguam
467 4207 562 4266 dicere
584 4211 747 4267 contionem
761 4209 883 4284 imperio
895 4211 1049 4282 consulari,
1070 4213 1187 4289 dignam
1208 4226 1252 4274 tot

201 4312 388 4369 consulat-ibus
410 4317 572 4385 anteactis,
595 4317 711 4389 dignam
727 4316 788 4371 vita
803 4316 890 4385 omni,
913 4317 999 4390 plena
1017 4318 1158 4375 honorum
1176 4340 1251 4395 saepe
