3392 5084
490 482 528 539 32
911 480 990 529 Liber
1010 479 1033 533 1.

448 683 483 721 ea
501 673 671 740 tempestate
692 664 846 747 secundnm
859 664 999 723 Etruscos
1021 663 1243 739 opulentissima
1263 664 1334 722 viris
1348 664 1523 739 armisque.

447 769 590 844 Utrinque
621 759 732 827 iniuriae
761 769 847 827 factm
878 788 913 827 ae
946 788 992 827 res
1021 770 1214 845 nequicquam
1247 780 1330 828 erant
1360 770 1522 845 repetitae:

418 874 549 936 5Tullns
575 875 612 932 ad
635 873 768 932 Feroniae
789 873 889 932 lanum
911 885 1039 932 mercatu
1065 858 1207 950 frequenti
1226 876 1428 951 negotiatores
1453 877 1521 933 Ro·

447 959 548 1039 manos
570 981 794 1055 comprehensos
818 980 1003 1054 querebatur,
1023 980 1136 1050 Sabini,
1157 998 1257 1037 servos
1278 998 1347 1037 snos
1367 980 1462 1055 prius
1487 981 1518 1037 in

417 1086 541 1149 ulncum
552 1085 720 1161 confugisse
738 1104 773 1142 ao
787 1088 890 1143 Romae
907 1096 1044 1147 retentos.
1072 1087 1128 1144 Hm
1143 1104 1237 1143 eansae
1249 1085 1316 1143 belli
1327 1085 1518 1143 ferebantur.

447 1190 557 1261 Sabini,
578 1191 656 1249 haud
670 1211 776 1267 parum
792 1210 946 1263 memores,
971 1201 999 1249 et
1015 1210 1134 1249 suarum
1150 1191 1253 1249 virium
1268 1202 1381 1267 partem
1400 1194 1519 1250 Romae

445 1297 484 1353 ab
505 1297 593 1355 Tatio
623 1297 749 1355 locatam
779 1309 808 1355 et
837 1300 1002 1355 Romarm
1032 1316 1094 1355 rem
1117 1316 1209 1372 nuper
1233 1298 1319 1354 etiam
1341 1298 1517 1355 adiectione

445 1402 545 1478 populi
565 1403 673 1461 Albani
706 1415 841 1475 auctam,
871 1403 1142 1478 circumspicerent
1161 1402 1217 1479 ipsi
1240 1413 1360 1460 externa
1381 1404 1512 1460 auxilia.

417 1508 563 1565 7Etruria
585 1521 648 1566 erat
680 1510 794 1579 vicina,
814 1508 942 1585 proximi
965 1509 1153 1566 Etruscorum
1173 1508 1319 1565 Veientes.
1359 1508 1450 1578 Inde,
1476 1510 1514 1565 ob

443 1613 575 1671 residuas
585 1616 727 1672 bellorum
737 1615 796 1672 iras
814 1616 942 1672 maxime
962 1614 1122 1671 sollicitatis
1134 1614 1172 1671 ad
1186 1612 1374 1671 defectionem
1388 1614 1510 1679 animis,

445 1720 624 1783 voluntarios
651 1732 780 1791 traxere,
812 1732 841 1779 et
874 1722 951 1797 apud
974 1738 1067 1795 vagos
1093 1720 1235 1795 quosdam
1257 1739 1295 1776 ex
1315 1719 1397 1794 inopi
1420 1720 1511 1795 plebe

445 1827 533 1897 etiam
554 1846 664 1884 merces
675 1828 780 1902 valuit3
797 1826 913 1903 publico
932 1826 1040 1884 auxilio
1057 1826 1136 1883 nullo
1155 1826 1245 1883 adiuti
1261 1836 1336 1895 sunt,
1352 1825 1509 1897 valuitque

445 1932 523 2008 apud
544 1933 680 1991 Veientes
711 1935 791 2007 (nam
822 1934 859 1991 de
881 1933 983 1990 ceteris
1002 1931 1097 1989 minus
1118 1932 1220 1987 mirum
1242 1930 1298 2005 est)
1326 1940 1417 2005 pacta
1442 1948 1506 1987 eum

414 2038 570 2104 8Romulo
591 2038 766 2096 indutiarum
786 2039 867 2097 fides.
902 2039 998 2112 Quum
1021 2038 1128 2095 bellum
1149 2038 1283 2112 utrinque
1304 2054 1421 2121 summa
1452 2054 1507 2110 ope

444 2157 589 2219 pararent,
609 2144 739 2219 vertique
760 2145 790 2201 in
813 2164 847 2201 eo
864 2162 911 2201 res
924 2113 1079 2214 rideretur,
1101 2143 1159 2200 utri
1168 2142 1248 2218 prius
1260 2160 1342 2197 arma
1353 2140 1504 2200 inferrent,

415 2252 567 2325 9occupat
588 2250 692 2307 Tullus
712 2251 867 2325 inegram
897 2248 1038 2307 Sabinum
1060 2248 1191 2307 transire.
1230 2249 1335 2323 Pugna
1359 2258 1451 2305 atrox
1468 2247 1503 2303 ad

443 2356 546 2413 silvam
557 2355 735 2413 Malitiosam
759 2354 823 2426 firit,
844 2357 894 2413 ubi
917 2365 946 2412 et
961 2356 1090 2431 peditum
1111 2353 1352 2428 quidemrobore,
1374 2360 1501 2409 ceterum

395 2462 430 2516 10
443 2462 573 2536 equitatu
592 2474 677 2518 aucto
692 2481 785 2536 nuper
801 2462 957 2537 plurimum
976 2464 1111 2519 Romana
1132 2460 1208 2517 acies
1222 2458 1329 2517 ualuit.
1353 2459 1404 2515 Ab
1423 2455 1502 2530 eqni·
1533 2460 1534 2516 l

443 2568 519 2625 tibus
537 2577 656 2641 repente
666 2566 787 2624 invectis
806 2569 914 2625 turbati
927 2568 1043 2625 ordines
1057 2577 1124 2624 sunt
1138 2565 1323 2633 Sabinorum,
1339 2581 1394 2620 nee
1403 2578 1503 2638 pugna

443 2671 545 2728 deinde
564 2671 620 2728 illis
632 2684 829 2730 constarenec
842 2673 913 2749 fuga
925 2673 1065 2749 explicari
1087 2673 1148 2729 sine
1169 2690 1276 2747 magna
1299 2671 1378 2727 cede
1399 2666 1502 2745 potuit
1532 2736 1533 2757 ἦ

347 2769 387 2838 dl
525 2777 656 2834 Deviotis
672 2777 797 2849 Sabinis,
819 2798 908 2853 quum
930 2780 960 2835 in
976 2797 1084 2855 magna
1102 2779 1195 2854 gloria
1211 2777 1382 2853 magnisque
1398 2774 1499 2849 opibus
1532 2764 1533 2773 ³

441 2902 561 2959 regnum
579 2883 658 2940 Tulli
677 2902 713 2941 nc
734 2893 797 2941 tota
819 2903 866 2941 res
880 2886 1016 2943 Romana
1038 2896 1122 2954 esset,
1143 2862 1303 2941 nuntiatum
1326 2881 1390 2957 regi
1412 2877 1500 2956 patri·

395 2996 428 3053 '2
442 2992 553 3064 busque
563 2999 616 3058 est,
629 2989 658 3045 in
674 3000 774 3047 monte
788 2989 909 3049 Albano
923 2992 1067 3067 lapidibus
1081 2989 1198 3066 pluisse.
1221 2988 1307 3061 Quod
1322 3006 1412 3062 quum
1425 2981 1498 3041 credi
1531 3040 1532 3063 Ξ

442 3096 493 3153 vix
514 3106 627 3171 posset,
656 3094 751 3151 missis
774 3096 811 3153 ad
840 3097 871 3154 id
891 3099 1042 3156 visendum
1073 3095 1247 3173 prodigium,
1276 3093 1306 3149 in
1335 3100 1497 3167 conspectu,
1531 3070 1532 3128 l

441 3202 520 3261 haud
542 3202 626 3258 aliter
648 3217 735 3274 quam
757 3221 846 3276 quum
869 3204 1040 3277 grandinem
1062 3203 1142 3260 venti
1158 3202 1348 3277 glomeratam
1363 3198 1393 3255 in
1409 3208 1497 3254 terras

399 3315 429 3370 ‚3
443 3320 540 3385 agunt,
562 3307 655 3368 crebri
676 3307 804 3364 cecidere
826 3308 896 3366 caelo
919 3310 1038 3385 lapides.
1080 3309 1145 3367 Visi
1168 3308 1255 3365 etiam
1277 3305 1377 3362 audire
1399 3318 1494 3360 vocem

441 3414 585 3490 ingentem
601 3434 638 3471 ex
652 3414 756 3471 summi
777 3415 935 3471 cacuminis
951 3415 1025 3485 luco,
1046 3426 1079 3471 ut
1099 3413 1194 3489 patrio
1216 3411 1272 3469 ritu
1294 3426 1378 3466 sacra
1390 3404 1496 3466 Albani

441 3520 584 3591 facerent,
614 3538 692 3594 quaa,
725 3517 805 3575 velut
832 3520 888 3577 diis
913 3540 1029 3595 quoque
1061 3520 1146 3577 simul
1175 3536 1239 3575 enm
1260 3516 1356 3592 patria
1382 3510 1494 3576 relictis,

441 3627 578 3684 oblivioni
600 3626 747 3694 dederant,
769 3635 798 3681 et
820 3637 871 3683 aut
898 3627 1034 3684 Romana
1054 3644 1139 3683 saera
1160 3632 1346 3697 susceperant
1367 3632 1419 3679 aut
1439 3617 1494 3675 for·

410 3739 525 3802 dtnnae,
548 3740 580 3789 ut
599 3733 640 3803 fit,
664 3730 769 3787 obirati
791 3730 899 3788 cultum
924 3732 1100 3806 reliquerant
1122 3730 1216 3789 deum.
1263 3727 1404 3785 Romanis
1427 3740 1492 3799 quo·

442 3857 498 3913 que
519 3839 556 3895 ab
578 3838 678 3895 eodem
701 3836 836 3911 prodigio
860 3837 1033 3895 novendiale
1062 3856 1175 3894 sacrum
1197 3836 1311 3911 publice
1333 3842 1490 3908 susceptum
1528 3852 1529 3859 ¹

441 3954 493 4014 est,
514 3963 564 4002 seu
586 3962 658 4001 voce
680 3942 786 3998 eaelesti
817 3962 855 3999 ex
888 3943 1007 4001 Albano
1035 3953 1132 4000 monte
1157 3943 1246 3999 missa
1269 3936 1352 4017 (nam
1374 3940 1404 3997 id
1426 3950 1489 4011 quo·

411 4118 415 4126 Ι
441 4069 497 4123 que
517 4049 654 4118 traditur)
688 4067 739 4104 sen
762 4049 951 4124 haruspicum
975 4040 1102 4120 monitu3
1124 4048 1228 4107 mansit
1251 4058 1328 4105 certe
1350 4046 1489 4105 sollemne,

440 4167 481 4227 ut,
503 4156 677 4230 quandoque
691 4155 772 4212 idem
800 4156 966 4231 prodigium
995 4154 1189 4225 nuntiaretur,
1218 4152 1297 4210 feriae
1317 4171 1370 4228 per
1394 4164 1488 4209 novem
1527 4158 1528 4163 ’

441 4262 501 4319 dies
522 4272 683 4336 agerentur.
