3392 5084
513 518 637 569 rraerv.
692 516 979 582 (acram-aee.)
1178 506 1238 579 aaa

210 701 312 772 aciem,
335 703 506 761 Romanum
534 704 662 778 legatum
697 720 770 772 esse,
789 702 903 778 siguum
933 700 1034 760 clatum
1056 710 1109 761 est.
1135 728 1141 736 ·
1163 700 1313 761 omines

211 808 274 864 inde
309 808 342 865 in
377 808 516 866 Clusinos
550 808 609 878 ira,
645 808 773 883 receptui
809 817 919 865 canunt
952 809 1095 865 minantes
1130 806 1282 866 Romanis.

212 912 309 979 Erant,
342 914 395 989 qui
418 915 566 989 extemplo
590 914 715 972 Romam
739 913 865 971 eundum
896 923 1059 982 censerent3
1087 912 1184 971 vicere
1204 913 1282 970 seni-

209 1036 281 1089 ores.
303 1028 340 1075 ut
363 1020 454 1095 legati
477 1020 557 1095 prius
580 1019 762 1076 mitterentur
784 1028 918 1093 questum
939 1018 1061 1075 iniurias
1089 1018 1282 1093 postulatum-

210 1142 271 1198 que,
300 1134 336 1181 ut
360 1144 417 1201 pro
438 1125 502 1181 iure
530 1125 658 1199 gentium
685 1123 796 1181 violato
819 1124 907 1189 Fabii
937 1123 1119 1184 dederentur.
1176 1122 1312 1199 Legatill

209 1226 368 1287 Gallorum
392 1250 482 1307 quum
503 1248 546 1303 ea,
568 1230 643 1288 sicut
665 1230 912 1299 erantmandata,
935 1229 1147 1305 exposuissent,
1167 1228 1282 1286 senatui

209 1354 257 1393 uec
278 1336 397 1393 iactum
420 1336 557 1413 placebat
577 1322 737 1393 Fabiorum
767 1344 796 1391 et
821 1334 867 1391 ius
890 1334 1039 1410 postulare
1060 1335 1179 1393 barbari
1200 1336 1281 1393 vide-

209 1443 327 1514 bantur;
354 1442 407 1499 sed
423 1462 460 1499 ne
474 1442 514 1511 id,
528 1442 607 1517 quod
622 1442 767 1517 placebat,
783 1440 951 1497 decerneret
964 1440 995 1496 iu
1017 1448 1107 1496 tauta
1121 1439 1280 1497 nobilitatis

208 1546 281 1617 viris,
314 1547 444 1605 ambitio
470 1549 617 1605 obstabat.
664 1548 770 1621 ltaque
799 1564 836 1603 ne
864 1562 955 1621 penes
988 1544 1069 1620 ipsos
1098 1544 1185 1621 culpa
1205 1555 1282 1603 esset
1296 1548 1333 1603 to

207 1650 304 1723 cladis,
328 1655 359 1709 εἰ
379 1650 471 1722 forte,
493 1650 610 1711 Gallico
631 1653 708 1710 bello
730 1661 874 1728 accepta,
901 1651 1094 1725 coguitionem
1122 1652 1159 1709 de
1179 1663 1281 1728 postu·
1328 1700 1332 1709 .

208 1756 268 1812 latis
298 1755 462 1815 Gallorum
492 1758 530 1813 ad
558 1756 698 1833 populum
727 1753 879 1827 reiiciunt3¹
903 1757 954 1813 abi
980 1766 1063 1814 tanto
1091 1757 1157 1833 plus
1184 1759 1281 1834 gratia

208 1872 291 1936 atque
322 1848 400 1938 opes
427 1862 561 1932 valuere,
590 1872 635 1931 ut,
665 1880 787 1937 quorum
811 1862 848 1918 de
875 1879 964 1937 poena
985 1862 1142 1937 agebatur,
1172 1864 1281 1922 tribuni

208 1968 327 2025 militum
353 1966 502 2026 consulari
522 1975 668 2042 potestate
691 1968 720 2025 in
744 1966 943 2043 insequentem
973 1986 1081 2026 annum
1103 1980 1279 2030 crearentur.

208 2072 268 2146 Quo
290 2072 379 2131 iacto
400 2072 489 2129 haud·
508 2090 606 2149 seqre,
635 2090 722 2147 quam
744 2073 865 2148 dignum
886 2082 958 2143 erat,
985 2072 1092 2131 infensi
1115 2074 1196 2133 Galli
1219 2076 1280 2132 bel·
1295 2074 1329 2129 ll

207 2178 260 2235 lum
291 2178 455 2253 propalam
485 2178 627 2235 minantes
655 2178 694 2235 ad
723 2195 792 2235 suos
819 2178 952 2239 redeunt.
1003 2180 1127 2236 Tribuni
1155 2179 1278 2237 militum
1290 2152 1455 2273 ῒὲξὲξξ

208 2302 265 2341 cum
296 2285 397 2342 tribus
426 2284 527 2341 Fabiis
556 2285 646 2341 creati
673 2284 710 2358 Q.
732 2283 878 2359 Sulpicius
907 2285 1042 2360 Longus,
1071 2284 1108 2358 Q.
1137 2284 1278 2343 Servilius

209 2400 353 2463 quartum,
379 2388 442 2447 Ser.
463 2387 616 2447 Cornelius
637 2388 857 2464 Maluginensis.
1079 2398 1083 2403 “
1189 2377 1192 2381 ⁴

284 2496 389 2570 Quum
414 2504 497 2551 tanta
518 2494 610 2552 moles
639 2494 709 2552 mali
736 2495 873 2566 instaret,
905 2496 994 2567 (adeo
1015 2506 1142 2555 occaecat
1163 2496 1277 2554 animos
1329 2483 1374 2554 87

206 2598 337 2672 fortuna,
373 2601 423 2657 ubi
444 2601 503 2657 vim
526 2618 609 2656 suam
634 2600 814 2675 ingruentem
838 2599 960 2675 refringi
979 2620 1040 2657 non
1061 2601 1137 2676 vult)
1164 2602 1278 2674 civitas,

208 2724 265 2778 quae
287 2708 436 2763 adversus
458 2706 629 2763 Fidenatem
661 2726 696 2765 ao
717 2707 870 2764 Veientem
893 2708 1007 2764 hostem
1038 2707 1170 2784 aliosque
1190 2710 1278 2767 finiti·

209 2828 265 2868 mos
286 2812 420 2888 populos
450 2812 553 2868 ultima
575 2812 728 2887 experiens
742 2812 861 2869 auxilia
882 2811 1053 2870 dictatorem
1079 2814 1176 2870 multis
1205 2824 1278 2872 tem·

208 2918 369 2988 pestatibus
391 2916 522 2988 dixisset,
544 2936 580 2975 ea
600 2928 677 2987 tunc,
698 2918 846 2975 invisitato
868 2927 959 2993 atque
978 2920 1111 2977 inaudito
1134 2921 1219 2977 hoste
1239 2923 1309 2980 ab2

209 3018 324 3079 Oceano
357 3031 560 3098 terrenamque
583 3022 691 3080 ultimis
721 3022 780 3081 oris
805 3022 913 3080 bellum
942 3024 1049 3095 ciente,
1079 3026 1152 3083 nihil
1177 3037 1278 3083 extra·

209 3128 345 3186 ordinarii
369 3128 484 3204 imperii
505 3138 556 3186 aut
577 3129 677 3186 auxilii
700 3128 842 3204 quesivit.
885 3129 1020 3200 Tribuni,
1041 3148 1165 3204 quorum
1187 3135 1308 3192 teme-³

209 3232 288 3291 ritate
312 3234 425 3292 bellum
447 3244 627 3292 contractum
650 3244 727 3304 erat,
748 3252 868 3291 summae
889 3254 985 3292 rerum
1007 3244 1160 3310 praeerant,
1181 3236 1278 3293 deleo-

209 3346 323 3414 tumque
345 3338 438 3397 nihilo
454 3340 673 3413 accuratiorem,
689 3358 776 3415 quam
799 3340 837 3397 ad
858 3340 956 3398 media
968 3340 1047 3397 bella
1058 3340 1161 3415 haberi
1176 3339 1279 3399 solitus

211 3452 275 3511 erat,
299 3454 494 3503 extenuantes
516 3447 602 3503 etiam
618 3446 727 3503 famam
749 3446 828 3517 belli,
848 3446 1007 3503 hebebant.
1051 3446 1171 3502 Interim
1187 3445 1309 3518 Galus

213 3558 367 3623 postquam
390 3567 544 3625 accepere,
572 3552 649 3609 ultro
670 3553 810 3610 horrorem
838 3544 969 3608 habiturn
990 3550 1183 3609 violatoribus
1205 3553 1278 3614 iuris

212 3651 323 3713 humani
345 3654 518 3731 elusamque
538 3656 712 3731 legationem
733 3677 817 3716 auum
839 3676 913 3727 esse,
933 3658 1092 3732 flagrantes
1114 3658 1173 3728 ira,
1195 3659 1277 3716 cuius

212 3755 349 3833 impotens
374 3770 419 3817 est
440 3779 526 3837 gens,
556 3762 709 3820 confestim
731 3762 821 3839 signis
851 3762 1014 3833 convulsis,
1042 3762 1131 3820 citato
1160 3746 1277 3837 ,gmina

212 3860 259 3919 iter
279 3866 493 3941 inm-odiuntur.
540 3868 590 3925 Ad
606 3886 729 3943 quorum
744 3868 979 3944 pretereuntium
993 3867 1101 3943 raptim
1121 3862 1307 3923 tumultuent

214 3984 292 4041 quum
315 3973 463 4031 exterrita
484 3974 571 4032 urbes
593 3972 630 4031 ad
646 3993 729 4031 arma
751 3981 954 4032 concurrerent
974 3971 1104 4047 fugaque
1118 3969 1276 4045 agrestium

214 4074 296 4149 heret,
316 4081 445 4138 Romam
467 4096 500 4137 ae
521 4079 564 4137 ire
586 4098 693 4155 magno
715 4078 1081 4153 clamoresiguificabant,
1103 4092 1276 4151 quacunque

213 4178 300 4252 ibant,
327 4184 412 4260 equis
441 4184 571 4261 virisque
597 4186 685 4261 longe
713 4200 748 4242 ac
776 4184 835 4242 late
863 4182 931 4240 iueo
959 4184 1089 4259 agmine
1102 4182 1276 4239 immensum

215 4286 368 4347 obtinernes
389 4290 457 4348 loci.
502 4290 560 4350 Sed
583 4290 771 4348 antecedente
790 4288 874 4348 fama
893 4290 1060 4365 nuntiisque
1080 4286 1307 4359 Clusinorum,6
