3392 5084
478 565 530 648 18⁴4
773 561 850 612 Liber
864 560 913 611 111.
945 562 1140 623 (auctoni

382 751 449 806 ida
476 748 578 804 castus
613 756 747 804 avenant
781 746 1105 822 praeterequitantesque
1138 749 1309 808 absterrent.
1351 751 1473 808 Pedium

433 855 508 912 acies
530 855 559 910 et
580 851 680 922 consul
703 852 766 928 ipae
788 847 889 928 visque
910 853 1004 910 omnis
1025 853 1093 911 belli
1113 853 1206 912 femur
1224 855 1255 912 in
1279 865 1389 922 casua,
1416 872 1475 930 cap-

429 961 524 1035 tisque
542 975 606 1016 cum
629 957 737 1032 ingenti
760 957 847 1029 coede,
870 960 980 1017 maiore
1001 961 1102 1036 praeda
1121 961 1239 1037 potitur.
1518 1026 1519 1029 Ἴ

382 1069 415 1122 ll
512 1064 606 1122 Huius
634 1081 738 1140 pugna
765 1062 846 1122 fama
867 1063 982 1140 perlata
1001 1083 1060 1122 uou
1081 1066 1111 1122 in
1132 1069 1233 1125 urbem
1254 1067 1358 1137 modo,
1386 1069 1475 1124 sedin
1518 1092 1520 1123 t

430 1171 553 1230 Sabinos
576 1170 613 1227 ad
636 1169 757 1227 alterum
780 1170 948 1241 exereitum,
968 1171 999 1228 iu
1019 1173 1091 1228 urbe
1111 1172 1211 1230 latitia
1232 1173 1476 1231 mcdo=celebrata
1518 1200 1520 1230 ;

370 1278 372 1288 “
429 1287 480 1346 est,
502 1277 530 1334 in
553 1275 654 1333 castris
678 1274 790 1334 aniuros
817 1275 938 1332 miiitum
960 1276 999 1332 ad
1021 1278 1213 1337 aemulandum
1235 1281 1324 1337 decus
1345 1279 1476 1336 accendit.
1518 1305 1520 1323 z

381 1384 492 1441 iilam
514 1381 655 1440 Horatius
678 1401 727 1440 eos
752 1380 971 1440 excursionibus
1001 1383 1161 1458 subigendo
1187 1385 1354 1461 praeliisque
1375 1384 1476 1442 levibus
1518 1424 1519 1427 η

430 1488 607 1565 experiundo
640 1487 835 1546 assuefecerat
868 1487 923 1544 sibi
955 1488 1052 1563 potius
1085 1489 1173 1547 fidere
1204 1509 1293 1566 quam
1321 1491 1476 1549 mammea
1518 1545 1520 1548 ,

428 1593 592 1671 ignominiae
621 1585 848 1652 decemvirorum
878 1595 965 1652 ductu
987 1604 1121 1672 accepta,
1148 1615 1299 1672 parvaque
1326 1598 1478 1656 certamina

380 1703 457 1765 13in
487 1718 628 1758 summam
656 1701 743 1757 totius
775 1697 960 1776 profecerant
987 1701 1058 1776 spei.
1101 1702 1166 1759 Nec
1193 1705 1348 1762 cessabant
1376 1703 1477 1768 Sabini,

428 1806 539 1865 feroces
561 1807 598 1864 ab
620 1827 651 1864 re
672 1807 769 1882 priore
792 1824 869 1864 anno
890 1807 963 1865 bena
983 1815 1075 1882 gesta
1095 1807 1237 1865 lacessere
1259 1818 1347 1884 atque
1367 1811 1477 1872 matare.

428 1913 595 1988 rogitantes,
618 1912 686 1987 quid
701 1912 844 1970 latrocimi
865 1913 953 1970 modo
967 1920 1171 1988 procursantes
1185 1915 1271 1989 pauci
1293 1924 1477 1974 recurrentes·

429 2037 485 2092 que
510 2028 633 2075 tererent
660 2028 773 2094 tempus
802 2028 831 2076 et
858 2017 887 2073 iu
916 2017 1007 2074 muita
1032 2017 1135 2092 proelia
1156 2037 1306 2095 parvaque
1334 2033 1478 2096 carperent

380 2133 413 2187 14
428 2141 569 2180 summam
598 2123 682 2181 unius
704 2123 790 2181 belli?
828 2123 905 2196 Quin
926 2122 968 2181 illi
991 2114 1233 2198 congrederentur
1254 2126 1318 2184 acie
1345 2126 1477 2184 inclinau-

336 2229 379 2300 62
429 2229 553 2305 demque
574 2229 662 2286 semei
683 2229 805 2287 fortuna
832 2227 1038 2287 ramdareut?
1067 2230 1117 2287 Ad
1137 2231 1183 2300 ia,
1206 2231 1285 2306 quod
1306 2250 1362 2289 sua
1382 2245 1477 2308 sponte

419 2334 499 2392 'setis
534 2335 684 2394 collectum
722 2335 884 2393 animorum
919 2343 991 2407 erat,
1027 2335 1198 2411 indignitate
1233 2337 1321 2394 etiarn
1358 2339 1478 2398 Romani

430 2441 674 2498 accendebantur:
705 2441 763 2498 iam
798 2441 918 2499 alterum
951 2442 1108 2499 exercitum
1145 2442 1284 2500 victorem
1320 2443 1351 2500 iu
1384 2447 1475 2502 urbem
1518 2504 1519 2509 χ

428 2546 602 2618 rediturum3
625 2547 680 2604 sibi
694 2547 769 2604 ultro
792 2566 845 2623 per
865 2547 1053 2606 contumelias
1066 2549 1179 2605 hostem
1194 2549 1349 2619 insultare;
1369 2552 1478 2626 quaudo

399 2659 524 2715 2antem
546 2670 592 2722 sa,
627 2653 651 2710 si
679 2663 739 2737 tum
768 2673 826 2710 nou
857 2653 931 2721 siut,
961 2670 1047 2728 pares
1076 2652 1207 2710 hostibus
1228 2652 1312 2713 fore?
1345 2657 1405 2716 Ubi
1427 2660 1479 2715 bar
1518 2690 1520 2725 ;

428 2756 551 2815 fremere
572 2759 689 2816 mssitem
718 2758 747 2814 in
777 2759 880 2816 castris
909 2759 1009 2815 consui
1037 2759 1140 2828 sensit,
1170 2760 1304 2819 contione
1334 2764 1478 2821 advocata
1518 2734 1519 2757 ἶ

431 2863 718 2936 „Quemadmodum
754 2866 847 2940 iuquit
882 2865 928 2933 „in
951 2864 1061 2940 Algido
1093 2883 1140 2921 res
1169 2877 1252 2940 gesta
1282 2868 1329 2937 sit,
1363 2870 1479 2926 arbitrrer

428 2987 497 3039 vos,
520 2969 632 3038 milites,
655 2970 780 3028 audisse.
830 2969 952 3058 Qualem
977 2971 1060 3028 liberi
1087 2971 1189 3046 populi
1211 2973 1371 3032 exercitum
1392 2975 1479 3032 decuit

430 3094 501 3150 esse,
524 3076 590 3132 talis
608 3075 679 3146 fuit3
705 3077 824 3134 consilio
846 3077 974 3152 collegae,
994 3078 1101 3134 virtute
1121 3076 1243 3134 miiitum
1258 3080 1382 3138 victoria
1401 3091 1479 3156 parta

398 3189 480 3244 3est.
525 3181 609 3254 Quod
633 3183 670 3239 ad
692 3203 738 3240 me
758 3184 868 3250 attinet,
889 3183 920 3240 id
940 3183 1051 3240 consilii
1073 3183 1219 3258 animique
1239 3185 1393 3244 habiturus
1411 3206 1478 3244 sum.

431 3289 508 3362 quod
532 3307 583 3345 vos
608 3289 676 3346 mihi
700 3289 833 3348 feceritis.
883 3289 923 3346 Et
950 3287 1025 3344 trahi
1055 3287 1159 3345 bellum
1189 3290 1346 3348 salubriter
1373 3303 1403 3350 et
1420 3312 1478 3349 ma·

355 3377 359 3386 x
398 3404 492 3456 dture
512 3396 612 3469 perfici
636 3406 739 3473 potest.
784 3395 816 3454 Si
844 3394 1015 3452 trahendum
1044 3403 1096 3464 est
1124 3411 1189 3470 ego,
1217 3405 1249 3452 ut
1275 3396 1307 3453 in
1334 3399 1396 3456 dies
1418 3418 1478 3474 spes

428 3499 577 3574 virtusque
597 3512 695 3560 vestra
716 3512 834 3572 crescat,
856 3501 972 3570 eadem,
1001 3517 1060 3575 qua
1081 3499 1200 3570 institui,
1224 3501 1379 3578 disciplina
1397 3504 1478 3562 effici·
1518 3540 1520 3563 t

429 3625 490 3674 am3
513 3607 537 3663 si
560 3608 617 3664 iam
641 3609 712 3665 satis
735 3609 823 3666 animi
845 3618 889 3663 est
909 3605 1082 3678 decernique
1102 3605 1207 3680 piacet,
1231 3606 1402 3680 agitedum,
1422 3610 1477 3667 cla·
1518 3571 1520 3697 ξ

428 3731 546 3784 morem,
569 3716 682 3788 qualem
706 3715 734 3771 iu
756 3713 819 3771 acie
840 3712 981 3770 sublaturi
1001 3711 1079 3782 estis,
1099 3710 1191 3768 tollite
1211 3713 1259 3770 hic
1281 3713 1405 3772 indicem
1431 3733 1477 3770 ro·
1518 3718 1520 3803 i

326 3818 330 3828 '
398 3818 545 3880 5luntatis
586 3820 757 3894 rimatisque
799 3823 932 3878 vestrae.“
994 3819 1155 3892 Postquam
1189 3818 1300 3893 ingenti
1336 3821 1476 3878 alacritate
1518 3808 1520 3889 ζ

427 3923 537 3982 clamor
571 3934 614 3982 est
645 3925 791 3997 sublatus,
824 3925 902 4000 quod
935 3925 1008 3982 bene
1038 3933 1147 3992 vertat,
1183 3934 1332 4000 gesturum
1366 3945 1397 3985 se
1426 3925 1476 3982 illis
1518 3930 1520 3945 '

427 4047 536 4087 morem
558 4040 733 4106 posteroque
755 4031 801 4088 die
829 4031 860 4088 in
890 4029 982 4087 aciem
1011 4029 1199 4086 deducturum
1221 4028 1378 4090 affirmat.-
1406 4031 1476 4090 Rai-
1518 4028 1520 4043 ’

397 4145 515 4210 aquam
539 4135 596 4193 diei
624 4137 800 4213 apparandis
831 4137 920 4194 armis
948 4144 1149 4210 consumptum
1178 4143 1231 4193 est.
1285 4138 1409 4196 Postero
1434 4136 1475 4192 die

427 4242 513 4298 simul
534 4241 634 4299 instrui
656 4245 818 4301 Romanam
842 4243 932 4300 aciem
955 4241 1056 4300 Sabini
1078 4241 1186 4312 videre,
1208 4251 1238 4299 et
1259 4242 1326 4319 ipsi,
1345 4245 1404 4302 iam
1423 4243 1475 4319 pri·

429 4347 504 4420 dem·
524 4346 601 4404 avidi
631 4349 802 4419 certaminis,
830 4348 999 4422 procedunt.
1046 4346 1184 4404 Prralium
1205 4346 1274 4417 fuit,
1303 4349 1390 4423 quale
1410 4349 1476 4406 inter
