<?xml version="1.0" encoding="UTF-8"?>
<!DOCTYPE html PUBLIC "-//W3C//DTD XHTML 1.0 Transitional//EN"
    "http://www.w3.org/TR/xhtml1/DTD/xhtml1-transitional.dtd">
<html xmlns="http://www.w3.org/1999/xhtml" xml:lang="en" lang="en">
 <head>
  <title>
</title>
<meta http-equiv="Content-Type" content="text/html;charset=utf-8" />
  <meta name='ocr-system' content='tesseract 3.04.00' />
  <meta name='ocr-capabilities' content='ocr_page ocr_carea ocr_par ocr_line ocrx_word'/>
</head>
<body>
  <div class='ocr_page' id='page_1' title='image "./titiliviihistor03ussigoog_0288.png"; bbox 0 0 3392 5084; ppageno 0'>
   <div class='ocr_carea' id='block_1_1' title="bbox 463 523 1183 587">
    <p class='ocr_par' dir='ltr' id='par_1_1' title="bbox 463 523 1183 587">
     <span class='ocr_line' id='line_1_1' title="bbox 463 523 1183 587; baseline -0.011 -8"><span class='ocrx_word' id='word_1_1' title='bbox 463 533 522 587; x_wconf 82' lang='lat'>250</span> <span class='ocrx_word' id='word_1_2' title='bbox 716 525 795 574; x_wconf 85' lang='lat' dir='ltr'>Liber</span> <span class='ocrx_word' id='word_1_3' title='bbox 813 523 862 573; x_wconf 87' lang='lat' dir='ltr'>IV.</span> <span class='ocrx_word' id='word_1_4' title='bbox 900 524 1183 585; x_wconf 48' lang='grc'><strong>(1111346448.)</strong></span> 
     </span>
    </p>
   </div>
   <div class='ocr_carea' id='block_1_2' title="bbox 329 705 1523 4349">
    <p class='ocr_par' dir='ltr' id='par_1_2' title="bbox 329 705 1523 4349">
     <span class='ocr_line' id='line_1_2' title="bbox 374 705 1476 784; baseline -0.011 -13"><span class='ocrx_word' id='word_1_5' title='bbox 374 716 408 771; x_wconf 81' lang='grc'>12</span> <span class='ocrx_word' id='word_1_6' title='bbox 422 721 533 779; x_wconf 84' lang='lat' dir='ltr'>essent3</span> <span class='ocrx_word' id='word_1_7' title='bbox 556 709 580 766; x_wconf 91' lang='lat' dir='ltr'>si</span> <span class='ocrx_word' id='word_1_8' title='bbox 603 709 720 784; x_wconf 87' lang='lat' dir='ltr'>quando</span> <span class='ocrx_word' id='word_1_9' title='bbox 741 707 880 782; x_wconf 86' lang='lat' dir='ltr'>promisci</span> <span class='ocrx_word' id='word_1_10' title='bbox 900 708 1042 774; x_wconf 90' lang='lat' dir='ltr'>bonores,</span> <span class='ocrx_word' id='word_1_11' title='bbox 1069 706 1284 764; x_wconf 86' lang='lat' dir='ltr'>communicata</span> <span class='ocrx_word' id='word_1_12' title='bbox 1303 723 1353 762; x_wconf 88' lang='lat' dir='ltr'>res</span> <span class='ocrx_word' id='word_1_13' title='bbox 1374 705 1476 780; x_wconf 84' lang='lat' dir='ltr'>publica</span> 
     </span>
     <span class='ocr_line' id='line_1_3' title="bbox 423 802 1475 885; baseline -0.006 -13"><span class='ocrx_word' id='word_1_14' title='bbox 423 824 508 883; x_wconf 86' lang='lat' dir='ltr'>esset,</span> <span class='ocrx_word' id='word_1_15' title='bbox 528 823 589 870; x_wconf 91' lang='lat' dir='ltr'>tum</span> <span class='ocrx_word' id='word_1_16' title='bbox 611 832 643 870; x_wconf 88' lang='lat' dir='ltr'>se</span> <span class='ocrx_word' id='word_1_17' title='bbox 665 802 934 881; x_wconf 75' lang='lat' dir='ltr'>animadversuros,</span> <span class='ocrx_word' id='word_1_18' title='bbox 967 830 1005 868; x_wconf 93' lang='lat' dir='ltr'>ne</span> <span class='ocrx_word' id='word_1_19' title='bbox 1025 828 1085 884; x_wconf 90' lang='lat' dir='ltr'>qua</span> <span class='ocrx_word' id='word_1_20' title='bbox 1105 810 1243 884; x_wconf 88' lang='lat' dir='ltr'>superbia</span> <span class='ocrx_word' id='word_1_21' title='bbox 1265 811 1475 885; x_wconf 75' lang='lat' dir='ltr'>magistratuum</span> 
     </span>
     <span class='ocr_line' id='line_1_4' title="bbox 375 915 1475 1004; baseline -0.01 -24"><span class='ocrx_word' id='word_1_22' title='bbox 375 923 505 981; x_wconf 74' lang='lat' dir='ltr'>lssirrita</span> <span class='ocrx_word' id='word_1_23' title='bbox 533 929 650 977; x_wconf 88' lang='lat' dir='ltr'>senatus</span> <span class='ocrx_word' id='word_1_24' title='bbox 679 918 811 976; x_wconf 87' lang='lat' dir='ltr'>consulta</span> <span class='ocrx_word' id='word_1_25' title='bbox 838 925 947 984; x_wconf 81' lang='lat' dir='ltr'>ossent3</span> <span class='ocrx_word' id='word_1_26' title='bbox 978 916 1093 973; x_wconf 82' lang='lat' dir='ltr'>interim</span> <span class='ocrx_word' id='word_1_27' title='bbox 1129 915 1244 1004; x_wconf 69' lang='lat' dir='ltr'>patricii</span> <span class='ocrx_word' id='word_1_28' title='bbox 1277 915 1367 971; x_wconf 87' lang='lat' dir='ltr'>soloti</span> <span class='ocrx_word' id='word_1_29' title='bbox 1393 915 1475 989; x_wconf 86' lang='lat' dir='ltr'>logon</span> 
     </span>
     <span class='ocr_line' id='line_1_5' title="bbox 355 1014 1523 1101; baseline -0.008 -17"><span class='ocrx_word' id='word_1_30' title='bbox 355 1027 357 1036; x_wconf 80' lang='grc'>’</span> <span class='ocrx_word' id='word_1_31' title='bbox 423 1019 702 1101; x_wconf 86' lang='lat' dir='ltr'>magistratuumque</span> <span class='ocrx_word' id='word_1_32' title='bbox 738 1021 914 1079; x_wconf 87' lang='lat' dir='ltr'>verecundia</span> <span class='ocrx_word' id='word_1_33' title='bbox 948 1039 1002 1097; x_wconf 88' lang='lat' dir='ltr'>per</span> <span class='ocrx_word' id='word_1_34' title='bbox 1033 1040 1065 1077; x_wconf 90' lang='lat' dir='ltr'>se</span> <span class='ocrx_word' id='word_1_35' title='bbox 1097 1039 1214 1095; x_wconf 89' lang='lat' dir='ltr'>quoque</span> <span class='ocrx_word' id='word_1_36' title='bbox 1245 1029 1273 1076; x_wconf 87' lang='lat' dir='ltr'>et</span> <span class='ocrx_word' id='word_1_37' title='bbox 1305 1020 1475 1078; x_wconf 84' lang='lat' dir='ltr'>tribuniciam</span> <span class='ocrx_word' id='word_1_38' title='bbox 1521 1014 1523 1093; x_wconf 89' lang='grc'>1</span> 
     </span>
     <span class='ocr_line' id='line_1_6' title="bbox 329 1125 1523 1203; baseline -0.004 -18"><span class='ocrx_word' id='word_1_39' title='bbox 329 1131 371 1198; x_wconf 74' lang='grc' dir='ltr'>5Ί</span> <span class='ocrx_word' id='word_1_40' title='bbox 423 1137 596 1203; x_wconf 87' lang='lat' dir='ltr'>potestatem</span> <span class='ocrx_word' id='word_1_41' title='bbox 620 1137 748 1202; x_wconf 76' lang='lat' dir='ltr'><strong>agerent.</strong></span> <span class='ocrx_word' id='word_1_42' title='bbox 797 1127 870 1184; x_wconf 86' lang='lat' dir='ltr'>Haec</span> <span class='ocrx_word' id='word_1_43' title='bbox 899 1126 1046 1182; x_wconf 85' lang='lat' dir='ltr'>contentio</span> <span class='ocrx_word' id='word_1_44' title='bbox 1075 1126 1192 1182; x_wconf 69' lang='lat' dir='ltr'>nunime</span> <span class='ocrx_word' id='word_1_45' title='bbox 1222 1125 1329 1182; x_wconf 88' lang='lat' dir='ltr'>idoneo</span> <span class='ocrx_word' id='word_1_46' title='bbox 1351 1136 1478 1200; x_wconf 83' lang='lat' dir='ltr'>tempore,</span> <span class='ocrx_word' id='word_1_47' title='bbox 1521 1158 1523 1163; x_wconf 60' lang='lat'>&gt;</span> 
     </span>
     <span class='ocr_line' id='line_1_7' title="bbox 425 1230 1477 1307; baseline -0.005 -17"><span class='ocrx_word' id='word_1_48' title='bbox 425 1252 513 1307; x_wconf 91' lang='lat' dir='ltr'>quum</span> <span class='ocrx_word' id='word_1_49' title='bbox 536 1241 647 1289; x_wconf 88' lang='lat' dir='ltr'>tantum</span> <span class='ocrx_word' id='word_1_50' title='bbox 670 1230 737 1289; x_wconf 91' lang='lat' dir='ltr'>belli</span> <span class='ocrx_word' id='word_1_51' title='bbox 759 1232 787 1288; x_wconf 91' lang='lat' dir='ltr'>in</span> <span class='ocrx_word' id='word_1_52' title='bbox 811 1231 945 1288; x_wconf 88' lang='lat' dir='ltr'>manibus</span> <span class='ocrx_word' id='word_1_53' title='bbox 969 1241 1054 1298; x_wconf 64' lang='lat' dir='ltr'>esset</span> <span class='ocrx_word' id='word_1_54' title='bbox 1082 1241 1280 1305; x_wconf 89' lang='lat' dir='ltr'>occupaverat</span> <span class='ocrx_word' id='word_1_55' title='bbox 1301 1231 1477 1305; x_wconf 81' lang='lat' dir='ltr'>cogitationes</span> 
     </span>
     <span class='ocr_line' id='line_1_8' title="bbox 395 1333 1477 1408; baseline -0.006 -13"><span class='ocrx_word' id='word_1_56' title='bbox 395 1338 589 1404; x_wconf 83' lang='lat' dir='ltr'>2hominum,</span> <span class='ocrx_word' id='word_1_57' title='bbox 613 1335 722 1400; x_wconf 87' lang='lat' dir='ltr'>donec,</span> <span class='ocrx_word' id='word_1_58' title='bbox 745 1336 795 1392; x_wconf 90' lang='lat' dir='ltr'>ubi</span> <span class='ocrx_word' id='word_1_59' title='bbox 817 1337 867 1392; x_wconf 89' lang='lat' dir='ltr'>diu</span> <span class='ocrx_word' id='word_1_60' title='bbox 895 1335 1013 1393; x_wconf 86' lang='lat' dir='ltr'>alternis</span> <span class='ocrx_word' id='word_1_61' title='bbox 1034 1334 1126 1391; x_wconf 89' lang='lat' dir='ltr'>lulius</span> <span class='ocrx_word' id='word_1_62' title='bbox 1148 1333 1375 1408; x_wconf 80' lang='lat' dir='ltr'>Corneliusque,</span> <span class='ocrx_word' id='word_1_63' title='bbox 1405 1353 1477 1408; x_wconf 87' lang='lat' dir='ltr'>quun</span> 
     </span>
     <span class='ocr_line' id='line_1_9' title="bbox 426 1440 1477 1515; baseline -0.002 -16"><span class='ocrx_word' id='word_1_64' title='bbox 426 1443 514 1500; x_wconf 89' lang='lat' dir='ltr'>adid</span> <span class='ocrx_word' id='word_1_65' title='bbox 536 1440 642 1497; x_wconf 85' lang='lat' dir='ltr'>bellurn</span> <span class='ocrx_word' id='word_1_66' title='bbox 666 1440 722 1515; x_wconf 89' lang='lat' dir='ltr'>ipsi</span> <span class='ocrx_word' id='word_1_67' title='bbox 744 1441 814 1498; x_wconf 86' lang='lat' dir='ltr'>satis</span> <span class='ocrx_word' id='word_1_68' title='bbox 835 1442 934 1498; x_wconf 87' lang='lat' dir='ltr'>idonei</span> <span class='ocrx_word' id='word_1_69' title='bbox 956 1440 1044 1496; x_wconf 85' lang='lat' dir='ltr'>duces</span> <span class='ocrx_word' id='word_1_70' title='bbox 1065 1446 1177 1507; x_wconf 78' lang='lat' dir='ltr'>essent,</span> <span class='ocrx_word' id='word_1_71' title='bbox 1199 1457 1259 1494; x_wconf 91' lang='lat' dir='ltr'>uon</span> <span class='ocrx_word' id='word_1_72' title='bbox 1281 1457 1347 1496; x_wconf 88' lang='lat' dir='ltr'>esse</span> <span class='ocrx_word' id='word_1_73' title='bbox 1366 1458 1477 1513; x_wconf 75' lang='lat' dir='ltr'>aeqauu.</span> 
     </span>
     <span class='ocr_line' id='line_1_10' title="bbox 395 1542 1479 1620; baseline -0.009 -15"><span class='ocrx_word' id='word_1_74' title='bbox 395 1547 594 1612; x_wconf 72' lang='lat' dir='ltr'>amandatum</span> <span class='ocrx_word' id='word_1_75' title='bbox 616 1544 671 1600; x_wconf 88' lang='lat' dir='ltr'>sibi</span> <span class='ocrx_word' id='word_1_76' title='bbox 693 1563 711 1600; x_wconf 91' lang='lat' dir='ltr'>a</span> <span class='ocrx_word' id='word_1_77' title='bbox 732 1547 841 1620; x_wconf 91' lang='lat' dir='ltr'>populo</span> <span class='ocrx_word' id='word_1_78' title='bbox 855 1545 928 1620; x_wconf 90' lang='lat' dir='ltr'>eripi</span> <span class='ocrx_word' id='word_1_79' title='bbox 949 1545 1100 1611; x_wconf 77' lang='lat' dir='ltr'>honorem,</span> <span class='ocrx_word' id='word_1_80' title='bbox 1122 1542 1294 1613; x_wconf 85' lang='lat' dir='ltr'>disseruere,</span> <span class='ocrx_word' id='word_1_81' title='bbox 1314 1552 1376 1600; x_wconf 89' lang='lat' dir='ltr'>tum</span> <span class='ocrx_word' id='word_1_82' title='bbox 1395 1543 1479 1600; x_wconf 83' lang='lat' dir='ltr'>Ahala</span> 
     </span>
     <span class='ocr_line' id='line_1_11' title="bbox 427 1647 1523 1721; baseline -0.01 -9"><span class='ocrx_word' id='word_1_83' title='bbox 427 1651 583 1719; x_wconf 82' lang='lat' dir='ltr'>Servilius,</span> <span class='ocrx_word' id='word_1_84' title='bbox 613 1649 744 1706; x_wconf 88' lang='lat' dir='ltr'>tribunus</span> <span class='ocrx_word' id='word_1_85' title='bbox 766 1649 904 1719; x_wconf 88' lang='lat' dir='ltr'>militum,</span> <span class='ocrx_word' id='word_1_86' title='bbox 931 1648 1057 1705; x_wconf 78' lang='lat' dir='ltr'>tacuisse</span> <span class='ocrx_word' id='word_1_87' title='bbox 1077 1666 1110 1704; x_wconf 92' lang='lat' dir='ltr'>se</span> <span class='ocrx_word' id='word_1_88' title='bbox 1130 1647 1242 1704; x_wconf 85' lang='lat' dir='ltr'>tamdiu</span> <span class='ocrx_word' id='word_1_89' title='bbox 1271 1648 1322 1715; x_wconf 83' lang='lat' dir='ltr'>ait,</span> <span class='ocrx_word' id='word_1_90' title='bbox 1344 1667 1404 1704; x_wconf 89' lang='lat' dir='ltr'>non</span> <span class='ocrx_word' id='word_1_91' title='bbox 1423 1647 1479 1721; x_wconf 88' lang='lat' dir='ltr'>quia</span> <span class='ocrx_word' id='word_1_92' title='bbox 1521 1690 1523 1693; x_wconf 91' lang='lat'>.</span> 
     </span>
     <span class='ocr_line' id='line_1_12' title="bbox 426 1752 1479 1828; baseline -0.007 -15"><span class='ocrx_word' id='word_1_93' title='bbox 426 1757 551 1813; x_wconf 90' lang='lat' dir='ltr'>incertus</span> <span class='ocrx_word' id='word_1_94' title='bbox 579 1755 727 1812; x_wconf 81' lang='lat' dir='ltr'>sententiae</span> <span class='ocrx_word' id='word_1_95' title='bbox 756 1754 842 1812; x_wconf 86' lang='lat' dir='ltr'>fuerit</span> <span class='ocrx_word' id='word_1_96' title='bbox 865 1754 964 1828; x_wconf 89' lang='lat' dir='ltr'>(qoem</span> <span class='ocrx_word' id='word_1_97' title='bbox 993 1752 1068 1809; x_wconf 91' lang='lat' dir='ltr'>enim</span> <span class='ocrx_word' id='word_1_98' title='bbox 1099 1754 1206 1810; x_wconf 89' lang='lat' dir='ltr'>bonum</span> <span class='ocrx_word' id='word_1_99' title='bbox 1228 1752 1323 1808; x_wconf 87' lang='lat' dir='ltr'>civem</span> <span class='ocrx_word' id='word_1_100' title='bbox 1345 1768 1479 1808; x_wconf 81' lang='lat' dir='ltr'>secernere</span> 
     </span>
     <span class='ocr_line' id='line_1_13' title="bbox 427 1856 1479 1934; baseline -0.007 -18"><span class='ocrx_word' id='word_1_101' title='bbox 427 1877 481 1916; x_wconf 87' lang='lat' dir='ltr'>sua</span> <span class='ocrx_word' id='word_1_102' title='bbox 492 1879 511 1916; x_wconf 89' lang='lat' dir='ltr'>a</span> <span class='ocrx_word' id='word_1_103' title='bbox 528 1859 651 1934; x_wconf 84' lang='lat' dir='ltr'>publicis</span> <span class='ocrx_word' id='word_1_104' title='bbox 664 1858 826 1930; x_wconf 79' lang='lat' dir='ltr'>consilini),</span> <span class='ocrx_word' id='word_1_105' title='bbox 849 1858 901 1916; x_wconf 87' lang='lat' dir='ltr'>sed</span> <span class='ocrx_word' id='word_1_106' title='bbox 924 1859 992 1932; x_wconf 87' lang='lat' dir='ltr'>quia</span> <span class='ocrx_word' id='word_1_107' title='bbox 1013 1856 1157 1924; x_wconf 80' lang='lat' dir='ltr'>maluerit,</span> <span class='ocrx_word' id='word_1_108' title='bbox 1179 1856 1308 1931; x_wconf 85' lang='lat' dir='ltr'>collegas</span> <span class='ocrx_word' id='word_1_109' title='bbox 1323 1876 1378 1914; x_wconf 87' lang='lat' dir='ltr'>sua</span> <span class='ocrx_word' id='word_1_110' title='bbox 1392 1867 1479 1931; x_wconf 84' lang='lat' dir='ltr'>sponte</span> 
     </span>
     <span class='ocr_line' id='line_1_14' title="bbox 427 1961 1479 2037; baseline -0.006 -16"><span class='ocrx_word' id='word_1_111' title='bbox 427 1963 529 2022; x_wconf 76' lang='lat' dir='ltr'>cedere</span> <span class='ocrx_word' id='word_1_112' title='bbox 544 1962 711 2020; x_wconf 80' lang='lat' dir='ltr'>auctoritati</span> <span class='ocrx_word' id='word_1_113' title='bbox 731 1971 859 2031; x_wconf 81' lang='lat' dir='ltr'>senatus,</span> <span class='ocrx_word' id='word_1_114' title='bbox 881 1982 969 2037; x_wconf 89' lang='lat' dir='ltr'>quam</span> <span class='ocrx_word' id='word_1_115' title='bbox 988 1961 1172 2019; x_wconf 81' lang='lat' dir='ltr'>tribuniciam</span> <span class='ocrx_word' id='word_1_116' title='bbox 1193 1969 1371 2036; x_wconf 86' lang='lat' dir='ltr'>potestatem</span> <span class='ocrx_word' id='word_1_117' title='bbox 1391 1963 1479 2018; x_wconf 78' lang='lat' dir='ltr'>adru-</span> 
     </span>
     <span class='ocr_line' id='line_1_15' title="bbox 398 2067 1479 2142; baseline -0.002 -13"><span class='ocrx_word' id='word_1_118' title='bbox 398 2076 477 2130; x_wconf 79' lang='lat' dir='ltr'>4sos</span> <span class='ocrx_word' id='word_1_119' title='bbox 510 2087 541 2124; x_wconf 91' lang='lat' dir='ltr'>se</span> <span class='ocrx_word' id='word_1_120' title='bbox 572 2067 723 2142; x_wconf 87' lang='lat' dir='ltr'>implorari</span> <span class='ocrx_word' id='word_1_121' title='bbox 756 2076 933 2142; x_wconf 86' lang='lat' dir='ltr'>paterentur.</span> <span class='ocrx_word' id='word_1_122' title='bbox 986 2070 1063 2125; x_wconf 92' lang='lat' dir='ltr'>Tum</span> <span class='ocrx_word' id='word_1_123' title='bbox 1096 2084 1226 2140; x_wconf 88' lang='lat' dir='ltr'>quoque,</span> <span class='ocrx_word' id='word_1_124' title='bbox 1259 2068 1286 2123; x_wconf 91' lang='lat' dir='ltr'>si</span> <span class='ocrx_word' id='word_1_125' title='bbox 1312 2085 1361 2125; x_wconf 91' lang='lat' dir='ltr'>res</span> <span class='ocrx_word' id='word_1_126' title='bbox 1381 2069 1479 2127; x_wconf 75' lang='lat' dir='ltr'>sinera</span> 
     </span>
     <span class='ocr_line' id='line_1_16' title="bbox 428 2167 1480 2248; baseline -0.003 -18"><span class='ocrx_word' id='word_1_127' title='bbox 428 2167 550 2231; x_wconf 87' lang='lat' dir='ltr'>libenter</span> <span class='ocrx_word' id='word_1_128' title='bbox 571 2191 603 2228; x_wconf 89' lang='lat' dir='ltr'>se</span> <span class='ocrx_word' id='word_1_129' title='bbox 624 2172 758 2228; x_wconf 89' lang='lat' dir='ltr'>daturum</span> <span class='ocrx_word' id='word_1_130' title='bbox 789 2182 904 2248; x_wconf 89' lang='lat' dir='ltr'>tempus</span> <span class='ocrx_word' id='word_1_131' title='bbox 924 2174 960 2229; x_wconf 90' lang='lat' dir='ltr'>iis</span> <span class='ocrx_word' id='word_1_132' title='bbox 981 2172 1070 2229; x_wconf 90' lang='lat' dir='ltr'>fuisse</span> <span class='ocrx_word' id='word_1_133' title='bbox 1092 2172 1129 2228; x_wconf 88' lang='lat' dir='ltr'>ad</span> <span class='ocrx_word' id='word_1_134' title='bbox 1152 2180 1300 2246; x_wconf 88' lang='lat' dir='ltr'>receptum</span> <span class='ocrx_word' id='word_1_135' title='bbox 1323 2173 1408 2229; x_wconf 89' lang='lat' dir='ltr'>nimis</span> <span class='ocrx_word' id='word_1_136' title='bbox 1427 2190 1480 2246; x_wconf 84' lang='lat' dir='ltr'>per·</span> 
     </span>
     <span class='ocr_line' id='line_1_17' title="bbox 429 2277 1523 2351; baseline 0 -16"><span class='ocrx_word' id='word_1_137' title='bbox 429 2277 532 2336; x_wconf 83' lang='lat' dir='ltr'>tinacis</span> <span class='ocrx_word' id='word_1_138' title='bbox 555 2277 716 2344; x_wconf 87' lang='lat' dir='ltr'>senteutiae;</span> <span class='ocrx_word' id='word_1_139' title='bbox 751 2277 804 2333; x_wconf 89' lang='lat' dir='ltr'>sed</span> <span class='ocrx_word' id='word_1_140' title='bbox 826 2295 914 2350; x_wconf 90' lang='lat' dir='ltr'>quum</span> <span class='ocrx_word' id='word_1_141' title='bbox 944 2277 1013 2334; x_wconf 92' lang='lat' dir='ltr'>belli</span> <span class='ocrx_word' id='word_1_142' title='bbox 1033 2277 1220 2333; x_wconf 78' lang='lat' dir='ltr'>necessitates</span> <span class='ocrx_word' id='word_1_143' title='bbox 1246 2296 1307 2335; x_wconf 88' lang='lat' dir='ltr'>non</span> <span class='ocrx_word' id='word_1_144' title='bbox 1330 2285 1481 2351; x_wconf 84' lang='lat' dir='ltr'>exspectent</span> <span class='ocrx_word' id='word_1_145' title='bbox 1521 2332 1523 2335; x_wconf 86' lang='lat'>.</span> 
     </span>
     <span class='ocr_line' id='line_1_18' title="bbox 429 2381 1478 2456; baseline -0.007 -16"><span class='ocrx_word' id='word_1_146' title='bbox 429 2385 558 2440; x_wconf 86' lang='lat' dir='ltr'>humana</span> <span class='ocrx_word' id='word_1_147' title='bbox 578 2381 708 2450; x_wconf 88' lang='lat' dir='ltr'>consilia,</span> <span class='ocrx_word' id='word_1_148' title='bbox 729 2382 872 2456; x_wconf 87' lang='lat' dir='ltr'>potiorem</span> <span class='ocrx_word' id='word_1_149' title='bbox 895 2383 950 2439; x_wconf 91' lang='lat' dir='ltr'>sibi</span> <span class='ocrx_word' id='word_1_150' title='bbox 965 2382 1141 2455; x_wconf 84' lang='lat' dir='ltr'>collegarum</span> <span class='ocrx_word' id='word_1_151' title='bbox 1156 2382 1253 2456; x_wconf 84' lang='lat' dir='ltr'>gratia</span> <span class='ocrx_word' id='word_1_152' title='bbox 1273 2381 1478 2456; x_wconf 82' lang='lat' dir='ltr'>rempublicam</span> 
     </span>
     <span class='ocr_line' id='line_1_19' title="bbox 400 2487 1479 2559; baseline -0.006 -15"><span class='ocrx_word' id='word_1_153' title='bbox 400 2487 502 2556; x_wconf 85' lang='lat' dir='ltr'>5fore,</span> <span class='ocrx_word' id='word_1_154' title='bbox 537 2496 579 2556; x_wconf 85' lang='lat' dir='ltr'>et,</span> <span class='ocrx_word' id='word_1_155' title='bbox 611 2487 636 2542; x_wconf 89' lang='lat' dir='ltr'>si</span> <span class='ocrx_word' id='word_1_156' title='bbox 665 2496 781 2544; x_wconf 85' lang='lat' dir='ltr'>maneat</span> <span class='ocrx_word' id='word_1_157' title='bbox 810 2487 841 2542; x_wconf 89' lang='lat' dir='ltr'>in</span> <span class='ocrx_word' id='word_1_158' title='bbox 873 2488 1016 2545; x_wconf 85' lang='lat' dir='ltr'>sententia</span> <span class='ocrx_word' id='word_1_159' title='bbox 1047 2496 1176 2559; x_wconf 85' lang='lat' dir='ltr'>senatus,</span> <span class='ocrx_word' id='word_1_160' title='bbox 1207 2487 1381 2546; x_wconf 77' lang='lat' dir='ltr'>dictatorern</span> <span class='ocrx_word' id='word_1_161' title='bbox 1410 2494 1479 2540; x_wconf 85' lang='lat' dir='ltr'>nocte</span> 
     </span>
     <span class='ocr_line' id='line_1_20' title="bbox 429 2590 1478 2668; baseline -0.001 -18"><span class='ocrx_word' id='word_1_162' title='bbox 429 2593 565 2668; x_wconf 82' lang='lat' dir='ltr'>proxima</span> <span class='ocrx_word' id='word_1_163' title='bbox 595 2593 752 2662; x_wconf 85' lang='lat' dir='ltr'>dicturum3</span> <span class='ocrx_word' id='word_1_164' title='bbox 786 2611 821 2650; x_wconf 92' lang='lat' dir='ltr'>ac</span> <span class='ocrx_word' id='word_1_165' title='bbox 856 2593 880 2648; x_wconf 88' lang='lat' dir='ltr'>si</span> <span class='ocrx_word' id='word_1_166' title='bbox 913 2593 977 2666; x_wconf 86' lang='lat' dir='ltr'>quis</span> <span class='ocrx_word' id='word_1_167' title='bbox 1010 2592 1169 2649; x_wconf 87' lang='lat' dir='ltr'>intercedat</span> <span class='ocrx_word' id='word_1_168' title='bbox 1202 2600 1322 2648; x_wconf 88' lang='lat' dir='ltr'>senatus</span> <span class='ocrx_word' id='word_1_169' title='bbox 1356 2590 1478 2649; x_wconf 64' lang='lat' dir='ltr'>consulto,</span> 
     </span>
     <span class='ocr_line' id='line_1_21' title="bbox 401 2692 1478 2771; baseline -0.005 -17"><span class='ocrx_word' id='word_1_170' title='bbox 401 2697 602 2762; x_wconf 66' lang='lat' dir='ltr'>tauctoritate</span> <span class='ocrx_word' id='word_1_171' title='bbox 624 2715 656 2754; x_wconf 87' lang='lat' dir='ltr'>se</span> <span class='ocrx_word' id='word_1_172' title='bbox 677 2697 741 2754; x_wconf 85' lang='lat' dir='ltr'>iore</span> <span class='ocrx_word' id='word_1_173' title='bbox 763 2707 939 2756; x_wconf 86' lang='lat' dir='ltr'>contentum.</span> <span class='ocrx_word' id='word_1_174' title='bbox 982 2697 1049 2770; x_wconf 78' lang='lat' dir='ltr'>Quo</span> <span class='ocrx_word' id='word_1_175' title='bbox 1064 2697 1143 2753; x_wconf 81' lang='lat' dir='ltr'>facto</span> <span class='ocrx_word' id='word_1_176' title='bbox 1165 2715 1254 2771; x_wconf 90' lang='lat' dir='ltr'>quum</span> <span class='ocrx_word' id='word_1_177' title='bbox 1274 2697 1357 2752; x_wconf 88' lang='lat' dir='ltr'>hand</span> <span class='ocrx_word' id='word_1_178' title='bbox 1372 2692 1478 2753; x_wconf 86' lang='lat' dir='ltr'>immeri-</span> 
     </span>
     <span class='ocr_line' id='line_1_22' title="bbox 430 2799 1479 2878; baseline -0.007 -20"><span class='ocrx_word' id='word_1_179' title='bbox 430 2813 491 2858; x_wconf 89' lang='lat' dir='ltr'>tam</span> <span class='ocrx_word' id='word_1_180' title='bbox 525 2801 640 2858; x_wconf 87' lang='lat' dir='ltr'>laudem</span> <span class='ocrx_word' id='word_1_181' title='bbox 673 2802 858 2877; x_wconf 81' lang='lat' dir='ltr'>gratiamque</span> <span class='ocrx_word' id='word_1_182' title='bbox 886 2803 964 2878; x_wconf 90' lang='lat' dir='ltr'>apud</span> <span class='ocrx_word' id='word_1_183' title='bbox 996 2820 1096 2858; x_wconf 88' lang='lat' dir='ltr'>omnes</span> <span class='ocrx_word' id='word_1_184' title='bbox 1132 2802 1257 2870; x_wconf 87' lang='lat' dir='ltr'>tulisset,</span> <span class='ocrx_word' id='word_1_185' title='bbox 1289 2802 1427 2858; x_wconf 86' lang='lat' dir='ltr'>dictatore</span> <span class='ocrx_word' id='word_1_186' title='bbox 1451 2799 1479 2853; x_wconf 87' lang='lat' dir='ltr'>P.</span> 
     </span>
     <span class='ocr_line' id='line_1_23' title="bbox 431 2902 1479 2982; baseline -0.009 -18"><span class='ocrx_word' id='word_1_187' title='bbox 431 2906 566 2964; x_wconf 88' lang='lat' dir='ltr'>Cornelio</span> <span class='ocrx_word' id='word_1_188' title='bbox 590 2906 683 2976; x_wconf 87' lang='lat' dir='ltr'>dicto,</span> <span class='ocrx_word' id='word_1_189' title='bbox 711 2908 774 2982; x_wconf 89' lang='lat' dir='ltr'>ipse</span> <span class='ocrx_word' id='word_1_190' title='bbox 795 2910 833 2965; x_wconf 88' lang='lat' dir='ltr'>ab</span> <span class='ocrx_word' id='word_1_191' title='bbox 858 2927 893 2964; x_wconf 92' lang='lat' dir='ltr'>eo</span> <span class='ocrx_word' id='word_1_192' title='bbox 915 2907 1054 2982; x_wconf 85' lang='lat' dir='ltr'>magister</span> <span class='ocrx_word' id='word_1_193' title='bbox 1074 2907 1204 2980; x_wconf 90' lang='lat' dir='ltr'>equitum</span> <span class='ocrx_word' id='word_1_194' title='bbox 1226 2915 1342 2962; x_wconf 88' lang='lat' dir='ltr'>creatus</span> <span class='ocrx_word' id='word_1_195' title='bbox 1365 2902 1479 2977; x_wconf 87' lang='lat' dir='ltr'>exemplo</span> 
     </span>
     <span class='ocr_line' id='line_1_24' title="bbox 431 3011 1479 3094; baseline -0.009 -26"><span class='ocrx_word' id='word_1_196' title='bbox 431 3011 486 3094; x_wconf 76' lang='lat' dir='ltr'>fuit</span> <span class='ocrx_word' id='word_1_197' title='bbox 514 3012 682 3086; x_wconf 76' lang='lat' dir='ltr'>collegisse</span> <span class='ocrx_word' id='word_1_198' title='bbox 703 3031 827 3086; x_wconf 89' lang='lat' dir='ltr'>eumque</span> <span class='ocrx_word' id='word_1_199' title='bbox 847 3012 1041 3079; x_wconf 89' lang='lat' dir='ltr'>intuentibus,</span> <span class='ocrx_word' id='word_1_200' title='bbox 1064 3031 1152 3085; x_wconf 90' lang='lat' dir='ltr'>quam</span> <span class='ocrx_word' id='word_1_201' title='bbox 1174 3012 1271 3086; x_wconf 81' lang='lat' dir='ltr'>gratia</span> <span class='ocrx_word' id='word_1_202' title='bbox 1293 3022 1382 3086; x_wconf 84' lang='lat' dir='ltr'>atque</span> <span class='ocrx_word' id='word_1_203' title='bbox 1402 3012 1479 3066; x_wconf 86' lang='lat' dir='ltr'>bonos</span> 
     </span>
     <span class='ocr_line' id='line_1_25' title="bbox 403 3111 1479 3192; baseline -0.007 -19"><span class='ocrx_word' id='word_1_204' title='bbox 403 3117 642 3192; x_wconf 79' lang='lat' dir='ltr'>&#39;lopportuniora</span> <span class='ocrx_word' id='word_1_205' title='bbox 669 3117 812 3174; x_wconf 88' lang='lat' dir='ltr'>interdum</span> <span class='ocrx_word' id='word_1_206' title='bbox 844 3137 903 3174; x_wconf 90' lang='lat' dir='ltr'>non</span> <span class='ocrx_word' id='word_1_207' title='bbox 931 3117 1111 3192; x_wconf 86' lang='lat' dir='ltr'>cupientibus</span> <span class='ocrx_word' id='word_1_208' title='bbox 1135 3128 1239 3177; x_wconf 78' lang='lat' dir='ltr'>essem.</span> <span class='ocrx_word' id='word_1_209' title='bbox 1283 3118 1397 3174; x_wconf 90' lang='lat' dir='ltr'>Bellum</span> <span class='ocrx_word' id='word_1_210' title='bbox 1416 3111 1479 3170; x_wconf 84' lang='lat' dir='ltr'>haud</span> 
     </span>
     <span class='ocr_line' id='line_1_26' title="bbox 432 3219 1479 3298; baseline -0.004 -20"><span class='ocrx_word' id='word_1_211' title='bbox 432 3223 620 3280; x_wconf 86' lang='lat' dir='ltr'>memorabile</span> <span class='ocrx_word' id='word_1_212' title='bbox 641 3223 704 3280; x_wconf 86' lang='lat' dir='ltr'>fuit.</span> <span class='ocrx_word' id='word_1_213' title='bbox 747 3224 815 3282; x_wconf 89' lang='lat' dir='ltr'>Uno</span> <span class='ocrx_word' id='word_1_214' title='bbox 838 3233 927 3298; x_wconf 86' lang='lat' dir='ltr'>atque</span> <span class='ocrx_word' id='word_1_215' title='bbox 949 3242 984 3278; x_wconf 89' lang='lat' dir='ltr'>eo</span> <span class='ocrx_word' id='word_1_216' title='bbox 1005 3221 1085 3280; x_wconf 83' lang='lat' dir='ltr'>facili</span> <span class='ocrx_word' id='word_1_217' title='bbox 1106 3223 1208 3296; x_wconf 82' lang='lat' dir='ltr'>proelio</span> <span class='ocrx_word' id='word_1_218' title='bbox 1229 3222 1297 3279; x_wconf 77' lang='lat' dir='ltr'>oaesi</span> <span class='ocrx_word' id='word_1_219' title='bbox 1319 3222 1358 3279; x_wconf 88' lang='lat' dir='ltr'>ad</span> <span class='ocrx_word' id='word_1_220' title='bbox 1376 3219 1479 3279; x_wconf 73' lang='lat' dir='ltr'>Ausum</span> 
     </span>
     <span class='ocr_line' id='line_1_27' title="bbox 432 3320 1479 3402; baseline -0.008 -17"><span class='ocrx_word' id='word_1_221' title='bbox 432 3329 543 3397; x_wconf 78' lang='lat' dir='ltr'>hostes3</span> <span class='ocrx_word' id='word_1_222' title='bbox 566 3330 660 3386; x_wconf 85' lang='lat' dir='ltr'>victor</span> <span class='ocrx_word' id='word_1_223' title='bbox 681 3329 824 3385; x_wconf 86' lang='lat' dir='ltr'>exercitus</span> <span class='ocrx_word' id='word_1_224' title='bbox 846 3328 1039 3402; x_wconf 84' lang='lat' dir='ltr'>depopulatus</span> <span class='ocrx_word' id='word_1_225' title='bbox 1060 3327 1201 3384; x_wconf 87' lang='lat' dir='ltr'>Volscum</span> <span class='ocrx_word' id='word_1_226' title='bbox 1225 3345 1338 3401; x_wconf 80' lang='lat' dir='ltr'>agrum.</span> <span class='ocrx_word' id='word_1_227' title='bbox 1386 3320 1479 3382; x_wconf 85' lang='lat' dir='ltr'>Castel-</span> 
     </span>
     <span class='ocr_line' id='line_1_28' title="bbox 431 3425 1479 3517; baseline -0.006 -29"><span class='ocrx_word' id='word_1_228' title='bbox 431 3433 491 3489; x_wconf 90' lang='lat' dir='ltr'>lum</span> <span class='ocrx_word' id='word_1_229' title='bbox 514 3434 551 3490; x_wconf 87' lang='lat' dir='ltr'>ad</span> <span class='ocrx_word' id='word_1_230' title='bbox 572 3434 669 3490; x_wconf 91' lang='lat' dir='ltr'>lacum</span> <span class='ocrx_word' id='word_1_231' title='bbox 691 3432 833 3490; x_wconf 86' lang='lat' dir='ltr'>Fucinum</span> <span class='ocrx_word' id='word_1_232' title='bbox 856 3432 887 3487; x_wconf 88' lang='lat' dir='ltr'>ri</span> <span class='ocrx_word' id='word_1_233' title='bbox 908 3441 1116 3517; x_wconf 78' lang='lat' dir='ltr'>expugnatum,</span> <span class='ocrx_word' id='word_1_234' title='bbox 1139 3441 1227 3505; x_wconf 88' lang='lat' dir='ltr'>atque</span> <span class='ocrx_word' id='word_1_235' title='bbox 1246 3432 1277 3488; x_wconf 91' lang='lat' dir='ltr'>in</span> <span class='ocrx_word' id='word_1_236' title='bbox 1299 3450 1336 3488; x_wconf 92' lang='lat' dir='ltr'>eo</span> <span class='ocrx_word' id='word_1_237' title='bbox 1357 3431 1412 3486; x_wconf 87' lang='lat' dir='ltr'>tria</span> <span class='ocrx_word' id='word_1_238' title='bbox 1429 3425 1479 3482; x_wconf 81' lang='lat' dir='ltr'>mil</span> 
     </span>
     <span class='ocr_line' id='line_1_29' title="bbox 432 3535 1479 3613; baseline -0.009 -19"><span class='ocrx_word' id='word_1_239' title='bbox 432 3538 472 3594; x_wconf 89' lang='lat' dir='ltr'>lia</span> <span class='ocrx_word' id='word_1_240' title='bbox 494 3538 642 3594; x_wconf 87' lang='lat' dir='ltr'>hominum</span> <span class='ocrx_word' id='word_1_241' title='bbox 665 3548 760 3613; x_wconf 88' lang='lat' dir='ltr'>capta,</span> <span class='ocrx_word' id='word_1_242' title='bbox 779 3537 882 3594; x_wconf 89' lang='lat' dir='ltr'>ceteris</span> <span class='ocrx_word' id='word_1_243' title='bbox 905 3537 1022 3593; x_wconf 83' lang='lat' dir='ltr'>Volscis</span> <span class='ocrx_word' id='word_1_244' title='bbox 1043 3539 1120 3594; x_wconf 88' lang='lat' dir='ltr'>intra</span> <span class='ocrx_word' id='word_1_245' title='bbox 1139 3537 1247 3594; x_wconf 87' lang='lat' dir='ltr'>moenia</span> <span class='ocrx_word' id='word_1_246' title='bbox 1268 3535 1420 3610; x_wconf 87' lang='lat' dir='ltr'>compulsis</span> <span class='ocrx_word' id='word_1_247' title='bbox 1438 3545 1479 3586; x_wconf 81' lang='lat' dir='ltr'>uec</span> 
     </span>
     <span class='ocr_line' id='line_1_30' title="bbox 404 3641 1479 3718; baseline -0.001 -20"><span class='ocrx_word' id='word_1_248' title='bbox 404 3641 651 3708; x_wconf 72' lang='lat' dir='ltr'>silefendentibus</span> <span class='ocrx_word' id='word_1_249' title='bbox 675 3660 771 3717; x_wconf 85' lang='lat' dir='ltr'>agros.</span> <span class='ocrx_word' id='word_1_250' title='bbox 814 3643 959 3711; x_wconf 83' lang='lat' dir='ltr'>Dictator,</span> <span class='ocrx_word' id='word_1_251' title='bbox 979 3642 1055 3700; x_wconf 89' lang='lat' dir='ltr'>bello</span> <span class='ocrx_word' id='word_1_252' title='bbox 1077 3644 1120 3700; x_wconf 85' lang='lat' dir='ltr'>ita</span> <span class='ocrx_word' id='word_1_253' title='bbox 1133 3651 1231 3718; x_wconf 83' lang='lat' dir='ltr'>gesto,</span> <span class='ocrx_word' id='word_1_254' title='bbox 1252 3652 1286 3698; x_wconf 92' lang='lat' dir='ltr'>ut</span> <span class='ocrx_word' id='word_1_255' title='bbox 1307 3651 1415 3698; x_wconf 83' lang='lat' dir='ltr'>tautum</span> <span class='ocrx_word' id='word_1_256' title='bbox 1433 3652 1479 3691; x_wconf 75' lang='lat' dir='ltr'>¹1⁰ss</span> 
     </span>
     <span class='ocr_line' id='line_1_31' title="bbox 433 3740 1478 3823; baseline -0.005 -20"><span class='ocrx_word' id='word_1_257' title='bbox 433 3745 559 3803; x_wconf 84' lang='lat' dir='ltr'>defuisse</span> <span class='ocrx_word' id='word_1_258' title='bbox 591 3746 714 3804; x_wconf 83' lang='lat' dir='ltr'>fortunae</span> <span class='ocrx_word' id='word_1_259' title='bbox 745 3747 905 3818; x_wconf 88' lang='lat' dir='ltr'>videretur,</span> <span class='ocrx_word' id='word_1_260' title='bbox 935 3747 1073 3805; x_wconf 85' lang='lat' dir='ltr'>felicitate</span> <span class='ocrx_word' id='word_1_261' title='bbox 1103 3767 1191 3823; x_wconf 88' lang='lat' dir='ltr'>quam</span> <span class='ocrx_word' id='word_1_262' title='bbox 1221 3748 1317 3822; x_wconf 85' lang='lat' dir='ltr'>gloria</span> <span class='ocrx_word' id='word_1_263' title='bbox 1344 3745 1432 3802; x_wconf 87' lang='lat' dir='ltr'>maior</span> <span class='ocrx_word' id='word_1_264' title='bbox 1456 3740 1478 3794; x_wconf 83' lang='lat' dir='ltr'>ln</span> 
     </span>
     <span class='ocr_line' id='line_1_32' title="bbox 403 3848 1523 3928; baseline -0.006 -21"><span class='ocrx_word' id='word_1_265' title='bbox 403 3851 534 3919; x_wconf 85' lang='lat' dir='ltr'>9urbem</span> <span class='ocrx_word' id='word_1_266' title='bbox 563 3851 661 3922; x_wconf 88' lang='lat' dir='ltr'>rediit,</span> <span class='ocrx_word' id='word_1_267' title='bbox 694 3853 924 3928; x_wconf 83' lang='lat' dir='ltr'>magistratuque</span> <span class='ocrx_word' id='word_1_268' title='bbox 951 3871 983 3908; x_wconf 91' lang='lat' dir='ltr'>se</span> <span class='ocrx_word' id='word_1_269' title='bbox 1013 3853 1169 3910; x_wconf 84' lang='lat' dir='ltr'>abdicarit</span> <span class='ocrx_word' id='word_1_270' title='bbox 1219 3852 1343 3909; x_wconf 86' lang='lat' dir='ltr'>Tribuni</span> <span class='ocrx_word' id='word_1_271' title='bbox 1366 3848 1479 3906; x_wconf 60' lang='lat' dir='ltr'>militum,</span> <span class='ocrx_word' id='word_1_272' title='bbox 1521 3874 1523 3922; x_wconf 40' lang='grc'><strong>1</strong></span> 
     </span>
     <span class='ocr_line' id='line_1_33' title="bbox 433 3953 1523 4033; baseline -0.007 -21"><span class='ocrx_word' id='word_1_273' title='bbox 433 3957 578 4014; x_wconf 90' lang='lat' dir='ltr'>mentione</span> <span class='ocrx_word' id='word_1_274' title='bbox 599 3959 677 4014; x_wconf 90' lang='lat' dir='ltr'>nulla</span> <span class='ocrx_word' id='word_1_275' title='bbox 699 3958 881 4016; x_wconf 88' lang='lat' dir='ltr'>comitiorum</span> <span class='ocrx_word' id='word_1_276' title='bbox 904 3960 1098 4016; x_wconf 87' lang='lat' dir='ltr'>consularium</span> <span class='ocrx_word' id='word_1_277' title='bbox 1114 3959 1223 4026; x_wconf 81' lang='lat' dir='ltr'>habita,</span> <span class='ocrx_word' id='word_1_278' title='bbox 1247 3958 1345 4026; x_wconf 84' lang='lat' dir='ltr'>credo,</span> <span class='ocrx_word' id='word_1_279' title='bbox 1365 3956 1401 4010; x_wconf 90' lang='lat' dir='ltr'>ob</span> <span class='ocrx_word' id='word_1_280' title='bbox 1418 3953 1478 4007; x_wconf 87' lang='lat' dir='ltr'>iram</span> <span class='ocrx_word' id='word_1_281' title='bbox 1521 3988 1523 4033; x_wconf 67' lang='lat'>,</span> 
     </span>
     <span class='ocr_line' id='line_1_34' title="bbox 349 4057 1523 4132; baseline -0.001 -13"><span class='ocrx_word' id='word_1_282' title='bbox 349 4119 352 4132; x_wconf 59' lang='grc'><strong><em>,</em></strong></span> <span class='ocrx_word' id='word_1_283' title='bbox 385 4076 421 4129; x_wconf 82' lang='lat'>10</span> <span class='ocrx_word' id='word_1_284' title='bbox 434 4063 583 4120; x_wconf 87' lang='lat' dir='ltr'>dictatoris</span> <span class='ocrx_word' id='word_1_285' title='bbox 605 4065 704 4132; x_wconf 86' lang='lat' dir='ltr'>creati,</span> <span class='ocrx_word' id='word_1_286' title='bbox 726 4064 907 4120; x_wconf 86' lang='lat' dir='ltr'>tribunorum</span> <span class='ocrx_word' id='word_1_287' title='bbox 931 4065 1051 4121; x_wconf 89' lang='lat' dir='ltr'>militum</span> <span class='ocrx_word' id='word_1_288' title='bbox 1074 4065 1192 4122; x_wconf 87' lang='lat' dir='ltr'>comitia</span> <span class='ocrx_word' id='word_1_289' title='bbox 1213 4064 1374 4120; x_wconf 80' lang='lat' dir='ltr'>edixerunt.</span> <span class='ocrx_word' id='word_1_290' title='bbox 1416 4057 1478 4113; x_wconf 72' lang='lat' dir='ltr'>Tum</span> <span class='ocrx_word' id='word_1_291' title='bbox 1521 4090 1523 4131; x_wconf 57' lang='lat'>,</span> 
     </span>
     <span class='ocr_line' id='line_1_35' title="bbox 434 4148 1523 4249; baseline -0.006 -25"><span class='ocrx_word' id='word_1_292' title='bbox 434 4188 505 4228; x_wconf 87' lang='lat' dir='ltr'>vero</span> <span class='ocrx_word' id='word_1_293' title='bbox 526 4171 646 4244; x_wconf 85' lang='lat' dir='ltr'>gravior</span> <span class='ocrx_word' id='word_1_294' title='bbox 669 4189 740 4228; x_wconf 86' lang='lat' dir='ltr'>cura</span> <span class='ocrx_word' id='word_1_295' title='bbox 761 4170 893 4244; x_wconf 82' lang='lat' dir='ltr'>patribus</span> <span class='ocrx_word' id='word_1_296' title='bbox 914 4170 1045 4239; x_wconf 85' lang='lat' dir='ltr'>incessit,</span> <span class='ocrx_word' id='word_1_297' title='bbox 1074 4169 1182 4244; x_wconf 92' lang='lat' dir='ltr'>quippe</span> <span class='ocrx_word' id='word_1_298' title='bbox 1212 4187 1302 4242; x_wconf 89' lang='lat' dir='ltr'>quum</span> <span class='ocrx_word' id='word_1_299' title='bbox 1322 4165 1405 4241; x_wconf 87' lang='lat' dir='ltr'>prodi</span> <span class='ocrx_word' id='word_1_300' title='bbox 1423 4178 1478 4218; x_wconf 75' lang='lat' dir='ltr'>ceu·</span> <span class='ocrx_word' id='word_1_301' title='bbox 1521 4148 1523 4249; x_wconf 95' lang='grc'>1</span> 
     </span>
     <span class='ocr_line' id='line_1_36' title="bbox 387 4264 1523 4349; baseline -0.009 -16"><span class='ocrx_word' id='word_1_302' title='bbox 387 4286 418 4340; x_wconf 82' lang='grc'>11</span> <span class='ocrx_word' id='word_1_303' title='bbox 435 4295 498 4332; x_wconf 86' lang='lat' dir='ltr'>sam</span> <span class='ocrx_word' id='word_1_304' title='bbox 523 4277 560 4332; x_wconf 90' lang='lat' dir='ltr'>ab</span> <span class='ocrx_word' id='word_1_305' title='bbox 583 4275 642 4331; x_wconf 91' lang='lat' dir='ltr'>suis</span> <span class='ocrx_word' id='word_1_306' title='bbox 665 4283 821 4331; x_wconf 86' lang='lat' dir='ltr'>cernerent.</span> <span class='ocrx_word' id='word_1_307' title='bbox 865 4275 970 4348; x_wconf 85' lang='lat' dir='ltr'>Itaque</span> <span class='ocrx_word' id='word_1_308' title='bbox 991 4275 1065 4330; x_wconf 86' lang='lat' dir='ltr'>sicut</span> <span class='ocrx_word' id='word_1_309' title='bbox 1091 4275 1188 4349; x_wconf 87' lang='lat' dir='ltr'>priore</span> <span class='ocrx_word' id='word_1_310' title='bbox 1216 4291 1293 4328; x_wconf 86' lang='lat' dir='ltr'>auno</span> <span class='ocrx_word' id='word_1_311' title='bbox 1321 4291 1374 4346; x_wconf 91' lang='lat' dir='ltr'>per</span> <span class='ocrx_word' id='word_1_312' title='bbox 1401 4266 1476 4337; x_wconf 72' lang='lat' dir='ltr'>iudig-</span> <span class='ocrx_word' id='word_1_313' title='bbox 1521 4264 1523 4348; x_wconf 90' lang='grc'>1</span> 
     </span>
    </p>
   </div>
   <div class='ocr_carea' id='block_1_3' title="bbox 0 0 1706 5084">
    <p class='ocr_par' dir='ltr' id='par_1_3' title="bbox 0 0 1706 5084">
     <span class='ocr_line' id='line_1_37' title="bbox 0 0 1706 5084; baseline 0 0"><span class='ocrx_word' id='word_1_314' title='bbox 0 0 1706 5084; x_wconf 95' lang='lat' dir='ltr'> </span> 
     </span>
    </p>
   </div>
  </div>
 </body>
</html>
