3392 5084
868 523 984 567 nem

394 695 518 767 iunpitur
545 693 585 749 ad
599 709 684 749 omne
712 700 841 766 tempus;
863 691 961 749 demde
980 692 1103 749 obsolute
1124 691 1226 747 dicitnr
1245 688 1313 748 rati.
1356 684 1460 745 Altera

395 780 536 852 scriptura
553 776 701 852 perturbat
716 777 909 850 partitionem:
931 776 1025 849 primo
1040 806 1080 819 -
1102 774 1204 831 deinde
1225 804 1263 857 7—
1286 771 1462 847 postremo.)

361 882 366 890 ’
400 865 433 917 ll
458 859 603 916 flaminem
632 859 707 932 (Ma.
733 858 799 918 Em.
821 858 893 931 123)
920 859 988 927 XL,
1024 861 1037 915 1
1068 858 1223 932 (Retentum
1251 857 1371 930 oportuit
1398 874 1463 913 oum
1542 860 1543 889 i

395 942 532 1001 Einseidl
553 942 589 998 H
598 951 624 998 et
638 941 701 1011 edd.
716 942 902 1016 superioribus
916 950 1000 1013 essct,
1020 940 1177 1003 fortunam.
1219 936 1347 1021 Alpes-um
1360 939 1463 995 durius
1542 940 1543 973 ³

397 1046 480 1102 quam
497 1046 553 1101 pro
567 1026 644 1098 Livii
663 1026 805 1098 oratione.)
849 1025 920 1082 2eb
942 1024 987 1083 his
1014 1022 1186 1083 3humanis
1211 1030 1374 1097 superesset
1395 1040 1462 1079 mu·
1542 1032 1543 1039 ’

396 1111 432 1167 lis
453 1108 626 1182 (Fircellius.
674 1108 739 1164 Em.
769 1110 827 1164 124
856 1128 882 1165 n.
933 1108 1091 1184 Superesse
1124 1106 1258 1165 humenis
1291 1105 1374 1163 malis
1409 1106 1463 1161 loa
1542 1130 1543 1137 1

311 1225 319 1241 ·
398 1194 507 1269 quidem
528 1195 557 1249 in
577 1200 701 1248 contestu
729 1192 797 1247 stite
817 1191 879 1264 est.)
912 1195 929 1249 6
957 1199 1146 1265 exsequenlcs
1183 1190 1258 1264 (Mp.
1284 1187 1349 1245 Em.
1378 1188 1462 1262 124.)
1542 1194 1543 1223 ³

398 1279 416 1334 9
438 1277 548 1333 habens
569 1275 714 1349 (Fortasse
735 1275 883 1347 avehens.)
909 1278 945 1332 10
969 1274 1100 1350 publicos
1122 1274 1187 1347 (nan
1214 1272 1348 1344 Vaassen)
1373 1272 1463 1343 XLI,

398 1362 414 1417 3
437 1358 577 1434 praefanto
598 1359 681 1432 (Ma,
703 1357 753 1414 sed
771 1360 875 1415 monuit
896 1362 952 1415 iarn
972 1358 1114 1431 Dukerns)
1138 1360 1326 1430 4arcemque
1342 1355 1462 1429 [totam]
1542 1362 1543 1375 ¹

395 1443 489 1501 solem
510 1442 612 1510 XLII,
635 1443 653 1497 3
675 1440 827 1515 concipere
849 1445 867 1499 6
891 1441 1049 1516 inquietam
1072 1439 1171 1515 (Gron.
1193 1437 1309 1497 Noctem
1330 1457 1377 1495 seu
1399 1441 1462 1513 qui·
1542 1448 1543 1479 ἱ

397 1536 470 1583 etam
490 1544 538 1581 seu
558 1527 706 1599 inquietam
732 1542 837 1599 semper
858 1528 981 1599 sequitur
1011 1526 1074 1591 lum·
1102 1524 1152 1584 sed
1177 1524 1225 1579 lua
1250 1525 1312 1597 ipsa
1339 1524 1464 1597 inquieta

266 1653 277 1665 .
388 1609 470 1683 suit.)
518 1608 637 1676 XLIII,
659 1610 744 1664 2nee
758 1608 870 1683 trepide
884 1609 923 1665 ad
944 1626 1043 1666 omues
1066 1610 1082 1665 3
1099 1617 1197 1683 strage
1218 1624 1254 1663 ec
1271 1605 1356 1663 ruina
1376 1606 1463 1679 (My,

395 1694 539 1766 pensitatis
573 1692 681 1747 duobus
711 1692 808 1747 litteris
814 1713 825 1756 ,·
852 1710 1002 1767 pronomen
1031 1694 1213 1749 necessarium
1245 1689 1305 1761 est)
1360 1692 1378 1745 4
1407 1707 1464 1763 per

395 1777 475 1851 ipsos
497 1773 597 1848 (Gran.
618 1774 675 1833 oid.
698 1776 759 1847 My.
781 1775 821 1830 ad
844 1774 901 1833 Oia.
927 1775 993 1838 Mn.
1018 1775 1089 1849 303)
1114 1778 1130 1833 5
1154 1772 1281 1831 obsideri
1301 1771 1418 1841 XLIV,
1445 1776 1458 1828 l

396 1858 515 1915 fortune
539 1860 595 1915 hoc
625 1858 685 1933 egit
714 1857 787 1930 (Ma.
815 1858 880 1915 Em.
904 1859 975 1932 124)
1008 1861 1101 1933 3pro
1122 1857 1210 1915 tentis
1233 1855 1384 1931 [pristinis]
1406 1874 1464 1930 po-

396 1942 457 2019 puli
478 1941 604 1999 Romani
625 1941 674 2014 (H
674 1962 685 2006 ,-
717 1940 790 1996 ML
824 1942 876 1997 alii
902 1961 955 2017 pro
983 1942 1071 1999 tantis
1097 1938 1218 2017 prolatis
1250 1958 1279 2014 p.
1301 1940 1338 1997 R.
1363 1939 1403 2011 [in
1425 1938 1465 1995 M

396 2025 505 2099 aliquid
525 2034 587 2080 ante
608 2034 753 2081 entremarn
776 2027 894 2081 litteram
922 2028 949 2081 in
971 2025 1092 2100 prolatis
1115 2025 1246 2096 erasum}
1298 2022 1463 2097 Deprauota

396 2111 535 2183 sumptura
558 2127 629 2164 vera
648 2108 779 2164 adiuncta
799 2108 931 2181 videtur.)
962 2112 989 2179 3,
1013 2114 1031 2167 4
1053 2108 1192 2183 pariendi,
1223 2106 1272 2182 qui
1295 2102 1386 2162 effuso
1410 2124 1464 2179 eg·

397 2193 473 2248 mine
495 2192 662 2262 adventant,
683 2209 754 2265 gens
776 2201 820 2247 est
840 2192 933 2265 (codd.
957 2212 1055 2249 omnes.
1077 2192 1141 2247 Em.
1167 2191 1246 2263 125)
1262 2194 1279 2246 5
1295 2188 1340 2246 his
1362 2186 1481 2259 XLV,

399 2279 414 2331 'l
437 2274 642 2349 conpressique
668 2294 687 2331 a
709 2273 834 2331 Caedicio
863 2276 935 2347 (Mq.
950 2276 1014 2331 Em.
1030 2276 1101 2347 125)
1123 2274 1238 2354 XLVI,
1260 2275 1277 2331 2
1300 2272 1444 2346 Dorsuo)

399 2358 518 2416 Gabino
534 2358 627 2415 cinctu
643 2376 729 2415 sacra
743 2359 809 2430 (119.
828 2357 916 2415 Codd.
934 2358 1051 2417 Gabino
1067 2358 1188 2427 cinctum
1210 2359 1261 2431 cfr.
1283 2354 1365 2425 VIIJ,
1386 2355 1415 2424 9,
1429 2356 1462 2426 9)

399 2445 433 2497 11
459 2440 589 2516 conperit
607 2441 698 2514 (codd.
713 2440 793 2512 rece.)
835 2442 973 2512 XLVII,
1003 2444 1020 2498 2
1045 2442 1092 2516 (H
1106 2440 1187 2497 Eine.
1208 2438 1284 2497 Nom
1306 2438 1369 2495 MP
1387 2456 1462 2523 sexo

396 2525 426 2581 in
448 2542 569 2581 escensu
590 2542 688 2597 aequo;
712 2524 858 2580 edebatur:
880 2543 1019 2582 saxorum
1041 2542 1162 2583 ascensu
1186 2523 1293 2599 aequo.)
1329 2525 1345 2579 6
1368 2540 1463 2596 quen·

397 2616 457 2664 tum
479 2607 509 2663 in
537 2607 660 2663 turbatis
689 2608 757 2680 (My.
781 2607 847 2667 Em.
871 2609 941 2681 125)
971 2609 1124 2678 XLVIII,
1157 2609 1170 2663 1
1195 2607 1340 2681 utrimque
1367 2606 1462 2679 (codd.

398 2692 506 2764 aliquot
528 2708 596 2746 recc.
616 2690 759 2762 Dulceons)
782 2692 800 2747 3
826 2700 1006 2748 morerentur
1029 2696 1045 2749 5
1068 2692 1211 2749 abducere
1233 2690 1315 2765 (Lau.
1338 2690 1367 2760 2,
1395 2688 1463 2744 Em.
1542 2716 1543 2763 q

399 2775 458 2831 126
478 2773 519 2845 n.)
543 2778 560 2830 6
581 2773 687 2847 vigiliis
711 2778 726 2829 7
744 2774 939 2846 (Probabiliter
953 2774 1046 2849 Sipon.
1068 2775 1099 2831 in
1122 2773 1273 2847 stationes)
1295 2776 1312 2829 9
1329 2791 1393 2831 esse
1406 2775 1465 2829 sine

397 2860 474 2914 uncis
494 2856 583 2930 (Dulc.
603 2856 700 2913 Ortum
720 2876 754 2912 en
769 2857 916 2932 victissed)
938 2858 1055 2929 XLIX,
1079 2863 1095 2915 5
1112 2850 1258 2915 momento
1273 2858 1346 2930 (My.
1362 2858 1464 2914 Parvo

399 2949 546 2997 momento
568 2941 659 3009 vineit,
681 2944 729 3014 qni
747 2960 800 2997 non
820 2942 905 2998 multo
926 2944 1051 3017 superior
1071 2943 1141 2999 victo
1162 2950 1210 3010 est,
1234 2960 1317 3015 quum
1338 2943 1366 2996 in
1386 2941 1463 2996 meli-

401 3042 474 3081 orem
494 3025 678 3096 inferioremue
694 3032 804 3099 partem
821 3043 875 3080 non
895 3044 996 3098 mapna
1017 3034 1065 3095 est,
1086 3034 1117 3081 ut
1136 3027 1176 3081 ita
1196 3024 1333 3092 dicamus,
1354 3026 1464 3081 trutinae

399 3108 538 3163 inclinatio
560 3115 585 3161 et
606 3116 782 3172 momentum,·
806 3108 861 3164 vid.
884 3108 925 3178 II,
946 3110 996 3178 51,
1019 3108 1050 3165 3
1094 3108 1193 3182 Itaque
1213 3126 1298 3182 neque
1315 3104 1463 3163 Gallorum

398 3190 439 3246 ad
461 3190 557 3246 Aliam
584 3209 670 3263 neque
696 3191 767 3247 nuno
791 3190 902 3247 Camilli
921 3193 1035 3247 victoria
1055 3191 1137 3247 valde
1157 3200 1232 3247 certa
1245 3192 1335 3263 fuisse
1357 3190 1460 3247 dicere·

399 3282 458 3341 tur,
485 3292 583 3347 praue.
632 3270 820 3353 Difficultutis
849 3276 1042 3347 siqniflcutio'
1031 3294 1059 3329 m
1089 3277 1215 3331 momenti
1245 3273 1375 3329 vocabulo
1404 3292 1460 3328 non

399 3366 452 3423 est,
484 3357 565 3413 sed'
554 3376 582 3412 m
610 3358 773 3422 molimenti5
805 3359 856 3429 cfr.
877 3356 1046 3426 XXXVII,
1080 3358 1133 3427 14,
1157 3358 1220 3413 7et
1242 3358 1290 3423 15,
1313 3355 1345 3428 2)
1380 3356 1416 3427 L,
1441 3360 1456 3411 t

399 3439 515 3497 additur
535 3440 637 3513 (omnes
653 3450 758 3514 prater
780 3440 821 3511 Μ)
854 3440 912 3509 LI,
946 3439 1061 3497 lmillc
1082 3440 1174 3497 senati
1195 3355 1345 3497 consultis)
1354 3438 1458 3511 (Kenn

400 3556 560 3626 Mackenrie,
581 3556 689 3627 Scarus,
711 3557 789 3631 apud
810 3556 1046 3614 Reddimannum.
1090 3560 1120 3615 Μ
1138 3556 1241 3615 simille
1262 3557 1332 3627 sies,
1365 3556 1458 3613 Ps1-

402 3674 514 3731 millae
522 3676 571 3731 sic
633 3672 774 3731 Numerus
800 3693 853 3730 non
880 3676 968 3731 minus
999 3676 1040 3733 ad
1068 3675 1199 3751 populi
1188 3693 1290 3731 russum
1312 3693 1395 3747 qnam
1419 3674 1459 3731 ad

402 3760 638 3815 senatusconsulta
654 3757 795 3832 pertinet.)
822 3760 838 3813 3
854 3757 1049 3815 habitaverint
1070 3761 1126 3815 sine
1140 3760 1216 3815 uncis
1237 3758 1287 3828 (du
1301 3756 1372 3813 Rieu
1395 3758 1457 3815 Ba-

401 3840 470 3912 tao)
517 3844 534 3898 9
564 3851 647 3898 terrae
668 3838 768 3914 (Gran.
792 3840 889 3897 Etiam
918 3842 996 3915 apud
1017 3840 1134 3897 Morum
1161 3840 1187 3910 I,
1216 3840 1255 3896 13
1287 3849 1358 3897 recte
1387 3859 1458 3897 nunc

399 3924 490 3980 editur
510 3933 588 3981 terre
616 3923 796 3995 recondunt)
846 3924 914 3993 LII,
959 3923 1172 3981 lmonimeuta
1194 3924 1261 3997 (Ma.
1288 3922 1355 3983 Mas
1386 3926 1456 3981 126.

323 4071 327 4075 ,
399 4007 496 4063 Etiam
516 4008 558 4077 II,
588 4008 614 4077 7,
645 4009 683 4063 10
709 4006 739 4062 P
755 4006 873 4075 Boou,
903 4007 1021 4066 Helmst.
1045 4017 1231 4065 monumento
1247 4025 1303 4081 pro
1326 4025 1457 4065 momen·

398 4090 453 4162 to.)
498 4093 515 4147 3
539 4101 582 4147 est
608 4090 634 4146 ei
656 4088 809 4161 (Drakmb.
834 4089 921 4150 Codri.
950 4110 1002 4149 om.
1026 4090 1063 4163 ei)
1097 4089 1318 4163 8Lavinioque
1340 4088 1456 4164 (Gran.)

403 4177 437 4230 13
461 4193 499 4231 ex
521 4192 579 4248 qus
599 4172 670 4229 nihii
692 4172 740 4245 (Η
756 4174 888 4245 multique
907 4175 958 4230 alii
978 4192 1015 4237 ex
1037 4192 1095 4247 qus
1116 4172 1162 4231 fes
1183 4172 1267 4244 nihil,
1289 4173 1318 4229 L
1339 4192 1377 4229 ex
1399 4193 1460 4248 qua

399 4275 450 4313 cos
478 4256 561 4326 nihil;
582 4257 633 4312 alii
649 4257 708 4312 alies
728 4255 849 4328 sinilia.)
895 4256 980 4326 LIII,
1004 4260 1020 4313 5
1044 4258 1185 4327 Romam,
1220 4276 1307 4331 quem
1330 4258 1460 4316 Romani
1542 4263 1543 4325 ξ

398 4340 466 4413 (119.
478 4340 542 4397 Em.
554 4339 623 4412 127)
640 4339 720 4407 LIV,
736 4341 837 4396 dmeae
846 4341 904 4395 sine
914 4342 990 4396 uncis
1004 4341 1077 4414 (My.
1089 4341 1155 4401 Em.
1168 4336 1321 4419 127))cum
1332 4340 1459 4417 relique·
1542 4338 1543 4419 l

1542 4450 1543 4479 l
