3392 5084
451 489 512 548 232
751 487 831 540 Liber
845 487 892 537 IV.
928 485 1012 550 (au.
1026 502 1048 536 e.
1067 487 1141 552 eor.)

410 691 447 729 ex
468 679 552 746 parte
572 678 677 734 nutant
696 671 1003 747 circumspectantibus
1024 672 1132 747 galeae,
1158 680 1190 728 et
1208 672 1314 732 incerti
1339 673 1483 749 trepidant

361 781 395 836 ll
412 777 617 852 applicantque
647 793 678 833 so
702 776 806 845 turbem
835 777 921 852 signa
947 783 1023 835 nunc
1052 777 1217 835 resistentie
1238 778 1425 836 deseruntur
1450 780 1485 836 ab

411 881 618 958 antesignanis,
640 899 715 938 nunc
736 881 810 938 inter
832 900 901 939 suos
923 882 1095 958 manipulos
1108 883 1299 958 recipiuntur.
1347 885 1483 941 Nondum

412 983 484 1060 fuga
505 995 593 1056 certe,
614 986 743 1044 nondum
765 986 888 1044 victoria
910 996 987 1057 eret;
1013 983 1079 1063 'tegi
1100 988 1195 1063 magis
1215 989 1379 1061 Romnum
1403 1007 1486 1063 quarn
1529 1033 1530 1039 ,

413 1109 558 1166 pugnere3
589 1091 715 1148 Volscus
751 1090 858 1148 inferre
891 1093 984 1167 sigua,
1015 1111 1120 1168 urgere
1153 1093 1260 1163 aciem,
1297 1093 1371 1168 plus
1406 1093 1485 1150 eredis
1529 1113 1530 1144 3

317 1199 365 1267 38
413 1193 539 1254 hostium
560 1196 660 1254 videre
681 1214 768 1270 quam
790 1195 878 1271 iugae.
925 1198 991 1255 lem
1013 1198 1147 1255 omnibus
1173 1197 1247 1255 loeis
1275 1200 1412 1270 ceditur,
1441 1217 1484 1254 ne·
1529 1233 1530 1252 t

414 1301 569 1377 quicquum
592 1302 765 1378 Sempronio
788 1302 906 1358 consule
933 1303 1105 1376 obiurgante
1125 1310 1213 1376 etque
1234 1304 1386 1364 hortante.
1437 1303 1482 1360 Ni·

382 1408 454 1470 nhil
475 1427 529 1465 neo
549 1407 702 1482 imperium
734 1424 787 1464 neo
808 1407 948 1466 maiestas
974 1408 1110 1477 valebat,
1139 1406 1268 1482 dataque
1299 1424 1373 1469 mox
1408 1417 1483 1483 terga

413 1513 544 1570 hostibus
573 1511 683 1582 forent,
704 1512 734 1568 ni
757 1511 825 1572 Sex.
847 1513 1038 1588 Tempanius,
1062 1513 1180 1570 decurio
1202 1513 1346 1587 equitum,
1368 1514 1483 1571 labante
1528 1539 1530 1593 i

414 1619 471 1675 iam
495 1637 526 1674 re
547 1618 688 1692 praesenti,
711 1618 809 1674 auimo
839 1617 1031 1681 subvenisset.
1083 1617 1142 1690 Qui
1163 1637 1252 1691 quum
1274 1637 1388 1694 magna
1418 1637 1484 1676 voce
1528 1649 1530 1682 ÷

414 1719 616 1793 exclamasset,
639 1732 671 1780 ut
683 1723 803 1796 equites,
826 1723 877 1798 qni
898 1723 1011 1780 salvam
1031 1741 1092 1779 rem
1113 1723 1260 1797 publicem
1281 1725 1395 1782 vellent
1418 1743 1484 1787 esse,
1529 1757 1530 1760 =

385 1834 452 1888 3ex
475 1827 557 1902 equis
579 1827 735 1904 desilirent,
757 1827 886 1884 omnium
900 1838 1060 1884 turmarum
1084 1828 1229 1902 equitibus
1251 1829 1334 1886 velut
1356 1830 1407 1891 ed,
1421 1849 1482 1887 con·
1528 1883 1530 1893 ,

416 1931 486 1988 sulis
517 1933 669 2009 imperium
702 1933 802 2003 motis,
837 1933 923 2002 „Nisi
954 1934 1034 1990 haec“
1064 1933 1159 2007 iuquit
1192 1943 1351 2008 „pennata
1380 1935 1483 1990 cohors
1528 1969 1530 2001 ,

417 2037 492 2095 sistit
519 2038 657 2114 impetum
691 2037 833 2108 hostium,
865 2013 961 2095 ectum
991 2039 1028 2096 de
1059 2037 1181 2113 imperio
1212 2047 1265 2095 est.
1323 2038 1483 2112 Sequimini
1518 2067 1530 2105 η

416 2163 471 2218 pro
503 2143 610 2201 vexillo
645 2143 793 2219 cuspidem
822 2161 932 2212 meam3
964 2144 1107 2200 ostendite
1135 2143 1277 2200 Romanis
1299 2144 1482 2218 Volscisque¹
1519 2178 1530 2213 ,i

417 2267 511 2324 neque
533 2249 677 2323 equitibus
704 2250 788 2307 vobis
816 2249 892 2306 ullos
913 2249 1024 2322 equites
1046 2267 1099 2304 nec
1120 2248 1266 2323 peditibus
1287 2230 1482 2324 esse'pediter
1518 2265 1530 2335 33

387 2359 534 2430 tpares.“
590 2354 686 2426 Quum
717 2354 845 2412 clamore
873 2353 1064 2428 comprobata
1086 2353 1252 2411 adhortatio
1282 2362 1375 2423 esset,
1407 2353 1481 2410 redit
1528 2391 1530 2424 2

418 2460 476 2516 alte
497 2458 644 2533 cuspidem
667 2477 779 2534 gerens.
827 2458 1008 2531 Quacumque
1027 2457 1177 2529 incedunt,
1199 2459 1229 2515 vi
1251 2457 1332 2514 vium
1360 2457 1480 2528 fuciunt:
1516 2472 1530 2526 ³,

418 2583 452 2622 eo
479 2583 511 2620 se
531 2562 658 2621 inferunt
681 2565 801 2622 obiectis
821 2563 941 2638 parmis,
962 2563 1013 2620 ubi
1035 2581 1154 2621 suorum
1176 2563 1332 2638 plurimum
1355 2563 1479 2621 laborem
1500 2618 1505 2629 ,
1528 2603 1530 2636 ,

388 2669 524 2728 irrident.
558 2669 730 2729 Restituitur
752 2669 885 2726 omnibus
907 2668 978 2725 locis
999 2687 1113 2744 pugna,
1143 2666 1173 2724 in
1195 2685 1261 2741 quae
1284 2687 1336 2727 eos
1363 2670 1481 2744 impetus
1529 2709 1530 2740 ,

418 2773 499 2842 tulit3
521 2792 574 2830 nec
596 2773 714 2830 dubium
737 2783 809 2841 erat,
836 2772 918 2857 quin,
940 2773 964 2830 si
985 2782 1046 2829 tem
1067 2772 1154 2848 pauci
1175 2772 1262 2829 simul
1284 2774 1369 2832 obire
1389 2774 1479 2832 omnia
1519 2812 1530 2847 3,

322 2878 368 2946 39
420 2888 548 2954 possent,
580 2888 663 2954 terge
695 2879 791 2934 daturi
821 2879 920 2936 hostes
950 2876 1067 2934 fuerint.
1116 2879 1156 2936 Et
1187 2897 1276 2953 quum
1311 2880 1372 2936 iam
1403 2889 1479 2954 parte
1519 2890 1524 2911 ²

420 2983 499 3040 nulla
521 2985 738 3053 sustinerentur,
760 2984 811 3039 det
834 2983 947 3057 signum
967 2981 1094 3040 Volscus
1115 2983 1291 3058 imperator,
1313 2994 1353 3042 ut
1370 3003 1478 3060 parms·
1520 3023 1530 3046 .,

418 3089 465 3160 tis,
490 3107 574 3149 novae
596 3090 709 3166 cohorti
731 3063 868 3156 bostium,
889 3087 971 3143 locus
993 3087 1086 3157 detur,
1108 3089 1201 3145 donec
1224 3087 1338 3163 impetu
1360 3089 1427 3146 eluti
1443 3089 1478 3144 ab
1528 3129 1530 3164 ,

371 3195 477 3280 'leuis
499 3195 698 3254 excludentur.
744 3194 830 3267 Quod
853 3194 903 3250 ubi
924 3191 1108 3263 estfactum,
1129 3192 1277 3250 interclusi
1298 3195 1410 3268 equites
1429 3209 1479 3249 nec
1528 3219 1530 3270 i

418 3319 605 3376 perrumpere
627 3301 744 3371 eadem,
773 3318 833 3374 que
854 3299 1044 3368 transierant,
1074 3315 1176 3373 posse,
1204 3297 1247 3355 ibi
1268 3299 1397 3359 maxime
1416 3315 1477 3354 eon·
1529 3341 1530 3374 ,

389 3405 499 3464 biertis
522 3405 663 3476 hostibus,
686 3425 745 3480 que
766 3405 843 3462 viam
866 3401 1005 3472 fecerent,
1033 3412 1062 3459 et
1082 3403 1184 3460 consul
1218 3403 1407 3478 legionesque
1423 3405 1475 3460 Ro·
1529 3463 1530 3480 ,

419 3529 521 3574 menae,
545 3529 643 3584 quum,
666 3511 743 3584 quod
766 3520 902 3584 tegumen
917 3509 1005 3565 modo
1024 3509 1118 3565 omnis
1133 3507 1277 3564 exereitus
1291 3507 1397 3576 fuerat,
1416 3523 1474 3564 uus·
1504 3579 1514 3593 ·

421 3635 507 3690 quem
530 3615 676 3686 viderent,
698 3634 735 3673 ne
756 3623 801 3673 tot
820 3612 995 3671 fortissimos
1015 3613 1095 3670 viros
1116 3614 1289 3671 interclusos
1310 3613 1476 3688 opprimeret

389 3721 526 3791 lhostiS,
548 3719 669 3778 tendunt
696 3722 726 3778 in
751 3736 952 3795 quemcunque
984 3736 1093 3775 cusum.
1145 3715 1262 3772 Diversi
1289 3717 1392 3774 Volsci
1416 3715 1475 3772 binc

420 3825 564 3883 consulem
588 3843 622 3882 ac
644 3824 771 3897 legiones
794 3823 945 3893 sustinere,
967 3823 1060 3880 altera
1081 3821 1178 3879 fronte
1198 3821 1308 3880 instare
1323 3819 1474 3897 Tempanio

349 3907 360 3916 ’
416 3938 514 4004 atque
529 3928 688 4002 equitibus;
711 3929 760 4002 qui
782 3947 870 4002 quum
893 3946 971 4003 saepe
993 3927 1091 3986 conati
1111 3927 1280 4001 nequissent
1300 3941 1474 4002 perrumpere

420 4034 457 4091 ad
484 4052 569 4103 suos,
597 4032 712 4090 tumulo
740 4033 867 4108 quodam
898 4043 1041 4108 occupato
1069 4033 1099 4088 iu
1127 4033 1229 4089 orbem
1252 4049 1285 4090 se
1306 4032 1472 4094 tutabantur,

388 4139 605 4213 bnequaquam
627 4137 724 4208 inulti3
746 4156 800 4194 nec
821 4155 927 4216 pugnae
949 4139 1015 4196 finis
1036 4146 1105 4194 ente
1124 4145 1242 4195 noctem
1265 4135 1329 4193 init.
1375 4129 1472 4192 Consul

420 4259 545 4316 quoque,
567 4260 710 4316 nusquam
734 4242 856 4301 remisso
878 4243 1048 4311 certamine,
1075 4243 1145 4300 dum
1167 4241 1323 4316 quicquam
1344 4233 1470 4314 ruperint
