3392 5084
769 540 806 584 lx

238 702 355 759 forrum
383 712 500 777 partem
529 703 658 777 aliquam
688 702 798 772 inferri,
827 704 920 763 multo
949 703 1043 761 minus
1072 706 1179 771 babere
1207 704 1322 763 videtur

241 785 387 843 utilitatis
423 804 511 859 quam
542 804 580 842 ex
608 786 803 844 inconstantia
832 798 861 843 et
881 787 1035 845 'munientia
1062 788 1189 847 animuin
1221 807 1323 847 ama·

240 868 364 925 ioribus
395 868 533 925 avocanti
563 880 593 925 et
619 868 763 925 interdum
793 888 921 927 errorem
951 870 1095 929 obiicienti
1125 870 1264 939 molestia
1295 881 1324 927 et

240 950 447 1022 incommodi;
468 961 531 1008 tum
552 951 643 1025 ipsius
665 949 815 1025 scriptoris
836 952 893 1011 iuri
923 961 950 1009 st
974 952 1078 1011 honori
1100 970 1203 1027 parunt
1225 964 1322 1011 mmsn

242 1033 423 1091 consulitur.
459 1034 540 1091 Nam
556 1033 694 1107 quonium
709 1033 796 1091 etiam
811 1035 841 1091 in
852 1034 1031 1109 perantiquis
1047 1036 1194 1093 codicibus
1209 1036 1323 1093 univer·

241 1134 297 1184 sac,
321 1134 384 1189 qua
398 1115 526 1173 Liviana
538 1127 609 1175 atas
623 1134 678 1173 usa
698 1125 752 1185 est,
773 1114 875 1175 forma
890 1126 1001 1174 tentum
1017 1118 1146 1191 reliquia
1161 1128 1323 1193 supersunt,

243 1199 318 1255 dum
337 1198 466 1257 aditores
479 1199 594 1255 codices
611 1208 841 1272 sequunturuec
857 1201 1070 1258 audentiorem
1086 1201 1277 1275 rationem,q
1409 1258 1414 1275 Ι
1482 1234 1485 1241 ·

243 1300 286 1339 ex
309 1281 372 1339 iilis
394 1281 509 1337 indiciis
530 1282 689 1351 coniicitur,
711 1280 819 1355 ubique
838 1283 1011 1357 exprimere,
1034 1283 1110 1339 mira
1129 1282 1261 1339 inconsta
1294 1266 1327 1367 ij
1445 1282 1472 1293 ”

242 1364 374 1437 Pompili
395 1373 426 1420 et
449 1363 525 1421 iniit
537 1364 672 1421 scribitur
686 1364 801 1437 ubique,
823 1366 1019 1437 arqenteonrtti
1032 1382 1184 1439 nusquam,
1206 1368 1265 1438 op'

244 1446 351 1503 moitis
364 1446 447 1513 iocis,
462 1447 649 1521 paucioribus
664 1456 800 1521 optume,
820 1466 921 1520 proves
940 1448 1107 1505 accusativo
1124 1464 1193 1505 casu
1209 1446 1278 1521 sapi
1330 1484 1334 1493 ·
1436 1518 1439 1523 Ι
1491 1516 1495 1523 ,

244 1528 408 1602 aliquoties
417 1532 516 1600 procris
537 1533 659 1604 (magna
674 1530 763 1586 etiam
778 1530 968 1604 ambiguitate
989 1530 1079 1588 seinai
1096 1532 1195 1587 montis
1215 1530 1257 1598 11,
1273 1531 1323 1599 31,
1373 1546 1391 1591 ’,
1406 1578 1433 1629 ‘c

246 1616 266 1669 5
289 1631 308 1669 e
329 1612 368 1679 P,
392 1611 462 1669 alibi
483 1630 599 1686 semper
618 1614 743 1683 monteri,
767 1612 856 1687 vulgo
874 1630 1020 1687 passuum,
1042 1612 1184 1669 interdum
1197 1628 1323 1686 possum.
1434 1610 1436 1617 '

244 1695 357 1768 Itaque
376 1694 560 1751 decrevimus
574 1696 612 1751 ab
632 1693 716 1751 initio
730 1694 760 1751 in
776 1713 880 1751 vocum
896 1694 1155 1763 terminationibus,
1169 1695 1198 1751 in
1213 1694 1323 1753 littera-

244 1796 313 1833 rum
337 1776 367 1831 in
393 1777 547 1833 vocabulis
567 1778 735 1852 compositis
758 1794 900 1835 concursu
927 1789 955 1835 et
977 1779 1136 1835 mutatione
1165 1777 1322 1835 similibus·

245 1878 308 1933 que
333 1858 462 1915 formam
490 1870 519 1915 et
547 1860 713 1933 analogiam
742 1879 762 1917 a
788 1860 987 1934 grammaticis
1016 1861 1201 1919 constitutam
1230 1859 1323 1934 sequi,

244 1942 371 1999 retentis
392 1942 428 1997 iis
450 1942 661 1999 vocabulorum
688 1942 818 2017 ipsorum
840 1943 954 2013 formis,
984 1961 1059 2016 quas
1085 1943 1181 1999 media
1206 1943 1321 1999 demum

245 2034 322 2081 atas
345 2025 471 2081 mutavit
493 2026 635 2096 (condias,
656 2029 776 2097 cetera).
824 2026 991 2083 Vitavimus
1012 2025 1100 2099 igitur
1122 2034 1151 2082 et
1170 2024 1235 2094 iiie,
1258 2042 1323 2098 quse

245 2107 423 2181 significavi,
452 2116 483 2165 et
514 2108 618 2179 donoc,
647 2102 775 2176 comune,
803 2111 921 2178 conisus,
948 2111 1033 2175 coicit,
1064 2109 1096 2165 id
1124 2125 1215 2183 genus
1246 2107 1320 2175 elia,

245 2208 285 2245 ne
310 2190 392 2245 mido
421 2190 538 2263 quidem
562 2190 748 2251 adscivimus.
805 2192 912 2265 Neque
943 2210 997 2248 nos
1025 2190 1114 2264 fugit,
1142 2192 1171 2247 in
1199 2189 1320 2247 consilio

246 2273 440 2345 exsequendo
462 2272 594 2346 quadarn
618 2291 676 2328 non
698 2274 770 2329 satis
791 2282 959 2331 constanter
984 2283 1111 2331 tractata
1133 2291 1196 2329 esse
1220 2271 1320 2345 (velut,

247 2373 342 2427 quum
373 2355 545 2411 adverbium
573 2358 708 2428 promisco
733 2356 857 2430 exprimi
885 2356 1086 2424 iussisscmus,
1115 2355 1193 2429 quod
1222 2354 1317 2428 ipsum

247 2437 301 2493 vix
330 2436 496 2495 faciendum
518 2437 548 2493 in
570 2447 670 2495 nostra
691 2438 805 2496 ratione
832 2438 903 2507 init,
932 2438 1048 2513 irrepsit
1075 2439 1161 2495 etiam
1180 2439 1322 2511 promisco

249 2520 293 2588 ll,
319 2522 370 2588 30,
398 2524 434 2577 15
457 2531 487 2577 et
501 2524 641 2595 proncisco
663 2522 702 2591 V,
728 2524 773 2590 13,
798 2520 839 2596 l),
862 2521 988 2579 maxime
1009 2521 1038 2577 iu
1059 2521 1160 2595 primis
1181 2520 1271 2589 libris,
1293 2528 1323 2575 et

249 2620 326 2673 esse,
358 2602 405 2659 in·
424 2604 528 2677 quibus
557 2604 650 2661 altera
675 2603 773 2661 forma
800 2606 839 2661 ab
868 2604 950 2661 initio
985 2602 1168 2679 pracferenda
1190 2602 1323 2659 videatur
1409 2672 1416 2679 ι

248 2684 344 2743 fuisse
365 2686 459 2756 (velut
479 2696 512 2743 ut
525 2687 640 2742 dilectiss
653 2685 852 2758 scriberetur).
900 2686 978 2745 iliud
999 2685 1199 2746 consuetudini
1221 2686 1321 2741 datum

250 2768 424 2825 inveterata
446 2777 476 2825 et
496 2768 638 2827 translato
659 2769 690 2827 in
708 2770 883 2827 recentiores
905 2770 1019 2845 linguas
1034 2769 1153 2837 nomini,
1176 2776 1208 2825 ut
1232 2768 1324 2825 Volsci

250 2850 480 2926 appellarentur,
503 2870 576 2925 quos
597 2871 689 2927 nuper
718 2852 831 2909 Volscos
852 2853 989 2911 iecerunt

338 2934 438 2994 Unum
460 2944 560 3004 restat,
588 2945 744 3009 antequam
774 2936 812 2991 ad
840 2936 965 2995 indicem
988 2934 1167 3008 singulorum
1189 2933 1319 2989 locorum

250 3014 396 3073 venimus.
450 3017 552 3075 Livius
585 3036 642 3091 quo
670 3016 787 3075 nomine
816 3037 890 3093 opus
923 3034 1006 3075 suum
1041 3015 1228 3090 inscripserit,
1261 3032 1319 3071 non

251 3106 390 3157 cousttro
410 3109 564 3173 putamust
587 3118 656 3157 nam
671 3119 736 3173 qua
750 3100 780 3157 in
800 3101 1008 3175 antiquissimis
1022 3099 1170 3156 codicibus
1192 3097 1320 3155 omnium

250 3181 396 3237 decadum
417 3182 449 3237 in
469 3183 728 3258 subscriptionibus
756 3182 935 3257 singulorum
966 3184 1104 3241 librorum
1129 3189 1239 3237 tantum
1263 3196 1322 3237 non

252 3264 384 3321 omnium
405 3265 548 3339 reperitur
568 3266 682 3322 numeri
710 3266 822 3323 notatio
853 3266 988 3325 adhunc
1018 3264 1142 3323 formam
1168 3278 1321 3335 expressa:
1388 3318 1396 3325 ,

255 3345 286 3408 Τ.
308 3346 391 3403 Livii
408 3348 444 3403 ob
466 3349 533 3405 urbe
553 3349 664 3407 condio
685 3350 755 3407 libor
775 3348 817 3419 (v.
834 3368 860 3408 c.
879 3351 986 3421 tertios)
1009 3348 1127 3421 acplicc't,
1151 3363 1187 3401 ex
1206 3363 1242 3401 ea
1263 3362 1321 3401 non

251 3448 306 3503 pro
323 3439 404 3487 certo
419 3429 551 3502 efficitur,
571 3432 668 3505 ipsum
692 3450 766 3507 opus
788 3432 957 3506 inscriptum
983 3452 1002 3488 a
1017 3428 1101 3489 Livio
1125 3427 1216 3485 fuisse
1238 3428 1322 3485 libros

251 3512 287 3567 oi
309 3513 380 3569 arbe
399 3514 516 3571 condito.
562 3516 667 3587 itaque
686 3514 718 3572 in
738 3515 836 3589 operis
859 3524 887 3571 et
901 3515 1054 3573 voluminis
1070 3510 1256 3585 inscriptione
1277 3508 1324 3565 usi

251 3613 354 3651 sumus
376 3597 524 3653 communi
544 3596 741 3655 Historiarum
762 3600 962 3655 Romanarum
985 3595 1188 3673 appellatione,
1212 3592 1241 3649 in
1263 3592 1322 3649 sin·

251 3676 328 3751 gulis
348 3678 431 3735 libris
451 3680 562 3737 nulium
586 3699 693 3738 nomen
713 3681 874 3755 posuimus.

307 3820 478 3897 Exempli
498 3811 849 3883 Weissenborniani
879 3822 1076 3896 scripturae
1098 3840 1116 3879 a
1137 3828 1265 3877 nostro

642 3900 937 3983 discrepantes.¹)

334 4010 481 4073 initiis.
528 4010 576 4083 (In
614 4010 752 4067 adimo
779 4013 921 4085 incmcptio
949 4010 1027 4067 nullo
1049 4018 1098 4069 cet.
1138 4007 1181 4067 W.
1214 4008 1322 4082 posuit:

252 4121 489 4135 ——n-b

276 4162 300 4231 ¹)
319 4166 435 4215 Nomina
460 4173 486 4215 et
509 4173 577 4214 nota
605 4166 739 4229 adscripta
766 4165 882 4213 indicant
913 4173 1008 4215 nostra
1035 4164 1167 4225 scriptura
1196 4168 1321 4211 auctores.

321 4236 427 4285 Litteris
446 4234 547 4285 MPHL
566 4235 608 4298 qui
628 4236 730 4284 codices
749 4234 932 4297 significentur,
952 4234 1141 4298 supradictum
1160 4238 1211 4291 cst;
1232 4228 1322 4279 litteris

320 4306 379 4367 lig.
397 4304 523 4367 Madvigii
542 4318 637 4353 nomon
650 4312 762 4360 notatur,
777 4302 837 4354 Ues.
851 4302 972 4365 Ussingii.
1008 4302 1044 4352 Io.
1057 4302 1259 4351 Forchhammer
1276 4313 1323 4362 per

319 4373 430 4434 litteras,
450 4373 482 4424 0.
497 4374 614 4437 siesbye,
630 4387 708 4437 quum
727 4388 774 4422 nos
792 4375 819 4422 in
838 4381 955 4435 typorum
969 4372 1099 4420 erroribus
1118 4369 1238 4418 tollendis
1251 4368 1323 4417 adiu·

321 4452 403 4505 verat,
422 4458 478 4507 qua
495 4444 737 4504 animadverterant,
762 4444 896 4492 uobiscum
915 4442 1144 4492 communicarunt.
