3392 5084
465 554 524 611 294
760 550 839 600 nnn
858 550 892 599 v.
929 549 1139 613 (sensu.)
1181 533 1185 542 ‘

1515 657 1517 684 l

422 734 645 809 deinceps-inde
672 733 796 792 ullorum
825 736 1017 811 populorum,
1046 734 1203 809 plurimum
1226 732 1347 791 terroris
1367 734 1475 791 Roman
1515 701 1517 788 ¹

334 874 339 879 -
392 840 554 900 lculerites
569 840 696 897 hostium
717 840 792 911 tulit,
814 840 923 917 quippe
944 839 1050 914 quibus
1072 838 1178 911 vel[ut]
1198 837 1387 895 tumultuario
1408 854 1476 893 exer·
1515 815 1517 890 l

421 945 480 1003 oitu
501 944 608 1021 raptim
635 946 722 1003 ducto
747 964 825 1022 segre
848 947 886 1003 nd
910 946 1094 1003 undecimum
1115 945 1244 1021 lapidem
1266 960 1417 1001 occursum
1435 947 1477 1006 est
1515 895 1517 954 ¹

422 1068 481 1125 qus
501 1051 608 1107 flumen
631 1050 710 1121 Alis,
732 1048 925 1109 Crustuminis
947 1052 1092 1110 montibus
1111 1050 1233 1127 prseelto
1248 1049 1379 1107 defluens
1399 1046 1477 1112 alveo,

391 1158 501 1217 bhsud
522 1155 646 1213 multum
673 1153 752 1213 infru
777 1156 856 1214 viam
878 1156 1020 1215 Tiberino
1042 1157 1122 1214 amni
1150 1156 1297 1215 miscetur.
1345 1152 1408 1209 lum
1427 1168 1476 1205 on·

421 1262 472 1319 nis
499 1271 602 1319 contre
631 1259 767 1335 circaque
788 1261 916 1319 hostium
936 1263 1024 1338 plene
1052 1269 1150 1331 erunt,
1182 1268 1212 1317 ot
1237 1268 1310 1316 netu
1342 1257 1373 1313 in
1401 1270 1477 1311 rnnos

421 1367 562 1425 tumultus
583 1384 655 1442 gens
677 1365 752 1423 truci
765 1376 854 1425 centu
868 1358 1103 1441 clamoribusque
1124 1365 1215 1423 variis
1228 1364 1379 1421 horrendo
1392 1368 1477 1419 unctu

422 1472 641 1547 compleverunt
663 1488 746 1528 sono.

327 1578 376 1649 88
506 1577 553 1635 Ibi
584 1576 693 1633 tribuni
723 1576 856 1646 militum,
888 1596 948 1634 nou
975 1577 1041 1635 loco
1075 1577 1178 1635 cestris
1215 1583 1408 1649 antecapto,
1432 1587 1478 1627 non

422 1683 594 1758 proemunito
617 1682 712 1751 vallo,
743 1702 801 1757 quo
823 1692 957 1759 receptus
979 1692 1069 1753 esset,
1097 1701 1157 1739 non
1179 1682 1302 1739 deorum
1324 1680 1438 1745 saltem,
1459 1673 1478 1729 si
1515 1753 1516 1764 ἵ

422 1807 481 1845 non
502 1768 668 1859 hominum,
700 1794 853 1858 memores,
886 1807 940 1846 nec
966 1790 1126 1864 auspicato*
1146 1806 1201 1845 neo
1226 1787 1323 1859 litato,
1354 1784 1479 1840 instruunt
1515 1777 1517 1830 ὲ

407 1881 516 1951 'eciem
546 1894 693 1951 diductum
723 1892 753 1949 iu
784 1910 910 1965 cornus,
937 1913 976 1951 ne
1004 1894 1206 1953 sucumveniri
1232 1890 1417 1948 multitudine
1438 1886 1478 1941 lo

393 2000 510 2066 2stium
534 2006 667 2075 possent3
689 2006 864 2055 nontamen
887 2000 998 2075 aequari
1018 2000 1130 2057 frontes
1151 2008 1305 2075 poterant,
1334 2014 1422 2070 quum
1439 2010 1477 2048 ex·
1515 2025 1517 2028 ·

424 2092 738 2163 tenuandoinfirmsm
760 2113 789 2161 st
803 2104 854 2161 vix
877 2108 1069 2164 coherentem
1083 2105 1208 2163 medium
1230 2104 1325 2161 aciem
1345 2101 1477 2159 heberent

424 2212 551 2269 Paulum
575 2220 639 2268 erut
667 2211 705 2267 sb
733 2209 857 2267 dexteru
878 2212 948 2268 editi
975 2212 1048 2282 loci,
1078 2230 1165 2286 quem
1186 2206 1371 2266 subsidiariis
1392 2199 1479 2277 repleri
1515 2237 1517 2242 ·

424 2316 549 2392 placuit,
573 2335 666 2391 euque
687 2334 734 2373 res
756 2324 789 2373 ut
808 2315 922 2374 initium
944 2317 1064 2393 pavoris
1086 2336 1122 2375 ac
1146 2314 1239 2390 iugoe,
1269 2314 1315 2370 sio
1337 2330 1397 2369 nnn
1416 2307 1479 2365 sulus

394 2412 601 2497 sfugientibus
624 2420 688 2479 fuit.
732 2421 810 2479 Nam
827 2422 970 2494 Brennus,
984 2422 1103 2498 regulus
1117 2421 1284 2489 Gallorum,
1305 2419 1337 2476 in
1350 2414 1479 2493 penutsts

423 2528 557 2585 hostium
575 2535 667 2583 ortem
693 2526 819 2587 maxime
848 2527 963 2597 timens,
992 2538 1075 2585 ratus
1104 2525 1198 2584 adid
1220 2536 1341 2600 captum
1363 2516 1477 2596 superio·

425 2641 487 2691 rem
508 2632 615 2702 locum,
636 2640 678 2702 ut,
700 2631 750 2689 ubi
768 2630 849 2691 Galli
871 2650 936 2689 num
958 2632 1021 2690 scic
1041 2633 1188 2708 legionum
1209 2640 1293 2689 reete
1310 2628 1407 2687 fronte
1425 2640 1478 2681 oon·

381 2729 384 2736 ¹
426 2739 631 2807 cucurrissent,
660 2737 790 2795 subsidia
819 2738 849 2799 in
871 2755 993 2794 aversos
1014 2749 1257 2811 transversosque
1277 2729 1416 2810 impetum
1438 2728 1478 2783 ds·
1515 2773 1517 2798 2

395 2848 504 2914 irent,
537 2845 574 2901 ad
597 2842 786 2900 subsidiarios
808 2843 894 2919 signa
915 2842 1073 2912 convertit,
1105 2841 1130 2898 si
1162 2858 1214 2897 eos
1242 2840 1310 2897 loeo
1331 2836 1478 2914 mpnlinet

426 2950 505 3007 houd
529 2948 648 3017 dubius,
669 2947 784 3007 facilem
806 2948 836 3006 in
861 2966 945 3022 nequo
967 2947 1063 3023 compi
1093 2956 1206 3005 tontum
1228 2944 1379 3021 superanti
1398 2937 1479 2999 nmlti

426 3054 526 3112 tudine
558 3052 710 3111 victorium
742 3052 815 3110 fore.
865 3054 951 3111 Adeo
979 3072 1039 3109 non
1067 3052 1186 3111 fortune
1213 3053 1313 3122 modo,
1345 3050 1395 3107 sod
1418 3044 1478 3105 rullo

397 3160 516 3217 betium
542 3177 607 3217 cum
638 3159 773 3219 barbaris
804 3161 911 3219 stabnt.
964 3160 1001 3217 In
1023 3160 1199 3218 altercacio
1227 3156 1299 3214 nihil
1321 3155 1412 3213 simile
1432 3153 1479 3209 Ro
1515 3189 1517 3220 4

428 3266 531 3337 munis,
553 3284 612 3323 non
634 3265 712 3340 opud
734 3265 833 3339 duces,
861 3265 1021 3340 nonupud
1043 3265 1148 3322 milites
1169 3272 1241 3321 eret.
1285 3264 1388 3323 Pavor
1410 3257 1478 3331 fitgs·

428 3392 484 3447 qne
514 3380 710 3447 occupaverat
738 3372 852 3429 animos
879 3354 909 3427 et
930 3378 1014 3428 tunts
1040 3370 1170 3427 omnium
1197 3369 1326 3436 oblivio,
1354 3375 1388 3422 nt
1403 3361 1478 3421 muln
1515 3395 1517 3431 ι

429 3478 523 3535 maior
543 3494 612 3551 pers
633 3477 740 3545 Veios,
767 3477 797 3533 ln
818 3465 946 3533 hostiuni
971 3474 1086 3544 urbem,
1113 3494 1203 3549 quum
1235 3472 1355 3531 Tiberis
1377 3474 1479 3528 arcent
1515 3499 1516 3504 κ

429 3600 517 3656 quum
537 3590 619 3639 recto
648 3580 750 3637 itinero
778 3578 905 3639 Romam
927 3580 967 3636 od
990 3578 1129 3653 coniuges
1157 3597 1193 3637 sc
1222 3577 1334 3635 liberos
1355 3576 1478 3651 fugerent
1515 3585 1516 3596 ¹

399 3688 594 3760 tPtrumper
615 3686 805 3746 subsidiarios
828 3695 939 3743 tutatus
959 3696 1003 3742 est
1025 3684 1123 3753 locus;
1143 3665 1181 3740 in*
1196 3684 1311 3757 relique
1331 3682 1392 3741 scie
1411 3674 1478 3737 unul
1515 3694 1517 3712 ’

430 3800 474 3847 est
494 3791 606 3849 clamor
627 3792 769 3866 proximis
792 3794 830 3850 sb
853 3792 954 3861 lutere,
975 3789 1084 3847 ultimis
1105 3790 1144 3847 ab
1165 3798 1249 3864 tergo
1269 3788 1395 3858 nuditus,
1412 3786 1477 3860 igno·

429 3903 489 3953 tum
511 3897 624 3953 hostem
647 3890 727 3972 prins
750 3916 833 3972 paene
854 3914 943 3969 quum
964 3894 1104 3960 viderent,
1124 3914 1185 3953 nun
1205 3895 1295 3953 modo
1316 3912 1376 3951 nou
1387 3897 1478 3949 tenuo

428 4000 601 4071 conamine,
624 4002 675 4058 sed
694 4020 733 4058 ne
754 4002 883 4059 clamore
904 3999 1020 4075 quidem
1048 4000 1178 4071 reddito,
1209 4000 1316 4075 integri
1341 3995 1477 4067 insumus

400 4106 579 4183 liugsrunt3
603 4123 657 4163 nec
678 4104 739 4187 ulle
759 4104 852 4163 cedes
872 4103 1153 4191 pugnantiumfuit3
1184 4114 1270 4181 terge
1289 4122 1367 4164 cmo
1386 4109 1477 4161 suuutt

400 4215 418 4272 8
430 4212 560 4288 ipsorum
574 4211 732 4269 eertsmine
752 4210 782 4267 iu
804 4211 890 4271 turbe
910 4208 1129 4285 impedientium
1143 4208 1255 4285 iugum,
1303 4207 1390 4267 Circa
1403 4207 1476 4281 rinus

395 4356 399 4367 .
431 4316 560 4385 Tiberis,
593 4333 651 4390 quo
681 4313 771 4397 muris
799 4313 919 4371 obiectis
955 4324 1046 4371 totum
1079 4313 1226 4371 sinistrum
1255 4331 1347 4371 nomn
1380 4300 1476 4383 ssugt
