3392 5084
554 477 632 528 Liber
649 475 696 528 lX.
732 477 778 540 (Δ.
790 475 920 542 011815.)
1169 484 1224 539 167

215 663 320 720 leniam
341 663 453 740 mugnis
474 662 623 720 itineribus
653 661 847 738 pervenisset,
875 671 902 719 ct
925 662 1019 738 sparsi
1039 682 1092 738 per
1118 663 1183 720 vias
1203 665 1297 740 spe-3

215 768 364 839 cnletores,
384 769 467 843 sequi
486 767 615 843 legiones
627 767 797 828 Samnitium
816 768 945 825 aeciam
964 769 1066 843 procul
1086 764 1197 840 abesse,
1219 771 1268 828 alii

214 893 296 950 snper
318 875 390 933 ulios
412 875 592 943 nuntiarent,
624 874 739 932 obviam
761 874 832 931 itum
853 874 932 932 hosti
952 883 1040 948 atque
1068 873 1107 930 ad
1128 874 1297 932 Lautulasd

214 981 327 1057 ancipiti
347 981 449 1057 proelio
470 981 636 1040 dimicet-um
657 990 710 1038 est.
756 981 825 1038 Non
846 979 954 1050 cedes,
979 998 1039 1036 non
1059 977 1131 1054 iuga
1150 979 1268 1039 alterins
1318 1001 1323 1009 ¹

212 1088 309 1162 partis,
331 1088 383 1144 sed
406 1093 467 1144 nox'
486 1086 620 1155 incertos,
641 1086 710 1144 victi
731 1085 894 1143 victoresne
914 1094 1021 1155 essent,
1044 1084 1167 1146 diremit.
1216 1087 1297 1144 ln-5

212 1193 292 1250 venio
311 1193 390 1268 apud
413 1193 564 1268 quosdam,
586 1193 739 1250 adversam
763 1209 825 1248 eam
848 1208 977 1265 pugnam
998 1192 1140 1249 Romanis
1168 1190 1267 1263 funse,

211 1309 294 1372 atque
317 1299 347 1355 iu
370 1317 405 1356 ea
427 1299 562 1357 cecidisse
583 1297 620 1372 Q.
644 1296 763 1354 Aulium
785 1295 955 1370 magistrum
977 1297 1114 1370 equitum.
1156 1296 1297 1356 Sullae-6

210 1413 252 1460 tus
272 1405 304 1460 in
326 1405 421 1462 locum
445 1404 526 1462 Aulii
553 1401 585 1465 C.
607 1401 716 1460 Fabius
737 1401 876 1478 magister
903 1377 1030 1477 equitnm
1054 1421 1119 1493 eum
1139 1403 1266 1460 exercitu

209 1527 283 1565 novo
315 1509 356 1565 ab
377 1509 473 1566 Roma
504 1509 685 1577 adveniret,
716 1526 769 1582 per
794 1508 959 1582 premissos
991 1508 1107 1566 nuntios
1135 1508 1266 1566 consulto

210 1614 363 1684 dictatore,
397 1614 448 1672 obi
473 1614 655 1684 subsisteret,
692 1631 787 1689 quove
817 1623 948 1690 tempore
976 1622 1005 1672 et
1031 1633 1090 1689 qua
1119 1633 1156 1672 ex
1183 1622 1266 1689 parte

208 1721 320 1778 hostem
344 1720 557 1795 aggrederetur,
579 1720 706 1778 substitit
726 1721 872 1790 occultus,
894 1720 1053 1778 adomnia
1072 1719 1143 1777 safis
1165 1719 1266 1795 explo-

208 1827 274 1884 ratis
298 1826 434 1885 consiliis.
483 1827 618 1886 Dictator
639 1845 727 1901 quum
746 1846 798 1902 per
821 1826 933 1901 aliquot
960 1825 1022 1883 dies
1051 1833 1119 1901 post
1138 1829 1295 1901 pugnaml

209 1933 394 1992 continuisset
414 1949 482 1990 suos
510 1933 586 1990 intra
607 1933 715 1991 vallum
744 1932 855 1991 obsessi
876 1931 970 2006 magis
998 1950 1087 2006 qnam
1109 1931 1267 1990 obsidentis

207 2040 302 2110 modo,
326 2040 437 2116 signum
459 2045 576 2114 repente
597 2056 701 2114 pugnae
722 2037 890 2114 proposuit,
911 2046 941 2093 et
961 2034 1107 2094 efficacius
1126 2047 1207 2095 ratus
1228 2037 1296 2095 add

208 2145 405 2202 accendendos
434 2144 560 2202 virorum
588 2142 707 2202 fortium
741 2145 869 2214 animos,
901 2142 1010 2200 nnllam
1037 2143 1107 2200 alibi
1128 2161 1215 2218 quam
1236 2143 1267 2200 in

206 2260 294 2308 semet
315 2250 380 2325 ipso
395 2249 529 2322 cuiquam
543 2249 674 2307 relictam
689 2269 780 2326 spem,
805 2251 840 2308 de
862 2249 1002 2324 magistro
1024 2249 1151 2323 equitum
1173 2268 1265 2306 novo·

206 2374 258 2430 qne
280 2355 410 2413 exercitu
424 2353 549 2412 mihtem
572 2354 676 2414 celavit
703 2366 746 2427 et,
774 2366 913 2430 tanquam
940 2355 1020 2412 nulla
1039 2356 1095 2413 nisi
1123 2357 1154 2413 in
1180 2353 1295 2431 erup-9

205 2461 280 2519 tione
304 2479 372 2536 spes
393 2469 477 2530 esset,
499 2461 622 2530 „Locis“
645 2462 738 2537 inquit
761 2461 927 2536 „angustis,
945 2462 1064 2531 milites,
1087 2463 1266 2538 deprehensi,

204 2567 256 2624 nisi
279 2585 370 2642 quam
392 2566 514 2624 victoria
535 2564 764 2641 patefecerimus,
785 2569 864 2625 viam
878 2567 988 2626 nudam
1008 2569 1157 2626 habemus.
1199 2569 1265 2628 Sta·
1280 2571 1316 2627 10

204 2671 262 2730 tiva
283 2681 387 2730 nostra
411 2672 587 2730 munimento
609 2673 679 2730 setis
700 2683 763 2730 tnta
786 2683 866 2743 sunt,
895 2675 946 2732 sed
974 2674 1074 2750 inopie
1101 2675 1202 2732 eadem
1221 2675 1265 2731 iu·

205 2777 292 2848 festa3
319 2795 386 2834 nam
410 2786 439 2834 et
460 2777 537 2836 circa
558 2777 656 2836 omnia
677 2777 858 2849 defecerunt,
880 2780 956 2836 unde
978 2780 1102 2837 subvehi
1122 2797 1265 2838 commea·

204 2892 418 2960 temporetam,
447 2891 490 2953 et,
519 2883 544 2940 si
567 2883 699 2942 homines
727 2885 828 2942 iuvare
851 2885 949 2955 velint,
978 2885 1080 2959 iniqua
1102 2885 1169 2943 loca
1188 2895 1264 2942 sunt

203 2991 310 3065 Itaque
330 3007 389 3046 non
409 2987 573 3046 frustrabor
594 3007 648 3065 ego
670 3011 723 3050 vos
745 2999 841 3048 eastra
861 2991 910 3048 hic
929 2990 1128 3065 relinquendo,
1150 2991 1180 3048 in
1201 3009 1265 3066 quse
1279 2990 1313 3045 11

204 3095 313 3154 infecta
333 3095 464 3168 victoria,
486 3096 559 3154 sicut
580 3095 701 3170 pristino
722 3097 777 3167 die,
800 3116 856 3154 vos
876 3095 1033 3171 recipiatis.
1081 3097 1181 3154 Armis
1202 3116 1265 3154 mu-

203 3203 342 3272 nimenta,
375 3220 433 3258 non
465 3201 647 3260 munimentis
682 3220 764 3258 arma
799 3210 863 3260 tuta
894 3218 958 3257 esse
973 3262 975 3267 ,
990 3201 1104 3258 debent.
1161 3177 1315 3260 (11111τῇ2

202 3309 333 3366 habeant
353 3315 556 3383 repetantque,
585 3307 687 3383 quibus
719 3325 814 3381 operae
844 3316 888 3364 est
918 3306 1034 3362 trahere
1059 3306 1179 3377 bellum3
1211 3324 1265 3364 nos

204 3416 333 3472 omniurn
364 3433 459 3472 rerum
488 3422 648 3489 respectum
676 3422 869 3488 preterquam
901 3410 1029 3469 victorias
1060 3411 1145 3468 nobis
1170 3412 1264 3470 absci-

204 3521 319 3581 damus.
377 3522 464 3579 Ferte
492 3520 575 3595 signa
609 3519 639 3576 in
668 3519 797 3588 hostem;
828 3516 879 3574 ubi
914 3526 997 3575 extra
1025 3504 1134 3575 vellum
1161 3537 1264 3594 agmen
1280 3515 1315 3572 13
1397 3597 1399 3602 Ι
1474 3601 1477 3604 ἢ

205 3626 378 3697 excesserit,
405 3634 515 3697 emtra,
548 3625 665 3700 quibus=
678 3625 851 3700 imperatum
878 3632 936 3694 est,
966 3622 1129 3694 incendent3
1157 3625 1264 3682 damna

203 3742 313 3802 vestra,
335 3732 448 3802 milites,
471 3731 596 3789 omnium
612 3731 697 3799 circa,
719 3730 768 3805 qui
783 3728 958 3800 defecerunt,
978 3732 1151 3806 populorum
1165 3731 1265 3806 praeda

205 3839 394 3899 sarcientur.“
451 3838 491 3894 Et
516 3837 646 3894 oratione
673 3835 836 3904 dictatoris,
863 3853 927 3911 quae
953 3836 1131 3895 necessitatis
1156 3836 1264 3894 ult-imae
1279 3835 1315 3889 14

204 3945 293 4002 index
315 3953 387 4015 erat,
410 3943 513 4001 milites
524 3915 648 4001 ‘accensi
666 3943 777 3999 vadunt
791 3943 820 3999 in
842 3943 964 4011 hostem,
985 3951 1015 3998 et
1033 3949 1181 4016 respectus
1200 3942 1264 4017 ipse

207 4051 370 4108 ardentium
397 4059 573 4120 casnetum,
602 4067 767 4124 quanquam
797 4048 938 4124 proximis
965 4056 1078 4106 tantum
1108 4047 1161 4115 (ita
1187 4047 1262 4105 enim

205 4155 331 4213 iusserat
356 4156 491 4229 dictetur)
522 4157 596 4232 ignis
627 4165 670 4213 est
694 4154 841 4224 subditus,
868 4154 948 4212 haud
977 4172 1099 4230 parvum
1124 4152 1263 4211 1111111τί-

205 4270 375 4321 tamentum.
423 4263 528 4335 Itaque
556 4262 635 4318 velut
661 4261 800 4318 vecordes
831 4259 904 4318 illati
925 4260 1009 4335 signa
1033 4260 1128 4336 primo
1155 4260 1314 4335 impetn15
