3392 5084
371 536 396 559 '
468 546 527 603 272
707 541 785 591 asser
802 540 852 593 ιν.
890 540 937 603 (Δ.
956 549 1025 593 m.
1043 540 1205 603 sae-sar.)

394 726 599 801 snelphioom
615 723 781 795 oraculum3
805 724 857 781 sed
870 724 992 800 propior
1004 724 1148 799 interpres
1168 722 1238 781 latis
1258 723 1380 781 oblatus
1401 722 1484 778 senior

425 832 544 906 quidam
567 830 690 900 Veiens,
720 830 769 904 qui
795 830 871 887 iuter
897 828 1069 886 cavillantes
1093 828 1124 885 in
1145 828 1320 886 stationibus
1343 846 1382 885 ac
1401 835 1484 885 cusu

424 936 479 993 diis
516 935 620 993 milites
655 936 807 993 Romanos
846 936 1047 1005 Etruscosque
1089 933 1275 992 vaticinantis
1308 934 1341 990 iu
1378 933 1483 989 modun

425 1041 541 1111 cecinit,
568 1027 737 1115 priusquam
761 1060 798 1097 ex
818 1040 886 1096 lacu
910 1039 1029 1095 Albano
1058 1056 1138 1112 aqua
1163 1038 1271 1095 emissa
1298 1037 1396 1109 foret,
1424 1056 1483 1093 nuu-
1521 1089 1523 1094 .

395 1154 514 1220 5quam
535 1144 694 1219 potiturum
715 1145 799 1201 Veiis
820 1146 997 1203 Romanum.
1045 1142 1133 1215 Quod
1154 1142 1250 1217 primo
1276 1142 1363 1199 velut
1389 1151 1483 1199 temam

425 1251 536 1331 iactum,
555 1249 667 1325 sperni,
696 1249 802 1323 agitari
823 1249 928 1306 deinde
951 1248 1134 1305 sermonibus
1160 1254 1287 1322 coeptum
1311 1259 1377 1318 est,
1406 1248 1500 1335 donec,

423 1368 499 1413 unus
520 1374 557 1413 ex
579 1354 703 1412 statione
713 1356 851 1413 Romana
871 1362 1058 1429 percontatus
1079 1351 1246 1426 proximum
1268 1352 1483 1427 oppidanorum,

423 1462 482 1518 ism
504 1480 557 1535 per
577 1461 818 1535 longinquitatem
844 1458 913 1517 belli
933 1456 1108 1515 commercio
1119 1474 1286 1514 sermonum
1301 1456 1398 1529 facto,
1419 1458 1483 1533 quia

394 1568 491 1624 duam
513 1566 538 1621 is
561 1573 645 1634 esset,
670 1565 720 1639 qui
740 1582 793 1639 per
814 1565 954 1638 ambages
975 1564 1012 1620 de
1032 1563 1099 1619 lacu
1121 1561 1241 1619 Albano
1262 1562 1393 1633 iaceret,
1414 1574 1484 1639 post-

424 1688 512 1743 quam
535 1670 654 1739 audivit,
677 1669 861 1744 haruspicem
876 1686 949 1738 esse,
969 1668 1016 1725 vir
1029 1669 1109 1725 haud
1120 1668 1223 1725 intacti
1235 1667 1384 1743 religione
1398 1670 1483 1736 animi,

424 1784 560 1832 causatus
573 1774 618 1830 -de
641 1773 748 1848 privati
769 1773 896 1849 portenti
916 1772 1136 1847 procuratione,
1164 1772 1190 1829 si
1218 1791 1317 1847 operte
1342 1773 1390 1830 illi
1411 1780 1484 1839 esset,

394 1878 573 1935 lconsulere
596 1878 687 1948 velle,
718 1880 755 1935 ad
778 1877 955 1952 colloquium
976 1886 1074 1935 vatem
1095 1878 1201 1934 elicuit.
1246 1877 1407 1953 Quumque
1426 1896 1484 1953 pro·

335 1964 346 1985 ⁸
422 1982 516 2057 gressi
547 1982 633 2039 ambo
662 2002 680 2039 a
706 1984 766 2040 suis
792 1984 908 2059 longius
935 1991 1033 2039 essent
1058 1983 1183 2039 inermes
1220 1981 1284 2038 sine
1315 1983 1379 2041 ullo
1408 1992 1484 2046 metu,
1521 1997 1523 2000 '

422 2087 584 2163 prevalens
619 2087 731 2145 iuvenis
763 2089 915 2146 Romanus
950 2105 1050 2144 senem
1084 2088 1229 2145 infirmum
1265 2087 1296 2143 in
1333 2097 1483 2164 conspectu
1521 2101 1523 2108 '

423 2193 552 2250 omnium
574 2200 698 2267 raptum,
720 2192 914 2267 nequicquam
935 2192 1176 2249 tumultuantibus
1197 2186 1350 2261 Euneon}
1363 2194 1404 2249 ad
1424 2209 1484 2249 suos

392 2296 576 2355 8traustulit.
621 2297 679 2370 Qui
701 2314 788 2371 quum
810 2298 967 2372 perductus
990 2299 1029 2356 ad
1048 2297 1266 2372 imperatorem,
1285 2296 1355 2353 ioth
1366 2299 1482 2356 Romam

422 2402 461 2459 ad
482 2411 614 2459 senatum
636 2402 741 2457 missus
756 2410 841 2472 esset,
863 2402 1086 2472 sciscitantibus,
1108 2402 1247 2476 quidnam
1262 2400 1293 2457 id
1303 2411 1392 2472 esset,
1413 2402 1482 2476 quod

391 2506 459 2563 ilde
485 2506 552 2563 lacu
578 2506 697 2565 Albano
718 2507 892 2578 decumum,
924 2508 1092 2583 respondit,
1130 2506 1263 2582 prolecto
1295 2506 1389 2564 iratos
1420 2507 1480 2562 deos

422 2608 538 2671 Veienti
562 2610 671 2689 populo
696 2611 746 2668 illo
766 2611 857 2669 fuisse
875 2611 932 2682 die,
954 2612 1079 2685 quesibi
1092 2630 1155 2669 eam
1168 2621 1295 2669 mentem
1307 2612 1482 2679 obiecissent,

373 2720 407 2773 10
420 2722 453 2770 ut
474 2713 741 2789 excidium-patriae
762 2714 853 2773 fatale
873 2716 1019 2791 proderet.
1062 2717 1176 2791 Itaque,
1198 2726 1339 2792 quartum
1356 2718 1482 2777 ceduerh
1521 2735 1523 2740 ·

421 2817 519 2875 divino
541 2818 643 2893 spiritu
663 2820 828 2891 instinctus,
857 2840 894 2879 ea
915 2840 946 2877 se
966 2838 1035 2891 nec,
1062 2829 1096 2878 ut
1115 2821 1225 2878 indicta
1244 2821 1321 2892 sint,
1349 2840 1481 2881 revocare
1521 2863 1523 2866 -

421 2940 522 2998 posse,
544 2933 572 2980 et
592 2906 716 2981 licendo
738 2922 880 2994 forsitan,
905 2923 974 2999 quae'
990 2926 1031 2982 dii
1050 2926 1230 2984 immortales
1250 2928 1369 3003 vulgari
1391 2928 1480 2995 velint,

372 3036 404 3090 ll
421 3028 500 3085 haud
522 3030 616 3086 minus
637 3047 725 3103 quam
747 3028 870 3085 celanda
892 3028 1010 3087 effando
1031 3030 1114 3087 nefas
1135 3032 1278 3088 contrahi.
1326 3032 1378 3092 Sic
1402 3032 1480 3107 igitur

421 3132 501 3190 libris
522 3132 675 3203 fatalibus,
708 3134 750 3191 sio
772 3133 924 3210 disciplina
945 3136 1071 3192 Etrusca
1091 3134 1230 3192 traditum
1261 3156 1342 3209 esse,
1372 3138 1478 3213 quarmo
1521 3179 1523 3184 .

420 3257 498 3312 aqua
520 3239 641 3296 Albana
663 3219 849 3309 abundasset,
868 3247 940 3310 tum,
961 3240 987 3296 si
1008 3258 1072 3297 eam
1094 3240 1246 3297 Romanus
1266 3242 1324 3299 rite
1338 3244 1478 3308 emisisset,

420 3342 571 3399 victoriam
594 3343 629 3400 de
651 3344 822 3402 Veientibus
846 3345 927 3414 dari3
958 3354 1114 3419 autequam
1135 3343 1165 3400 id
1187 3345 1255 3415 liat,
1288 3346 1361 3403 deos
1383 3344 1479 3403 moeuia
1521 3359 1523 3366 “

371 3448 405 3533 l?
420 3447 584 3505 Veientium
607 3448 773 3507 deserturos
795 3466 854 3505 uon
876 3466 949 3505 esse.
997 3450 1223 3523 Exaequebatur
1242 3450 1321 3521 inde,
1344 3471 1408 3526 que
1426 3448 1476 3507 sol·
1521 3471 1523 3503 :

420 3552 521 3609 lemnis
550 3552 692 3611 derivatio
717 3563 809 3624 esset;
838 3554 889 3611 sed
918 3562 1066 3611 auctorem
1092 3553 1185 3609 levem
1216 3572 1270 3611 uec
1297 3558 1373 3614 satis
1397 3556 1474 3614 fidum

419 3672 507 3730 super
527 3665 609 3713 tanta
630 3677 662 3714 re
683 3667 782 3733 patres
804 3660 863 3716 rati
882 3660 1045 3728 decrevere,
1066 3657 1179 3732 legatos
1205 3669 1361 3735 sortesque
1377 3657 1474 3720 oraculi
1521 3697 1523 3710 .

419 3760 535 3835 Pythici
557 3763 777 3835 exspectandas.

274 3884 294 3909 ι
325 3866 365 3933 16
503 3863 680 3938 Priusquam
700 3887 718 3923 a
739 3867 864 3943 Delphis
885 3875 1017 3925 oratores
1037 3869 1165 3927 redirent
1185 3869 1335 3928 Albanive
1362 3866 1474 3947 prodigfi

248 3954 407 4072 ‘usim
420 3968 536 4042 piacula
554 3968 766 4041 invenirentur,
795 3972 865 4029 novi
888 3971 997 4030 tribuni
1017 3974 1140 4032 militum
1162 3974 1308 4033 consulari
1332 3981 1473 4052 potestate,

278 4059 284 4072 ⁸
335 4058 340 4070 ’
403 4060 456 4131 'L.
479 4074 571 4132 Iulius
596 4076 692 4146 Iulus,
720 4078 752 4135 L.
781 4077 888 4135 Furius
914 4078 1091 4137 Medullinus
1123 4090 1274 4155 quartum,
1302 4082 1340 4138 L.
1367 4078 1472 4153 Sergium

419 4177 555 4248 Fidenas,
577 4183 617 4239 A.
641 4182 809 4238 Postumius
830 4182 1012 4255 Regillensis,
1033 4184 1069 4240 P.
1092 4182 1243 4241 Cornelius
1264 4182 1472 4261 Maluginensis,

388 4280 454 4339 lA.
484 4283 630 4355 Manlius,
658 4287 858 4360 magistratum
888 4286 1023 4345 inierunt.
1074 4289 1121 4347 Eo
1151 4307 1229 4345 auno
1256 4290 1472 4365 'Parquiuienses
