3392 5084
475 507 537 566 152
734 563 738 578 ι
761 505 840 555 Liber
856 503 904 560 IX.
941 494 989 568 (A.
999 501 1140 578 uasta)

381 692 416 748 ro
430 693 460 749 n
490 692 552 748 nee
580 690 640 748 nn
666 701 779 751 acuant.
834 691 922 765 Quor
951 691 989 748 m
1021 690 1152 747 munros
1185 691 1300 761 amnes,
1332 666 1467 761 onnus

430 806 525 853 atrum
548 813 674 871 presens
697 797 803 854 dedit-io
833 791 936 854 eorum
961 798 1025 854 fieri
1050 796 1143 871 possit
1173 793 1212 854 au
1240 799 1270 855 in
1298 799 1366 855 diem
1390 797 1467 855 diffe-
1517 852 1519 901 ‚

430 911 526 970 retur3
554 919 607 958 nos
628 902 751 972 interim,
783 903 821 959 Τ.
843 902 948 959 Veturi
969 919 1081 976 vosque
1101 903 1198 972 ceteri,
1219 904 1289 962 vilia
1304 907 1361 962 heo
1380 907 1468 980 capite
1517 940 1519 1009 ὦ

431 1007 543 1065 luerrdae
564 1007 713 1084 sponsioni
732 1007 876 1079 fuemus,
907 1018 938 1066 et
961 1018 1063 1066 nostro
1090 1008 1232 1083 supplicio
1253 1011 1397 1068 liberemus
1417 1013 1469 1069 Ro·
1517 1032 1518 1039 ¹

431 1132 518 1170 mana
539 1117 651 1172 arme.“
1132 1099 1138 1110 ⁴
1517 1190 1518 1193 Ἴ

335 1211 377 1281 lii
512 1220 608 1276 Movit
628 1227 724 1295 potres
754 1217 932 1293 conscriptos
954 1236 1041 1292 quum
1069 1237 1167 1289 muse,
1193 1230 1255 1277 tum
1287 1233 1397 1291 auctor,
1426 1239 1473 1276 nso

430 1335 541 1390 eeteros
565 1325 675 1394 solum,¹
706 1325 757 1380 sed
779 1324 910 1380 tribunos
938 1323 1026 1380 etiam
1052 1323 1161 1398 plebei,
1193 1336 1229 1384 ut
1253 1345 1285 1384 se
1310 1327 1339 1383 in
1368 1336 1474 1383 senatus
1517 1354 1519 1375 r

333 1499 335 1506 ,
399 1432 559 1492 2dieerent
582 1430 644 1490 iore
671 1439 824 1506 potestate.
876 1429 1050 1504 Magistratu
1076 1429 1144 1486 inde
1171 1449 1204 1487 se
1233 1433 1376 1508 extempio
1401 1433 1473 1489 abdi-
1517 1396 1519 1445 i

431 1547 584 1607 severunt,
619 1535 774 1611 traditique
802 1535 948 1592 fetialibus
969 1553 1034 1591 oum
1061 1535 1163 1591 ceteris
1184 1534 1328 1595 Caudium
1355 1538 1474 1594 ducendi.

430 1644 498 1702 Hoo
529 1657 645 1701 senatus
680 1642 810 1699 consulto
841 1641 921 1698 facto
952 1639 1003 1696 lux
1036 1641 1169 1714 quoedar'n
1206 1640 1351 1700 effulsisse
1376 1644 1475 1725 civitati

399 1749 494 1808 3rise
515 1757 567 1804 ost.
622 1748 790 1804 Postumius
820 1747 851 1804 in
881 1765 931 1804 ore
954 1756 1032 1814 erat3
1067 1763 1132 1802 eum
1159 1746 1294 1807 leudibus
1320 1751 1358 1807 ad
1386 1751 1474 1808 mum

384 1839 385 1844 ἵ
430 1854 579 1924 ferebant,
608 1849 755 1911 devotioni
780 1855 816 1913 P.
843 1852 929 1910 Deoii
948 1852 1089 1919 consulis,
1119 1853 1183 1909 aliis
1203 1854 1289 1911 oleris
1310 1855 1477 1912 facinoribus

399 1960 600 2034 teqrabent:
627 1959 776 2016 emersisse
797 1959 943 2016 civitatem
968 1972 1005 2014 ex
1028 1958 1156 2015 obnoxia
1176 1978 1250 2034 paoe
1270 1959 1346 2016 iilius
1368 1957 1477 2016 oonsilio

431 2074 461 2122 et
481 2083 583 2140 opera3
616 2065 710 2140 ipsum
738 2083 770 2120 se
794 2063 968 2121 eruciatibus
994 2074 1023 2120 et
1048 2064 1174 2121 hostium
1203 2065 1254 2121 iroe
1280 2063 1387 2123 offerre
1422 2065 1478 2139 pia·

400 2171 553 2245 scutaque
585 2190 639 2246 pro
669 2171 778 2244 populo
805 2171 942 2227 Romano
971 2168 1050 2229 dare.
1100 2173 1194 2226 Arma
1226 2171 1324 2227 onusti
1357 2181 1480 2246 spectent
1517 2216 1518 2253 ,

431 2285 460 2331 st
481 2275 604 2332 beilumz
639 2293 675 2330 en
702 2292 830 2350 unquam
862 2273 1009 2345 intutum,
1039 2286 1073 2331 ut
1100 2276 1237 2351 congredi
1269 2275 1391 2332 armatis
1423 2293 1480 2330 eum
1517 2268 1519 2351 i

431 2380 687 2439 Samnitelieeat?
1517 2354 1518 2377 ¹

398 2493 416 2549 6
512 2488 548 2544 In
575 2487 690 2544 civitate
708 2477 763 2544 'ira'
788 2487 914 2561 odioque
945 2487 1063 2544 ardente
1094 2486 1214 2542 dilectus
1241 2505 1336 2565 prope
1361 2487 1481 2544 omnium

433 2569 662 2650 voluntariorum
685 2592 752 2661 iuit3
783 2593 930 2667 rescriptae
951 2610 989 2648 ex
1011 2591 1111 2648 eodem
1132 2592 1223 2649 milite
1244 2611 1330 2650 novae
1351 2593 1483 2667 legiones,

398 2699 590 2772 'iduotusque
614 2698 652 2755 ed
675 2695 816 2754 Caudium
839 2697 992 2754 exereitus.
1043 2698 1201 2773 Praegrmsi
1230 2698 1346 2755 fetiales
1371 2699 1423 2756 ubi
1449 2697 1486 2752 ad

427 2815 543 2880 portam
565 2823 679 2874 venere,
699 2813 809 2860 vestem
831 2803 945 2859 detrahi
957 2801 1039 2876 pacis
1052 2805 1240 2878 sponsoribus
1253 2805 1365 2875 iubent,
1386 2822 1486 2860 manus

428 2920 496 2986 post
527 2918 638 2984 tergum
665 2909 776 2969 vinciri.
827 2909 924 2981 Quum
955 2908 1105 2982 apparitor
1131 2910 1308 2966 vererundia
1328 2910 1488 2966 maiestatis

428 3015 573 3072 Postumii
594 3015 661 3072 laxe
681 3016 810 3086 vinciret,
841 3015 937 3087 „Quin
957 3014 1008 3071 tu“
1039 3014 1132 3089 inquit
1155 3016 1296 3084 „adducis
1317 3017 1430 3086 lorum,
1459 3027 1489 3072 ut

398 3119 505 3184 sinete
529 3121 582 3176 fiat
609 3120 755 3178 deditio?“
806 3122 883 3178 Tum
911 3121 961 3177 ubi
990 3121 1021 3177 in
1046 3132 1150 3177 uoetum
1183 3121 1358 3181 Samnitium
1389 3135 1421 3182 et
1453 3124 1488 3180 ad

428 3226 554 3284 tribunal
581 3237 697 3283 ventum
724 3226 822 3283 Pontii
852 3237 911 3297 est,
933 3230 973 3284 A.
995 3225 1146 3283 Cornelius
1172 3228 1289 3285 Arvina
1313 3228 1424 3287 fetialis
1450 3232 1489 3287 ita

397 3335 520 3396 9rerba
550 3331 632 3390 feeit:
682 3333 885 3407 „Quandoque
910 3332 990 3389 hisoe
1017 3332 1150 3389 homines
1172 3333 1283 3391 iniussn
1304 3335 1408 3410 populi
1429 3339 1488 3395 Ro·

430 3440 509 3496 mani
531 3438 685 3512 Quiritium
704 3438 798 3498 foedus
819 3439 907 3496 ictum
935 3438 971 3494 iri
992 3438 1209 3512 spoponderunt
1238 3451 1328 3514 atque
1355 3443 1395 3498 ob
1424 3462 1488 3500 eam
1517 3486 1518 3505 2

379 3655 414 3710 it)
428 3649 536 3706 sceiere
558 3651 645 3725 impio
676 3651 713 3708 sit
733 3651 859 3718 solutus,
885 3651 975 3707 hosoe
997 3649 1129 3706 homines
1150 3650 1234 3706 vobis
1263 3651 1388 3708 dodo.“=
1415 3653 1490 3710 Hreo
1517 3632 1518 3683 3

428 3564 490 3602 rem
514 3563 622 3602 noxam
643 3554 816 3615 nooueruut,
848 3547 886 3603 ob
914 3563 978 3601 eam
1000 3562 1075 3612 rem,
1098 3541 1164 3618 'quo
1184 3545 1311 3619 populus
1335 3549 1489 3605 Romanus

427 3755 532 3827 dioenti
552 3754 643 3813 fetiali
667 3757 834 3814 Postumius
856 3775 931 3831 genu
952 3756 1060 3826 femur,
1092 3762 1202 3829 quanta
1222 3757 1351 3813 maxime
1369 3768 1489 3831 poterat

426 3861 466 3932 vi,
487 3861 618 3937 perculit,
639 3871 668 3918 et
689 3862 766 3918 clare
789 3880 863 3920 voce
886 3862 992 3932 aisse
1013 3861 1171 3919 Samnitem
1193 3861 1288 3918 civem
1309 3881 1382 3932 esse,
1405 3865 1489 3921 ilium

425 3970 553 4044 legatum
575 3967 702 4025 fetialem
733 3987 751 4024 a
772 3985 803 4024 se
817 3979 919 4025 oontre
939 3967 985 4040 ius
1003 3967 1132 4042 gentium
1152 3967 1310 4037 violatum3
1332 3987 1368 4024 eo
1381 3968 1490 4026 iustine

327 4069 364 4138 11
431 4075 537 4133 bellum
559 4072 700 4148 gesturos.
753 4074 829 4130 Tum
851 4074 974 4131 Pontius
995 4074 1079 4145 „Neo
1111 4090 1166 4147 ego
1192 4073 1277 4129 istam
1308 4073 1489 4132 deditionem

396 4181 588 4255 2eooipiam“
605 4179 707 4253 inquit,
729 4197 800 4249 „neo
816 4179 960 4238 Samnites
973 4186 1067 4234 ratam
1087 4179 1243 4237 habebunt.
1286 4178 1364 4252 Quin
1378 4188 1420 4248 tu,
1434 4179 1487 4253 Sp.

427 4287 570 4354 Postumi,
581 4286 605 4342 si
617 4283 687 4341 deos
700 4303 762 4341 esse
774 4301 883 4354 censes,
899 4287 949 4340 aut
960 4283 1058 4340 omnia
1066 4283 1149 4340 irrita
1159 4283 1234 4342 iaois
1243 4295 1295 4341 aut
1306 4295 1392 4360 paeto
1403 4283 1488 4340 stas?
