3392 5084
540 534 619 586 Lines
635 533 673 584 11.
714 531 901 617 lacunas.)
1174 535 1214 594 83

204 715 288 774 lorum
304 717 434 791 proiecit.
483 715 590 776 Obsita
610 726 675 775 erat
694 717 834 792 squalore
855 717 960 788 vestis,
988 715 1103 776 foedior
1124 718 1256 793 corporis

204 822 306 880 habitus
327 823 440 898 pallore
460 842 496 880 ac
517 823 612 882 macie
631 823 789 899 perempti3
811 823 927 882 adhoc
948 823 1095 898 promissa
1108 823 1203 882 barba
1227 827 1289 882 etl

205 926 288 1000 capilli
308 925 503 986 efferaverant
525 929 652 1003 speciem
674 928 743 990 oris.
791 929 1004 988 Noscitabatur
1019 937 1117 986 tamen
1130 928 1161 986 in
1175 937 1258 988 tanta

206 1030 384 1103 deformitate,
408 1042 438 1090 et
458 1033 575 1092 ordines
596 1034 716 1092 duxisse
740 1033 867 1103 aiebant„
890 1033 1006 1108 elinque
1026 1033 1135 1092 militias
1150 1034 1259 1092 decora

204 1136 278 1210 vulgo
299 1137 472 1196 miserantes
495 1157 562 1194 eum
582 1139 750 1209 iactabant3
782 1140 845 1215 ipso
875 1146 963 1196 testes
994 1140 1182 1197 honestarum
1205 1139 1259 1196 ali·

205 1251 264 1313 qnot
292 1242 366 1299 locis
397 1260 560 1317 pugnarum
594 1244 743 1304 cicatrices
776 1246 901 1302 adverso
934 1251 1052 1318 pectore
1083 1245 1259 1305 ostentabat.

205 1346 422 1418 manebus,
443 1348 520 1406 unde
533 1348 582 1405 ille
595 1350 723 1420 habitus,
742 1350 820 1408 unde
833 1347 1014 1420 deformitas,
1036 1368 1125 1424 quum
1137 1350 1259 1408 eircum-
1274 1355 1292 1408 5

203 1451 258 1508 msa
277 1454 365 1510 turba
386 1461 462 1510 esset
480 1471 574 1528 prope
595 1454 625 1511 in
647 1456 792 1513 contionis
818 1454 954 1524 modum,
986 1453 1097 1515 Sabino
1118 1453 1196 1512 bello
1218 1454 1260 1512 ait

205 1575 229 1613 se
246 1557 425 1628 militantem,
446 1557 517 1632 quia
536 1566 658 1634 propter
677 1558 881 1633 populationes
904 1561 968 1636 agri
986 1579 1043 1619 non
1059 1559 1156 1618 fructu
1171 1559 1259 1618 modo

205 1663 323 1733 caruerit,
344 1664 399 1721 sed
420 1663 491 1721 villa
511 1661 739 1733 incensafuerit,
761 1663 877 1739 direpta
892 1665 1000 1737 omnia,
1020 1681 1128 1740 pecora
1142 1667 1259 1738 abacta,

205 1768 329 1824 tributum
349 1768 453 1844 iniquo
476 1787 531 1826 suo
546 1778 687 1843 tempore
709 1768 901 1844 imperatum,
933 1788 973 1829 as
998 1771 1123 1830 alienum
1145 1771 1259 1835 fecisse.

204 1873 233 1927 ld
250 1873 428 1931 cumulatum
448 1875 544 1932 usuris
564 1874 660 1949 primo
681 1892 713 1931 se
735 1891 808 1952 agro
829 1883 953 1950 paterno
976 1877 1114 1952 avitoque
1134 1880 1293 1950 exuisse‚6

206 1980 294 2036 deinde
313 1979 442 2038 fortunis
463 1979 541 2049 aliis3
562 1987 712 2055 postremo
733 1979 815 2037 velut
827 1980 926 2038 tabem
947 1981 1115 2056 pervenisse
1137 1984 1176 2040 ud
1196 2000 1261 2044 cor-

205 2101 260 2156 pus;
279 2085 400 2142 ductum
423 2103 455 2141 se
476 2086 514 2141 ab
536 2085 679 2142 creditore
697 2103 756 2142 non
770 2085 801 2142 in
821 2084 982 2156 servitium,
1006 2086 1057 2143 sed
1080 2087 1110 2144 in
1132 2096 1263 2163 ergastu-
1313 2090 1314 2095 ’

205 2189 253 2246 lum
282 2199 311 2246 et
346 2189 546 2248 carnificinam
578 2205 651 2247 esse.
709 2191 783 2248 Inde
821 2198 968 2251 ostentare
999 2199 1112 2266 tergum
1143 2190 1292 2252 foedum‘l

206 2296 354 2353 recentibus
376 2293 508 2368 vestigiis
530 2294 697 2359 verberum.
737 2296 789 2354 Ad
809 2297 873 2353 hac
893 2296 957 2353 visa
979 2296 1138 2370 auditaque
1152 2296 1263 2354 clamor

207 2399 292 2474 ingens
313 2401 419 2459 oritur.
462 2401 532 2458 Non
553 2400 614 2457 iam
635 2398 701 2458 foro
722 2418 755 2458 se
780 2402 921 2458 tumultus
945 2409 1037 2472 tenet,
1071 2402 1123 2458 sed
1152 2401 1262 2476 passim

208 2512 284 2563 totam
302 2508 409 2564 urbem
430 2505 575 2580 pervadit.
621 2506 701 2564 Nexi
732 2506 823 2564 vincti
854 2506 998 2580 solutique
1027 2524 1060 2563 se
1082 2505 1209 2581 undique
1230 2507 1291 2570 in8

208 2610 338 2682 publicum
362 2609 543 2686 proripiunt,
572 2611 731 2686 implorant
753 2611 909 2684 Qniritium
940 2612 1037 2671 fidem.
1082 2612 1173 2670 Nullo
1194 2612 1261 2671 looo

209 2713 276 2771 deest
303 2716 457 2774 seditionis
485 2716 667 2773 voluntarius
696 2733 808 2786 comes;
843 2717 943 2774 multis
963 2717 1073 2793 passim
1098 2717 1262 2792 agminibus

210 2837 252 2892 per
269 2840 369 2879 omnes
390 2822 457 2878 vias
475 2839 541 2879 cum
563 2821 691 2879 clamore
710 2820 743 2878 in
762 2819 860 2878 forum
882 2823 1016 2880 omnitur.
1064 2823 1175 2899 Magno
1198 2825 1294 2885 cuma

211 2926 322 2997 periculo
344 2945 418 2995 suo,
446 2927 497 3000 qui
518 2926 595 2984 forte
616 2934 734 3000 patrum
753 2926 785 2984 in
805 2925 873 2984 foro
895 2937 987 2999 erant,
1008 2928 1039 2986 in
1061 2947 1125 2986 eam
1147 2930 1263 2986 turbam

211 3028 372 3102 inciderunt3
408 3049 462 3088 nec
481 3040 675 3107 temperatum
696 3031 832 3090 manibus
853 3031 945 3104 foret,
974 3033 1005 3090 ni
1034 3052 1159 3109 propere
1193 3051 1264 3091 oon·
1280 3035 1316 3090 lo

213 3135 284 3207 sulas,
314 3139 352 3197 P.
376 3136 518 3196 Servilius
539 3145 570 3193 et
590 3138 650 3211 Ap.
671 3134 826 3208 Claudius,
858 3137 896 3194 ad
919 3136 1166 3214 comprimendam
1189 3137 1264 3194 sedi·

213 3237 543 3301 tionemintervenissent.
568 3228 880 3302 Atineosmultitudo
891 3261 978 3302 versa
989 3248 1135 3300 ostentare
1149 3239 1266 3298 macula

214 3361 257 3404 sua
275 3347 547 3421 deformitatemque
569 3346 667 3405 aliam.
709 3349 782 3406 Hac
813 3367 845 3406 se
868 3347 987 3404 meritos
1019 3345 1130 3415 dicere,
1159 3363 1265 3420 expro·
1280 3349 1315 3406 ll

214 3449 317 3509 brantes
341 3471 427 3510 suam
455 3453 578 3526 quisque
607 3453 682 3512 alius
712 3454 783 3512 alibi
814 3453 960 3522 militiam3
994 3451 1142 3527 postulare
1174 3451 1266 3510 multo

215 3556 352 3616 minaciter
385 3557 482 3632 magis
518 3576 607 3632 quam
648 3559 832 3634 suppliciter,
871 3567 903 3616 ut
944 3566 1076 3615 senatum
1111 3566 1266 3630 vocarent3

217 3662 369 3739 curiamque
397 3663 455 3739 ipsi
487 3662 578 3720 futuri
610 3664 713 3722 arbitri
741 3665 998 3738 moderatoresque
1024 3662 1134 3738 publici
1154 3663 1267 3722 consilii

218 3766 423 3828 circumsistunt.
465 3769 559 3826 Pauci
583 3769 740 3827 admodum
761 3778 888 3844 patrum,
911 3785 984 3843 quos
1006 3785 1092 3826 casus
1113 3769 1267 3840 obtulerat,
1283 3770 1320 3826 12

220 3877 342 3934 annecti
362 3877 402 3932 ab
423 3873 604 3943 consulibus3
638 3882 751 3932 ceteros
783 3881 877 3932 metus
898 3891 958 3930 non
984 3873 1065 3932 ouria
1091 3875 1189 3945 modo,
1216 3875 1269 3932 sed

221 3976 292 4035 mam
325 3978 392 4038 foro
429 3980 566 4049 arcebat,
602 3998 656 4036 nec
690 3979 739 4054 agi
771 3980 929 4054 quicquam
962 3997 1015 4054 per
1045 3977 1270 4054 infrequentiam

222 4090 318 4154 poterat
337 4091 465 4142 senatus.
519 4085 597 4140 Tum
624 4103 695 4142 vero
717 4084 795 4142 eludi
816 4093 904 4159 atque
926 4083 1040 4140 extrahi
1060 4101 1092 4140 se
1113 4082 1266 4141 multitudo
1282 4083 1319 4140 13

222 4196 321 4262 putare,
342 4199 371 4248 et
391 4196 509 4264 patrum
531 4190 582 4264 qui
601 4190 747 4259 abessent,
768 4205 928 4259 nonnoso,
952 4206 1011 4244 non
1032 4196 1120 4258 metu,
1141 4188 1193 4244 sed
1212 4189 1270 4244 im·

224 4293 353 4362 pedienda
373 4294 418 4352 rei
438 4311 530 4352 causa
550 4294 668 4363 abesse,
692 4301 722 4351 et
742 4293 875 4352 consules
896 4293 977 4368 ipsos
999 4287 1196 4368 tergiversari,
1217 4311 1272 4351 nee

1041 4396 1071 4442 6*
