3392 5084
560 1381 750 1464 LIBER
783 1383 870 1464 ΙΙΙ.

667 1608 766 1621 .-.--

200 1734 274 1812 intio
294 1765 398 1832 apto,
423 1757 472 1816 Ti.
494 1757 633 1816 AEmilius
654 1769 684 1816 et
704 1759 742 1832 Q.
764 1759 876 1817 Fabius
899 1759 1031 1816 eonsules
1051 1759 1131 1818 flunt.
1190 1699 1292 1818 Hie·
1325 1743 1341 1812 l

200 1873 252 1919 erat
269 1864 391 1931 Fabius,
412 1865 463 1939 qui
477 1882 551 1922 unus
565 1865 714 1922 exstinctae
728 1864 766 1922 ad
781 1861 948 1922 Cremeram
963 1865 1042 1940 genti
1056 1865 1246 1942 superfuerat.
1260 1831 1422 1953 Ancffi}

200 1967 252 2024 Iam
270 1969 368 2044 priore
388 1970 540 2028 consulatu
560 1969 699 2029 AEmilius
719 1970 808 2027 dandi
830 1967 894 2045 egri
915 1969 993 2046 plebi
1013 1969 1110 2029 luerat
1131 1973 1278 2042 auotor32

200 2074 285 2150 itoque
304 2077 432 2134 seeundo
457 2090 574 2151 quoque
597 2076 748 2134 consulatu
776 2078 838 2134 eius
862 2087 891 2133 et
918 2076 1026 2151 agrarii
1054 2095 1086 2134 se
1115 2077 1145 2134 in
1167 2095 1246 2153 spem

201 2178 259 2254 legis
277 2189 439 2253 erexerunt,
461 2191 491 2240 et
511 2183 627 2251 tribuni,
649 2198 709 2240 rem
734 2192 836 2240 uonna
857 2183 988 2240 eonsules
1010 2201 1086 2258 saepe
1107 2191 1247 2241 tentatam

201 2285 319 2343 adiutore
333 2286 432 2362 utique
451 2289 571 2347 consule
593 2289 716 2346 obtineri
736 2305 824 2364 posse
844 2288 911 2359 rati,
933 2288 1092 2365 suscipiunt
1098 2308 1107 2363 ;
1129 2297 1158 2345 et
1179 2303 1247 2346 eou-

203 2389 238 2445 sul
260 2394 396 2450 manebat
424 2394 454 2451 in
481 2394 622 2452 sententio
650 2413 712 2451 sua.
775 2396 965 2452 Possessores
993 2403 1022 2453 et
1048 2411 1155 2469 magua
1178 2397 1278 2468 pares

203 2506 321 2569 patrum,
342 2498 502 2556 tribuniciis
524 2513 556 2558 'se
578 2500 688 2559 iactare
709 2501 872 2558 actionibus
892 2501 1052 2576 prinoipem
1074 2498 1198 2557 civitatis
1221 2507 1249 2556 et

203 2601 336 2678 largiendo
356 2607 394 2663 (le
416 2605 512 2663 alieno
532 2606 703 2682 popularem
724 2608 787 2665 fleri
810 2615 977 2682 querentes,
999 2605 1087 2662 totius
1108 2602 1247 2661 invidiam

205 2709 237 2765 rei
254 2730 271 2767 a
288 2711 412 2770 tribunis
432 2711 462 2768 in
482 2712 630 2770 oonsulem
647 2722 821 2772 averterant.
865 2715 963 2771 Atrox
977 2721 1124 2772 certamen
1138 2710 1278 2779 ederetl

208 2815 356 2876 uil'eltius
386 2817 508 2876 oonsilio
535 2818 630 2875 neutri
657 2819 735 2892 parti
762 2819 868 2876 acerbo
894 2837 955 2876 rem
985 2817 1159 2894 expedisset.
1210 2815 1247 2873 Τ.
1351 2800 1359 2812 “

209 2919 313 2992 Quinctii
333 2924 422 2982 ‹luotu
443 2931 473 2981 et
493 2923 623 3000 auspicio
650 2924 714 2999 agri
736 2924 815 2999 eapti
845 2925 943 3001 priore
971 2941 1047 2982 auno
1070 2921 1248 2997 aliquautum
1358 2927 1360 2936 '

206 3043 220 3080 a
244 3029 352 3088 Volscis
379 3047 456 3100 esse3
488 3031 625 3100 Antium,
656 3025 879 3107 [propinquam]
909 3039 1103 3108 opportunam
1130 3037 1158 3085 et
1187 3035 1279 3089 met-5

205 3133 313 3193 nimam
335 3137 447 3206 urbem,
469 3136 613 3194 coloniam
633 3134 738 3193 deduci
757 3151 861 3211 posse3
888 3137 931 3194 itu
951 3137 1013 3194 siue
1035 3133 1159 3210 querelis
1179 3151 1248 3209 pos·

206 3254 333 3299 sessorum
354 3241 470 3317 plebem
491 3242 521 3299 iit
543 3242 766 3322 agritanorum,
788 3239 934 3300 civitatem
955 3243 986 3300 in
1000 3239 1155 3299 eoncordia
1176 3238 1248 3297 fore

206 3342 266 3403 lieo
287 3348 427 3405 sententia
447 3357 568 3424 eooepta
590 3357 643 3408 est.
690 3348 873 3406 Triumviros
895 3355 967 3423 agro
991 3345 1087 3403 dando
1109 3353 1189 3402 ereut
1209 3345 1279 3408 mo

207 3447 362 3524 Quinctium,
384 3453 619 3528 uvergtnium,
642 3455 678 3511 P.
697 3455 838 3524 sunum
865 3453 936 3511 iussi
955 3451 1074 3511 uomina
1095 3451 1175 3521 dare,
1199 3451 1249 3526 qni

208 3570 292 3629 ugrum
311 3560 442 3635 accipere
462 3559 576 3618 vellent.
622 3558 705 3616 Fecit
726 3559 839 3630 statim,
860 3568 893 3616 ut
912 3559 960 3628 fit,
980 3557 1128 3616 festidium
1149 3557 1278 3632 copiast

209 3658 319 3738 ideoque
338 3665 425 3740 penei
446 3665 565 3722 uomina
586 3665 699 3736 dedere,
719 3673 752 3722 ut
773 3667 811 3723 ad
833 3664 1006 3741 explendum
1027 3678 1178 3720 numerum
1200 3679 1248 3720 oo·

209 3760 255 3822 loni
271 3767 369 3828 Volsci
391 3770 579 3838 adderentur-3
600 3781 697 3828 uetera
717 3771 871 3829 multitudo
886 3787 1006 3846 posuere
1022 3770 1124 3828 Romae
1146 3785 1248 3844 agrum
1305 3749 1307 3756 λ

210 3873 387 3952 malequam
415 3875 485 3934 alibi
513 3876 654 3953 aeoipere.
700 3875 794 3952 AEqui
825 3895 844 3933 a
871 3875 907 3949 Q.
931 3875 1025 3934 Fabio
1056 3873 1096 3946 (is
1120 3892 1154 3932 eo
1183 3878 1280 3935 eum8

211 3981 316 4039 nunu
336 3984 470 4055 verreret)
496 3999 599 4058 paoem
621 3982 745 4058 petiere,
777 3983 960 4057 irritamque
976 3999 1042 4038 eam
1068 3978 1125 4056 ipsi
1151 3977 1248 4036 subita

211 4079 350 4147 incursione
368 4089 402 4145 iu
423 4104 527 4164 agrum
549 4089 690 4146 Latinum-
707 4087 813 4149 iecere.

275 4192 307 4267 Q.
332 4195 473 4254 Servilius
494 4195 657 4270 insequenti
678 4213 755 4252 anno
777 4192 815 4267 (is
835 4190 912 4248 euim
935 4209 999 4248 euru
1022 4189 1073 4267 Sp.
1096 4188 1248 4248 Postumio
1320 4178 1343 4248 2

214 4298 292 4356 consul
310 4299 375 4376 fait)
405 4301 436 4358 in
464 4301 581 4376 AEquos
602 4299 707 4357 missus
733 4299 764 4356 in
789 4298 897 4356 Latino
926 4305 999 4373 agro
1021 4294 1128 4364 stativa
1148 4292 1249 4354 habuit
1263 4267 1423 4388 ffiffig
