3392 5084
542 544 619 595 nam
635 546 685 599 vr.
719 546 765 610 (A.
778 546 908 610 omrem)
1193 554 1212 611 3

214 728 305 785 tribuni
333 729 452 787 militum
481 731 526 787 bis
548 733 586 790 A.
608 732 749 802 Manlius,
777 732 850 804 illis,
881 734 931 807 qui
952 734 1091 793 adversus
1112 734 1285 796 Etruseosll

214 836 391 905 mittebantur,
413 836 448 891 L.
465 835 603 894 AEmilius
622 838 801 914 praepositus.
845 840 976 897 Tertiam
996 850 1110 917 partem
1130 841 1195 918 ipse
1215 844 1254 901 od

215 940 332 999 Volscos·
349 942 445 1011 duxit,
474 960 527 999 nec
555 944 657 1019 procul
685 964 703 1001 a
730 945 866 1002 Lanuvio
897 946 948 1020 (ad
970 947 1142 1004 Meciumis
1172 947 1253 1006 loeus

213 1045 312 1122 dicitur)
334 1057 431 1105 castra
452 1066 620 1124 oppugnare
644 1058 687 1107 est
710 1050 837 1110 adortus
886 1052 999 1125 Quibus
1020 1054 1058 1110 ab
1076 1053 1285 1130 contemptn,9

213 1155 274 1228 qnod
303 1174 395 1231 prope
427 1174 540 1213 ornnem
570 1156 693 1213 deletam
725 1178 743 1215 a
764 1157 860 1217 Gallis
886 1159 1052 1216 Romanam
1077 1158 1252 1218 iuventutem

210 1262 356 1334 crederent,
387 1262 425 1319 ad
445 1262 551 1319 bellum
573 1261 709 1337 proiectis
730 1272 841 1321 tantum
864 1262 1004 1331 Camillus
1026 1263 1140 1321 auditus
1161 1264 1253 1341 impe·

209 1376 276 1424 rator
301 1368 419 1426 terroris
448 1366 600 1445 intulerat,
639 1379 673 1425 ut
700 1370 778 1427 vallo
807 1388 838 1427 se
866 1370 936 1445 ipsi,
967 1370 1076 1427 vallum
1108 1371 1253 1447 congestis

211 1474 346 1533 arboribus
369 1476 510 1551 sopirent,
532 1494 568 1533 ne
590 1494 648 1550 qua
668 1476 776 1533 intrare
795 1477 832 1534 ad
847 1475 1026 1555 munimenta
1039 1475 1130 1533 bostis
1145 1484 1252 1552 posset.

209 1576 279 1650 Quod
299 1581 353 1637 ubi
387 1582 589 1645 animadvertit
612 1564 766 1651 Camillus,
784 1580 895 1655 'ignem
922 1581 952 1638 in
981 1581 1124 1639 obiectam
1146 1600 1252 1657 saepem
1267 1581 1307 1639 lt)

208 1685 293 1743 roniici
314 1688 415 1751 iussit:
437 1696 466 1743 et
486 1686 562 1745 forte
583 1695 646 1744 erat
666 1687 711 1743 vis
735 1704 842 1761 magma
861 1687 942 1744 venti
961 1706 1048 1745 versa
1067 1686 1098 1743 in
1119 1689 1231 1745 bostem
1241 1704 1250 1760 ;

206 1792 289 1866 itaque
309 1812 371 1849 mon
394 1793 506 1868 aperuit
526 1793 619 1851 solum
639 1792 870 1862 incendioviam,
891 1793 952 1864 sed,
972 1793 1096 1850 flammis
1110 1793 1140 1849 in
1155 1802 1252 1851 eastra
1268 1795 1301 1851 tt

207 1899 386 1968 tendentibus,
415 1917 524 1974 vapore
546 1900 632 1956 etiam
655 1918 689 1956 ac
711 1898 792 1957 fumo
814 1900 981 1974 crepituque
1002 1898 1101 1956 viridis
1123 1898 1252 1957 materia

203 2004 343 2077 damantis
364 2004 406 2061 ita
428 2004 621 2061 consternavit
642 1987 748 2075 baeles,
770 2015 801 2061 ut
822 2005 916 2061 minor
937 2004 1027 2061 moles
1048 2006 1252 2079 superantibus

205 2110 298 2167 vallum
320 2110 354 2168 in
378 2116 474 2167 castra
494 2109 668 2168 Volscorum
691 2109 830 2168 Romanis
856 2108 958 2180 fuerit,
992 2128 1080 2184 quarn
1101 2119 1252 2169 monscen-

204 2213 323 2272 dentibus
349 2233 454 2290 saepem
476 2214 608 2274 incendio
639 2217 822 2292 absumptam
849 2215 954 2273 fuerat.
995 2216 1098 2299 ‚susis
1119 2216 1251 2274 hostibus
1267 2210 1304 2267 12

203 2320 330 2397 caesisque
355 2340 442 2395 quum
465 2330 561 2378 eastra
581 2322 689 2397 impetn
711 2322 834 2398 cepisset
855 2322 994 2391 dictator,
1019 2321 1147 2396 praedam
1169 2321 1253 2380 militi

204 2423 282 2497 dedit,
316 2446 378 2503 quo
405 2428 499 2484 minus
521 2437 666 2503 speratam
689 2428 805 2485 minime
834 2423 973 2502 largitore
993 2426 1080 2497 duca,
1110 2444 1145 2483 eo
1169 2427 1252 2484 militi

202 2531 360 2603 gratiorem.
407 2534 580 2591 Persecutua
594 2534 696 2591 deinde
709 2534 861 2611 fugientes,
883 2551 971 2607 quum
986 2551 1100 2589 ornnem
1111 2532 1252 2591 Volscum
1267 2527 1305 2585 13

203 2652 291 2709 agrum
313 2636 508 2713 depopulatus
531 2648 614 2711 esset,
636 2641 673 2697 ad
695 2642 869 2699 deditionem
891 2638 1016 2695 Volscos
1038 2640 1252 2715 septuagesimo

203 2742 304 2803 demum
329 2763 408 2802 anno
432 2745 554 2823 subegit.
608 2746 712 2803 Victor
737 2766 774 2804 ex
795 2746 912 2804 Volscis
939 2746 970 2803 in
991 2746 1108 2819 AEquos
1128 2744 1252 2816 transiit,
1267 2741 1304 2797 ll

203 2858 226 2904 et
241 2851 318 2926 ipsos
344 2849 450 2908 ballum
465 2850 615 2909 molientes
624 2870 633 2922 ;
656 2852 811 2909 exercitum
827 2871 926 2909 eorum
943 2851 980 2907 ad
992 2850 1082 2908 Bolas
1098 2852 1251 2925 oppressit,

203 2966 365 3015 neocastri.
388 2957 490 3029 modo,
521 2958 572 3014 sed
598 2960 698 3015 urbem
725 2958 812 3015 etiam
844 2975 997 3035 aggressus
1013 2955 1133 3031 impetu
1155 2958 1250 3033 primo

200 3063 272 3136 cepit.
566 3064 568 3074 '

271 3169 372 3243 Quum
393 3166 423 3223 in
445 3187 479 3224 ea
501 3176 599 3243 parte,
629 3169 659 3225 in
682 3188 740 3244 qua
769 3179 857 3245 caput
887 3170 931 3227 rei
951 3172 1091 3228 Romanae
1112 3167 1252 3225 Camillus
1322 3151 1347 3223 3

202 3282 261 3343 erat,
283 3294 321 3332 ea
344 3272 461 3331 fomnna
482 3282 566 3345 esset,
589 3274 675 3331 aliam
696 3276 726 3331 in
747 3283 860 3350 partem
875 3284 969 3333 terror
981 3276 1081 3349 ingens
1094 3274 1252 3349 ingruerat.

201 3375 309 3437 Etruria
330 3398 424 3455 prope
447 3380 539 3437 omnis
562 3389 675 3438 armata
698 3380 843 3451 Sutrium,
878 3381 973 3439 socios
994 3378 1095 3455 populi
1117 3368 1283 3450 Romani,2

202 3483 362 3554 obsidebat3
393 3504 514 3559 quorum
538 3486 640 3561 legati,
664 3506 748 3561 opem
769 3488 856 3544 rebus
878 3484 989 3542 affectis
1010 3492 1141 3556 orantes,
1163 3503 1251 3559 quum

200 3601 323 3648 senatum
348 3590 486 3661 adissent,
519 3592 664 3649 decretum
686 3592 791 3660 tulere,
822 3600 854 3649 ut
876 3592 1000 3648 dictator
1020 3591 1114 3667 primo
1136 3609 1253 3665 quoque

201 3702 323 3772 tempore
346 3696 483 3767 auxilium
507 3696 630 3756 Sutrinis
661 3694 757 3755 ferret.
816 3696 904 3755 Cuius
934 3695 996 3772 spei
1025 3714 1137 3752 moram
1164 3693 1282 3769 quum³

200 3803 252 3873 pati
272 3802 393 3861 fortune
426 3803 609 3860 obsessorum
636 3822 694 3861 non
720 3804 877 3879 potuisset,
910 3801 1098 3876 confectaque
1119 3802 1252 3877 paucitas

202 3910 406 3983 oppidanorum
428 3927 531 3984 opere,
556 3910 677 3985 vigiliis,
703 3910 885 3985 vulneribus,
914 3927 978 3983 quae
999 3926 1113 3983 semper
1135 3908 1252 3965 eosdem

201 4015 350 4086 urgebant,
383 4034 436 4089 per
456 4015 618 4091 pactionem
640 4018 711 4074 urbe
734 4017 873 4074 hostibus
892 4014 1017 4095 tradita,
1048 4014 1165 4071 inermis
1186 4032 1252 4071 eum

201 4115 314 4193 singulis
348 4122 452 4178 emissa
478 4122 654 4179 vestimentis
695 4120 850 4179 miserabili
878 4120 993 4194 agmine
1021 4129 1140 4195 penates
1164 4120 1250 4177 relin-

203 4235 306 4297 queret,
328 4244 362 4283 eo
385 4224 461 4283 forte
481 4235 611 4303 tempore
633 4227 772 4287 Camillus
789 4246 853 4284 cum
870 4226 996 4286 exercitu
1015 4228 1149 4283 Romano
1163 4223 1281 4283 inter-l

202 4330 282 4387 venit.
330 4329 386 4389 Cui
407 4350 495 4406 quum
517 4351 549 4390 se
571 4342 669 4391 maesta
690 4335 775 4391 turba
791 4332 828 4389 ad
842 4333 931 4407 'pedes
952 4331 1153 4408 provolvisset,
1173 4331 1253 4407 prin·

1024 4433 1052 4484 1·
