3392 5084
666 518 746 567 Liber
763 516 784 567 1.
1175 522 1213 577 49

211 700 298 757 omnia
323 719 425 770 onera,
457 720 522 776 quse
548 701 714 759 communie
735 702 883 775 quondam
907 700 1029 771 fuerint,
1055 702 1209 760 inclinasse
1230 704 1260 759 in
1277 703 1311 761 12

211 806 337 879 primores
357 806 496 877 civitatis3
526 806 683 864 instituisse
704 824 831 876 censum,
860 816 891 863 ut
915 807 1035 883 insignis
1058 808 1096 864 ad
1120 807 1258 865 invidiam

209 908 413 988 locupletiorum
438 910 557 967 fortuna
578 918 655 969 esset
675 919 705 967 et
725 920 839 986 parata,
861 912 946 984 unde,
975 912 1031 969 ubi*
1047 912 1143 983 vellet,
1170 930 1259 988 egen·

210 1014 313 1072 tissimis
331 1014 515 1091 largiretur.“
561 1016 639 1073 Huic
660 1016 785 1073 orationi
805 1014 926 1075 Servius
948 1036 1036 1092 quum
1059 1018 1260 1076 intervenisset
1305 1011 1351 1081 48

209 1120 307 1193 trepido
331 1121 433 1179 nuntio
461 1122 620 1192 excitatns,
648 1121 795 1197 extemplo
826 1142 846 1179 a
871 1123 1016 1181 vestibulo
1044 1123 1130 1181 curioe
1152 1142 1260 1200 magua

209 1240 270 1279 roco
291 1223 386 1297 „Quid
407 1227 482 1283 hoo“
505 1227 614 1301 inquit,
643 1226 819 1300 „Tarquiui,
847 1228 890 1285 rei
912 1227 975 1285 est?
1003 1246 1062 1303 qua
1083 1238 1113 1283 tu
1137 1230 1260 1289 audacis

209 1347 246 1385 me
264 1328 328 1386 viro
349 1347 459 1389 vocare
480 1350 569 1390 ausus
592 1351 624 1390 es
648 1346 747 1412 patres
768 1335 870 1393 autin
892 1335 960 1391 sede
982 1334 1132 1391 considere
1154 1333 1257 1391 meai“

210 1433 292 1505 Quum
311 1435 362 1491 ille
382 1434 520 1495 ferociter
543 1438 581 1494 ad
604 1441 675 1510 haeo,
697 1459 728 1498 se
745 1441 839 1517 patris
856 1440 901 1497 sui
916 1447 1013 1497 tenere
1026 1438 1135 1509 sedem,
1159 1438 1289 1508 multo,2

208 1556 282 1611 quam
295 1557 422 1611 servum,
443 1543 587 1617 potiorem
611 1546 701 1603 filium
722 1547 800 1620 regis
821 1535 905 1621 regni
921 1542 1071 1619 heredem3
1093 1544 1164 1601 satis
1179 1544 1259 1601 illum

207 1643 247 1699 diu
270 1663 319 1719 per
353 1645 499 1705 licentiam
531 1650 694 1708 eludentem
722 1652 878 1709 insultasse
905 1650 1043 1718 dominis,
1081 1648 1192 1705 elamor
1222 1649 1259 1706 ab

207 1749 341 1825 utriusque
362 1750 527 1811 fautoribus
550 1757 642 1813 oritur
663 1765 692 1813 et
715 1773 872 1814 concursus
885 1754 985 1830 populi
998 1754 1086 1819 fiebat
1097 1753 1127 1809 in
1140 1754 1259 1823 curiam,

207 1850 427 1932 apparebatque,
469 1870 668 1935 regnaturum,
703 1860 753 1935 qui
781 1862 906 1919 vicisset.
966 1860 1042 1916 Tum
1071 1858 1290 1932 Tarquinius,3

207 1962 362 2018 masinae
382 1962 443 2020 iam
472 1965 539 2040 ipsa
562 1976 684 2042 cogente
714 1966 817 2023 ultima
844 1965 966 2037 audere,
998 1956 1089 2021 multo
1117 1972 1145 2021 et
1175 1971 1260 2021 astate

208 2074 230 2119 et
246 2065 351 2123 viribus
368 2067 504 2138 validior,
525 2070 652 2129 medinm
675 2071 776 2146 arripit
798 2070 932 2129 Servium
954 2070 1119 2142 elatumque
1141 2087 1157 2125 e
1179 2069 1260 2125 curia

207 2167 411 2228 iniuferiorem
439 2182 552 2247 partem
580 2194 634 2249 per
661 2176 770 2250 gradus
796 2175 906 2242 deiicit3
940 2174 1006 2231 inde
1035 2173 1073 2229 ad
1098 2172 1259 2247 cogendum

207 2285 322 2332 senatum
345 2277 509 2335 incuriam
536 2279 620 2337 redit.
677 2282 727 2338 Fit
752 2281 824 2357 fuga
844 2279 921 2355 regis
943 2277 1142 2354 apparitorum
1172 2284 1291 2352 atquel

207 2381 341 2451 comitum3
361 2382 428 2457 ipse
449 2402 542 2458 prope
562 2386 718 2460 exsanguis
740 2387 779 2443 ab
802 2386 848 2455 iis,
871 2385 921 2459 qui
941 2383 1020 2441 missi
1047 2383 1084 2439 ab
1096 2380 1260 2456 Tarquinio

207 2482 349 2558 logiemem
381 2490 530 2545 consecuti
556 2499 653 2560 erant,
694 2491 872 2547 interficitur.
925 2487 1074 2557 Creditur,
1106 2487 1175 2562 quia
1201 2494 1290 2546 non5

208 2589 329 2647 abhorret
366 2610 386 2647 a
423 2602 521 2651 cetero
560 2594 683 2664 scolere,
733 2595 883 2652 admonitu
922 2592 1026 2650 Tulliae
1065 2594 1096 2650 id
1138 2592 1257 2649 factum.

208 2689 339 2768 (lupento
361 2708 457 2767 corte,
484 2698 514 2754 id
540 2700 621 2773 quod
641 2699 712 2755 satis
738 2708 867 2769 constat,
896 2699 927 2754 in
947 2696 1042 2756 forum
1065 2698 1180 2754 invecta
1206 2714 1260 2753 nec

208 2800 318 2857 roverito
344 2810 461 2859 coetum
493 2803 623 2860 virorum
653 2804 789 2861 evocavit
817 2804 913 2861 virum
937 2822 954 2859 e
976 2802 1071 2872 enda,
1103 2818 1261 2877 regemque

208 2902 289 2974 prima
315 2906 486 2983 appellavit.
534 2909 568 2965 A·
593 2927 652 2983 quo
678 2908 824 2967 facessere
848 2909 929 2965 iussa
959 2926 995 2964 ex
1023 2914 1106 2962 tanto
1128 2904 1293 2973 tumultu,6

209 3025 285 3079 quum
311 3011 395 3087 regio
425 3011 566 3069 comitatu
593 3030 632 3068 se
651 3014 770 3071 domum
796 3011 938 3087 reciperet
966 3010 1201 3085 pervenissetque
1223 3008 1261 3065 ad

209 3128 335 3173 summum
357 3115 501 3193 Cyprium
528 3117 641 3188 vicum,
673 3118 723 3175 ubi
747 3117 887 3175 Dianium
913 3132 1006 3189 nuper
1034 3112 1103 3180 fnit,
1136 3112 1261 3169 flectenti

209 3231 360 3294 carpentum
383 3223 491 3279 dextra
510 3223 542 3279 in
563 3223 688 3281 Urbium
704 3222 820 3290 olivum,
842 3220 924 3277 utin
946 3216 1048 3275 collem
1063 3217 1261 3291 Esquiliarum

209 3324 370 3397 eveheretur,
392 3328 498 3383 restitit
516 3328 641 3402 pavidus
655 3335 744 3400 atque
757 3322 882 3383 inhibuit
893 3322 992 3379 honos
1013 3321 1047 3390 is,
1070 3321 1119 3395 qui
1134 3322 1263 3377 iumenta

210 3429 314 3502 agebat,
349 3434 554 3505 iacentemque
592 3430 718 3488 dominae
751 3430 885 3489 Servium
918 3426 1092 3483 trucidatum
1126 3424 1260 3485 ostendit.

210 3530 324 3593 Foedum
344 3536 597 3609 inhumanumque
623 3534 690 3591 inde
718 3534 845 3590 traditur
876 3530 984 3596 scelus,
1017 3536 1289 3614 monumentoque?

209 3634 277 3696 locus
301 3652 358 3699 est:
396 3640 581 3700 Sceleratum
609 3639 708 3695 vicum
739 3646 862 3707 vocant,
899 3653 957 3709 quo
997 3652 1112 3705 amens,
1149 3634 1262 3708 agitan-

211 3742 274 3801 tibus
292 3745 374 3803 furiis
396 3745 509 3803 sororis
531 3761 566 3800 se
589 3739 653 3813 viri,
676 3742 776 3799 Tullio
798 3759 852 3816 per
865 3740 957 3814 patria
973 3756 1077 3815 corpus
1092 3746 1263 3812 carpentum

212 3845 291 3921 adase
313 3833 421 3919 fertur,
452 3856 626 3923 partemque
652 3846 803 3921 sanguinis
829 3863 866 3901 ac
887 3844 972 3901 caedis
992 3855 1122 3919 paternae
1144 3852 1262 3899 cruento

213 3952 337 4025 vehiculo,
358 3954 561 4012 contaminata
580 3953 647 4026 ipso
667 3966 869 4026 respersaque,
891 3949 989 4006 tulisse
1005 3949 1043 4005 ad
1058 3957 1179 4025 penates
1195 3966 1263 4005 suos

214 4054 309 4131 virique
328 4060 388 4130 sui,
421 4056 529 4133 quibus
550 4054 634 4114 iratis
655 4054 734 4110 malo
760 4054 843 4130 regni
869 4054 1010 4129 principio
1038 4053 1145 4111 similes
1173 4072 1266 4130 prope

214 4156 275 4218 diem
294 4164 388 4221 exitus
410 4170 614 4238 sequerentur.

236 4376 290 4416 livius
304 4392 328 4418 ex
341 4391 381 4418 rer.
397 4380 501 4427 tresigii.
