3392 5084
433 452 520 511 *280
705 448 784 499 Liber
796 448 832 499 V.
868 447 916 511 (L
935 462 964 503 u.
982 461 1005 497 ο.
1023 449 1190 511 att-tte.)

416 634 514 695 uledee
540 638 684 707 aemule,
715 631 796 689 velut
825 650 864 689 ex
891 630 1042 706 imperato
1061 631 1236 693 immensum
1256 631 1402 707 gaudium
1421 631 1478 702 fuit

385 740 446 799 det
466 738 635 815 priusquam
656 743 775 795 eenutus
798 736 979 805 decerneret,
1009 735 1098 812 plene
1122 734 1222 795 omnie
1242 736 1357 812 templu
1376 737 1477 797 Romu·

417 862 520 905 nerum
547 850 672 905 metrum
701 848 800 914 gretes
823 839 879 897 diis
899 840 1047 915 agentium
1068 849 1160 899 eruut.
1207 840 1338 901 Senatus
1360 841 1392 899 in
1415 861 1477 917 qus·

327 1014 332 1021 .
416 948 552 1018 triduum,
574 953 645 1021 quot
665 946 776 1003 dierum
798 945 878 1003 nullo
900 954 968 1003 ente
990 944 1077 1025 bello,
1097 944 1329 1021 supplicationes
1351 947 1476 1007 doeernit.

385 1054 569 1119 4Adventus
591 1068 708 1127 quoque
729 1049 888 1121 dictatoris,
909 1049 1045 1110 omnibus
1065 1050 1217 1109 ordinibus
1240 1052 1364 1109 obviem
1381 1050 1478 1120 effusis,

416 1156 588 1219 celebratior
619 1173 708 1230 quem
742 1156 828 1213 ullius
866 1173 996 1230 unquam
1032 1164 1120 1214 eutee
1154 1155 1228 1225 tuit,
1262 1156 1478 1233 triumphusque

417 1280 532 1321 omnem
565 1270 734 1319 consuetum
768 1260 933 1321 honorandi
960 1261 1018 1319 diei
1046 1262 1124 1321 illius
1151 1262 1272 1323 modum
1304 1261 1477 1336 eliquentum

385 1370 403 1427 d
416 1366 549 1427 excessit.
594 1364 726 1425 Maxime
747 1375 919 1441 conspectus
940 1367 1004 1443 ipse
1025 1376 1078 1439 est,
1100 1386 1188 1425 eurru
1202 1367 1286 1442 equis
1302 1365 1478 1425 elbisiuuete

416 1475 517 1533 urbem
539 1472 687 1538 iuvemus,
710 1488 873 1545 perumque
894 1471 926 1529 id
946 1490 1005 1529 non
1025 1471 1111 1532 ciuile
1131 1472 1231 1543 modo,
1250 1472 1306 1529 sed
1327 1473 1478 1547 hnmenum

385 1579 505 1639 estium
533 1578 637 1637 visum.
680 1575 762 1633 Iovis
784 1575 921 1651 Solisque
949 1577 1032 1651 equis
1060 1578 1271 1653 aequiperatum
1303 1577 1478 1643 dictatorem,

414 1685 446 1743 in
465 1682 634 1757 religionem
665 1680 752 1739 etiem
782 1682 953 1754 trahebant,
981 1682 1202 1758 triumphusque
1229 1683 1269 1741 ob
1301 1700 1373 1739 eum
1401 1700 1478 1739 unum

385 1788 543 1855 'lmnxime
572 1807 633 1845 rem
664 1786 771 1845 elerior
793 1805 881 1862 quem
902 1785 1015 1861 gratior
1035 1784 1099 1845 fuit.
1143 1789 1221 1847 Tum
1247 1788 1362 1847 lunoni
1382 1789 1478 1862 regine

415 1892 554 1970 templum
584 1892 615 1952 iu
642 1892 789 1950 Aventino
820 1890 947 1962 locavit,
984 1890 1188 1967 dedicavitque
1214 1894 1342 1951 Matutae
1372 1893 1478 1960 matrim

415 2010 504 2075 etque
524 1999 570 2057 his
591 1996 696 2055 divinis
717 1996 910 2070 humanisque
929 1997 1018 2055 rebus
1045 1997 1150 2071 gestie,
1178 1998 1327 2057 dictatura
1349 2016 1386 2057 se
1405 1998 1479 2056 abdi·

385 2104 502 2163 8eavit.
551 2102 613 2178 Agi
639 2102 743 2159 deinde
764 2101 801 2159 de
821 2099 969 2175 Apollinis
990 2101 1068 2160 dono
1089 2110 1227 2177 emptum.
1276 2101 1334 2162 Cui
1357 2122 1393 2161 se
1412 2102 1478 2161 deri·

393 2224 494 2267 fimum
515 2208 633 2267 vovisse
653 2206 759 2284 predae
779 2217 895 2281 partem
917 2224 1007 2279 quum
1027 2206 1136 2266 diceret
1157 2206 1311 2279 Camillus,
1331 2209 1478 2285 pontifiee

384 2315 585 2375 llsolvendum
607 2312 748 2387 religione
770 2310 911 2387 populum
938 2320 1103 2382 censerent,
1131 2313 1212 2371 haud
1241 2312 1330 2371 iudle
1361 2314 1477 2371 inibetu
1518 2369 1520 2381 ι

414 2422 490 2479 retio
510 2418 629 2479 iubendi
649 2416 758 2475 referre
781 2415 911 2491 predam
931 2416 1091 2492 populum,
1118 2426 1150 2473 ut
1176 2436 1215 2475 ex
1234 2436 1274 2475 ee
1292 2438 1369 2494 pars
1390 2419 1476 2477 uesta
1518 2479 1520 2487 ,

366 2530 407 2585 10·
415 2527 445 2584 in
455 2544 571 2597 sucrum
582 2530 787 2581 secerneretur.
818 2520 954 2579 Tandem
968 2540 1014 2591 eo,
1036 2523 1114 2597 quod
1125 2522 1307 2581 lenissimum
1320 2524 1476 2590 videbun,

416 2631 568 2690 decureum
591 2636 643 2697 est,
665 2636 707 2695 ut,
728 2625 778 2701 qui
799 2643 830 2683 se
852 2624 1030 2701 domumque
1052 2627 1191 2702 religione
1212 2628 1372 2687 exsolvere
1392 2630 1476 2695 uellet,

416 2752 504 2809 quum
527 2732 725 2809 sibimetipse
745 2731 877 2808 predam
897 2731 1070 2794 aetimasset
1090 2751 1193 2803 suum,
1212 2733 1334 2791 decime
1360 2735 1474 2809 pretium

366 2839 506 2915 lrportis
530 2837 559 2898 in
581 2838 727 2913 publicum
752 2836 886 2907 deferret,
910 2846 943 2895 ut
963 2857 1001 2896 ex
1022 2858 1058 2897 eo
1079 2838 1188 2919 donum
1209 2857 1343 2910 eureum,
1367 2840 1474 2914 dignum

415 2942 603 3017 amplitudine
626 2942 726 3018 templi
746 2959 782 2999 ae
802 2942 921 3001 numine
941 2943 997 3015 dei,
1019 2962 1057 3001 ex
1078 2942 1219 3018 dignitate
1238 2944 1343 3019 populi
1357 2942 1474 3003 Reum

414 3048 506 3109 fleret„
550 3048 597 3107 Ee
619 3063 735 3122 quoque
757 3045 875 3103 collatio
896 3047 990 3123 plebis
1011 3049 1124 3106 animos
1146 3067 1165 3105 e
1186 3046 1313 3106 Camillo
1334 3049 1472 3109 alienavit

364 3155 495 3217 lPInter
526 3155 588 3213 luee
619 3151 802 3227 pacificatum
831 3151 922 3227 legati
948 3172 968 3211 u
994 3153 1112 3211 Volseie
1138 3162 1168 3211 et
1192 3153 1305 3227 AEquis
1333 3163 1475 3220 venemur,

413 3260 627 3333 impetrataque
648 3276 718 3332 pax,
740 3257 833 3331 magis
855 3268 888 3314 ut
908 3256 988 3315 fessa
1008 3266 1070 3315 tem
1090 3257 1202 3315 diutino
1225 3256 1303 3315 bello
1315 3256 1472 3333 aequiesee

413 3364 592 3433 nesciemus,
614 3378 701 3435 quem
724 3359 802 3433 quod
825 3360 906 3435 digni
927 3370 1068 3436 peterent.

317 3470 363 3539 24
497 3469 579 3527 Veiis
602 3465 710 3541 ceptis,
732 3482 784 3523 sex
806 3465 938 3523 tribunos
960 3466 1084 3525 militum
1104 3466 1249 3524 consulari
1271 3471 1419 3543 potestate
1436 3466 1472 3521 in·

237 3557 400 3678 stig}
413 3590 537 3647 sequeus
557 3589 651 3631 eunus
672 3570 783 3643 habuit,
803 3570 877 3629 duos
888 3572 924 3629 P.
937 3569 1098 3641 Cornelios,
1123 3570 1250 3629 Cossum
1263 3571 1473 3647 etScipionem,

264 3661 271 3679 ’
393 3664 454 3737 ’Μ.
467 3676 617 3733 Velerium
639 3676 802 3733 Maximum
823 3676 937 3744 iterum,
959 3677 999 3735 K.
1012 3676 1137 3733 Fabium
1152 3676 1334 3735 Ambustum
1355 3676 1472 3740 tertium,

381 3780 448 3840 21„
469 3780 588 3839 Furium
611 3779 800 3840 Medullinum
824 3780 972 3854 quintum,
994 3780 1032 3853 Q.
1055 3780 1210 3841 Servilium
1233 3781 1359 3839 tertium.
1408 3778 1471 3837 Cor·

411 3884 493 3943 neliis
522 3884 671 3943 Faliscum
703 3884 828 3957 bellum,
861 3886 982 3944 Valerio
1014 3904 1050 3943 ee
1081 3884 1206 3945 Servilio
1232 3884 1370 3961 Capenas
1400 3891 1471 3941 sorte

365 4010 378 4018 ·
411 3989 515 4049 evenit.
562 3992 611 4049 Ab
633 3990 668 4049 iis
690 4009 749 4050 non
768 3990 855 4049 urbes
877 3989 907 4047 vi
928 4000 980 4048 eut
1000 3990 1137 4065 operibus
1166 4000 1302 4062 tentatie,
1328 3991 1382 4049 sed
1408 4004 1471 4065 eger

411 4103 455 4153 est
476 4095 668 4171 depopulatus
691 4098 855 4172 praedaeque
875 4114 972 4153 rerum
1000 4096 1160 4171 agrestium
1184 4105 1274 4165 eetae3
1299 4096 1381 4155 nulle
1406 4092 1469 4153 felix

379 4196 510 4270 derbor,
531 4200 602 4259 nihil
622 4201 792 4279 frugiferum
813 4200 846 4259 in
865 4218 938 4276 egro
962 4201 1104 4262 relietum.
1150 4200 1202 4259 Ee·
1221 4200 1320 4263 eludes
1342 4198 1468 4295 copem
