3392 5084
482 545 560 597 Liber
577 546 624 596 VI.
663 545 933 611 (scucos-sss.)
1176 552 1194 607 5

211 730 279 796 tectis,
289 730 371 788 Veios
383 750 414 788 se
430 732 619 790 contulerant.
650 733 690 791 Et
703 732 797 807 primo
808 730 940 790 fremitus
950 731 1006 789 fuir
1016 731 1231 808 aspernantium

210 836 342 911 inperium3
370 838 430 895 dies
452 816 554 896 deinde
574 840 736 915 praestituta
756 839 947 915 capitalisque
968 857 1070 914 prena,
1103 838 1153 913 qui
1174 858 1233 895 uon

210 942 360 1017 remigrasset
381 945 516 1015 Romam,
538 965 575 1003 ex
595 945 740 1003 ferocibus
760 944 901 1003 universis
922 943 1059 1019 singulos,
1081 952 1159 1001 metu
1180 963 1234 1003 suo

211 1066 329 1123 quemque,
352 1050 517 1107 obedientes
539 1050 620 1121 fecit3
646 1053 779 1109 etRoma
801 1071 890 1128 quum
911 1050 1074 1125 frequentia
1095 1054 1267 1119 cresceret

209 1162 329 1211 mulcta
353 1156 440 1213 simul
466 1174 620 1233 exsurgere
648 1158 790 1228 aedificiis,
831 1166 860 1215 et
885 1176 917 1214 re
944 1158 1061 1233 publica
1086 1158 1233 1232 impensas

209 1259 332 1317 adurente
376 1271 405 1318 et
433 1263 562 1321 sedilibus
596 1264 675 1321 velut
707 1264 853 1339 publicum
881 1264 1067 1340 exigentibus,
1092 1280 1165 1338 opus
1206 1271 1235 1319 et

207 1364 255 1437 ipsis
272 1366 388 1439 privatis
410 1368 598 1439 (admouebat
626 1370 702 1427 enim
724 1370 897 1427 desiderium
923 1373 1005 1444 usus)
1031 1367 1233 1425 festinantibus
1279 1387 1283 1395 ·

208 1471 232 1525 sd
248 1469 369 1529 effectum
394 1475 505 1549 operis3
526 1475 659 1551 intraque
683 1495 789 1533 aunum
812 1495 891 1533 nova
914 1478 984 1533 urbs
1005 1475 1092 1533 stetit.

264 1578 347 1635 Exitu
369 1580 439 1637 anni
460 1581 576 1639 comitis
597 1582 776 1639 tribunorum
794 1582 915 1640 militum
930 1582 1075 1640 consulari
1088 1585 1263 1657 potestate?

205 1681 285 1743 habita.
325 1685 424 1743 Cresti
445 1688 482 1747 T.
501 1686 651 1760 Quinctius
673 1688 870 1760 Cincinnatus,
892 1688 929 1762 Q.
945 1687 1084 1748 Servilius
1105 1688 1232 1744 Fidenas
1244 1686 1415 1739 Aue-36⁶·

206 1790 319 1862 quintum,
348 1792 386 1849 L.
408 1792 500 1849 Iulius
521 1794 616 1865 Iulus,
646 1796 681 1853 L.
703 1796 840 1869 Aquilius
864 1792 992 1864 Corvus,
1022 1796 1057 1855 L.
1080 1794 1232 1853 Lucretius
1244 1754 1402 1807 A'cmffl'

204 1892 379 1973 Tricipitinus,
419 1898 481 1957 Ser.
504 1898 647 1975 Sulpicius
679 1900 781 1961 Rufus.
846 1901 1014 1959 Exercitum
1048 1901 1170 1958 alterum
1200 1902 1231 1958 in
1246 1899 1285 1956 8¹

203 2000 299 2074 AEquos,
319 2023 378 2061 non
401 2005 439 2061 ad
459 2005 566 2063 bellurn
588 2008 691 2081 (victos
712 2027 838 2083 namque
860 2027 891 2065 sc
912 2005 1101 2083 fatebantur),
1123 2008 1175 2065 sed
1193 2009 1231 2065 ab

202 2104 249 2161 odic
268 2109 301 2165 ad
322 2113 535 2185 pervastandos
557 2115 642 2184 fines,
674 2133 711 2171 ne
739 2114 807 2189 quid
836 2115 874 2171 ed
903 2131 981 2169 nova
1002 2112 1124 2169 consilia
1145 2112 1231 2170 relin-

202 2225 295 2282 querent
320 2217 440 2287 virium,
479 2218 603 2289 duxere,
636 2221 758 2277 alterum
786 2222 816 2277 in
849 2238 950 2295 agrum
978 2201 1229 2292 Tarquiniensem.

202 2316 232 2373 lbi
258 2322 360 2397 oppida
394 2322 582 2381 Etruscorum
615 2324 759 2383 Cortuosa
790 2338 818 2385 et
852 2323 1036 2382 Contenebra
1069 2323 1099 2380 vi
1134 2323 1261 2398 capta.9

203 2422 235 2477 Ad
252 2424 419 2485 Cortuosam
448 2428 519 2487 nihil
549 2432 711 2491 certaminis
732 2432 804 2491 fuit:
839 2432 998 2508 improviso
1023 2428 1117 2486 adorti
1136 2428 1230 2504 primo

202 2526 298 2589 clamore
319 2541 409 2608 atque
429 2536 537 2611 impetu
560 2556 676 2613 oepere3
698 2540 839 2615 direptum
863 2537 1001 2613 oppidum
1026 2543 1113 2610 atque
1133 2536 1230 2592 incen-

202 2648 243 2691 tum
267 2648 313 2696 est.
373 2638 558 2699 Contenebra
584 2662 694 2718 paucos
721 2644 781 2702 dies
811 2642 1055 2719 oppugnationem
1088 2640 1231 2712 sustinuit,
1246 2642 1284 2697 10

201 2736 311 2817 laborque
332 2746 495 2817 continuus,
525 2766 583 2805 nou
605 2750 660 2822 die,
681 2770 739 2809 non
760 2759 845 2808 nocte
866 2748 1011 2817 remissus,
1033 2748 1147 2823 subegit
1171 2766 1231 2804 eos.
1322 2806 1324 2809 ,

202 2842 270 2915 Quum
297 2852 326 2908 in
355 2870 408 2909 sex
434 2863 531 2929 partes
564 2856 672 2913 divisus
704 2858 845 2914 exercitus
877 2856 1027 2912 Romanus
1054 2854 1130 2911 senis
1151 2854 1231 2911 horis

200 2946 320 3015 inorbem
346 2962 513 3019 succederet
526 2962 638 3038 proelio,
660 2963 821 3038 oppidanos
845 2960 963 3017 eosdem
983 2960 1096 3035 integro
1117 2979 1232 3036 semper

201 3063 320 3121 certamini
339 3067 474 3140 paucitas
496 3066 589 3126 fessos
616 3068 768 3140 obiiceret,
800 3084 912 3125 cessere
933 3066 1064 3136 tandem,
1091 3066 1230 3141 locusque

199 3160 324 3227 invadendi
353 3172 455 3229 urbem
477 3174 617 3231 Romanis
648 3176 732 3231 datus
760 3181 811 3230 est.
860 3172 1008 3230 Publicari
1030 3172 1157 3247 praedam
1179 3172 1230 3229 tri-
1246 3170 1278 3225 11
1321 3171 1324 3180 '

199 3264 260 3327 bunis
279 3276 428 3351 placebat3
457 3278 508 3335 sed
535 3279 685 3354 imperium
716 3298 803 3354 quem
833 3277 982 3335 consilium
1013 3278 1128 3353 segnius
1159 3276 1230 3341 fuit:

200 3372 247 3433 dum
266 3391 441 3453 cunctantur,
463 3384 521 3441 iam
543 3384 664 3442 militum
681 3385 780 3460 praeda
797 3394 860 3441 erat
880 3402 934 3440 uec
949 3382 1003 3439 nisi
1024 3402 1077 3457 per
1090 3381 1228 3439 invidiam

199 3479 263 3539 alim
288 3497 412 3561 poterat.

258 3591 364 3649 Eodem
405 3612 498 3665 anno,
534 3614 571 3652 ne
607 3595 727 3671 privetis
768 3601 879 3651 tautum
916 3593 1052 3669 operibus
1090 3602 1231 3651 cresceret
1245 3587 1282 3643 ¹2

199 3692 260 3764 Urbs,
297 3697 470 3774 Capitolium
504 3720 619 3776 quoque
656 3718 729 3758 saxo
765 3700 909 3774 quadrato
940 3699 1133 3757 substructum
1178 3708 1230 3769 est,

200 3810 251 3867 ⁰pus
279 3804 325 3861 vel
364 3805 394 3863 in
427 3808 483 3864 hac
518 3806 730 3881 magnificentia
762 3806 840 3862 urbis
880 3806 1122 3881 conspiciendum.
1165 3806 1229 3863 Iam
1301 3794 1323 3863 5

200 3901 225 3971 eq
246 3907 343 3966 tribuni
382 3911 487 3986 plebis,
532 3912 647 3971 civitate
680 3880 847 3995 aedificando
882 3919 1040 3986 occupata,
1081 3912 1230 3969 contiones

199 4018 247 4063 suas
271 4010 453 4088 frequentare
478 4018 589 4093 legibus
624 4018 745 4093 agrariis
778 4018 966 4075 conabantur.
1019 4013 1259 4076 Ostentabatur2
1299 4058 1308 4065 ι

198 4104 303 4189 inspem
323 4120 496 4196 Pomptinus
520 4140 599 4197 ager,
623 4132 682 4179 tum
705 4122 828 4197 primum
851 4131 918 4197 post
939 4122 1049 4180 accisas
1069 4144 1088 4179 a
1104 4121 1227 4181 Camillo

198 4208 345 4281 Volscorum
373 4244 420 4283 res
447 4228 638 4301 possessionis
675 4228 753 4284 haud
782 4229 934 4304 ambiguae.
984 4224 1260 4298 Criminabantnnil

200 4322 268 4382 multo
288 4348 350 4387 eum
364 4330 540 4389 infestiorem
557 4352 657 4409 agrum
675 4335 712 4391 ab
725 4334 876 4392 nobilitate
890 4352 962 4403 esee,
980 4353 1068 4409 quam
1084 4333 1228 4392 aVolscis
