<?xml version="1.0" encoding="UTF-8"?>
<!DOCTYPE html PUBLIC "-//W3C//DTD XHTML 1.0 Transitional//EN"
    "http://www.w3.org/TR/xhtml1/DTD/xhtml1-transitional.dtd">
<html xmlns="http://www.w3.org/1999/xhtml" xml:lang="en" lang="en">
 <head>
  <title>
</title>
<meta http-equiv="Content-Type" content="text/html;charset=utf-8" />
  <meta name='ocr-system' content='tesseract 3.04.00' />
  <meta name='ocr-capabilities' content='ocr_page ocr_carea ocr_par ocr_line ocrx_word'/>
</head>
<body>
  <div class='ocr_page' id='page_1' title='image "./titiliviihistor03ussigoog_0361.png"; bbox 0 0 3392 5084; ppageno 0'>
   <div class='ocr_carea' id='block_1_1' title="bbox 201 703 1474 789">
    <p class='ocr_par' dir='ltr' id='par_1_1' title="bbox 201 703 1474 789">
     <span class='ocr_line' id='line_1_1' title="bbox 201 703 1474 789; baseline 0.009 -23"><span class='ocrx_word' id='word_1_1' title='bbox 201 729 315 780; x_wconf 84' lang='lat' dir='ltr'><strong>manos,</strong></span> <span class='ocrx_word' id='word_1_2' title='bbox 345 712 376 767; x_wconf 88' lang='lat' dir='ltr'><strong>in</strong></span> <span class='ocrx_word' id='word_1_3' title='bbox 405 711 525 769; x_wconf 75' lang='lat' dir='ltr'><strong>Etruria</strong></span> <span class='ocrx_word' id='word_1_4' title='bbox 554 732 607 769; x_wconf 91' lang='grc'><strong>333</strong></span> <span class='ocrx_word' id='word_1_5' title='bbox 633 717 721 786; x_wconf 76' lang='lat' dir='ltr'><strong>maqio</strong></span> <span class='ocrx_word' id='word_1_6' title='bbox 750 718 849 771; x_wconf 78' lang='grc'><em>3331313</em></span> <span class='ocrx_word' id='word_1_7' title='bbox 870 714 985 783; x_wconf 80' lang='lat' dir='ltr'><strong>dieitur,</strong></span> <span class='ocrx_word' id='word_1_8' title='bbox 1010 734 1095 789; x_wconf 80' lang='lat' dir='ltr'><strong>quum</strong></span> <span class='ocrx_word' id='word_1_9' title='bbox 1121 720 1147 773; x_wconf 77' lang='lat' dir='ltr'><strong>ei</strong></span> <span class='ocrx_word' id='word_1_10' title='bbox 1180 719 1266 787; x_wconf 81' lang='lat' dir='ltr'><strong>dicos,</strong></span> <span class='ocrx_word' id='word_1_11' title='bbox 1358 784 1362 788; x_wconf 46' lang='grc'><em>,</em></span> <span class='ocrx_word' id='word_1_12' title='bbox 1389 703 1391 710; x_wconf 41' lang='lat'><strong>¹</strong></span> <span class='ocrx_word' id='word_1_13' title='bbox 1471 781 1474 786; x_wconf 59' lang='grc'><strong>,</strong></span> 
     </span>
    </p>
   </div>
   <div class='ocr_carea' id='block_1_2' title="bbox 188 794 1314 1941">
    <p class='ocr_par' dir='ltr' id='par_1_2' title="bbox 188 794 1314 1941">
     <span class='ocr_line' id='line_1_2' title="bbox 200 794 1267 872; baseline 0.007 -23"><span class='ocrx_word' id='word_1_14' title='bbox 200 794 314 869; x_wconf 79' lang='lat' dir='ltr'><strong>Latium</strong></span> <span class='ocrx_word' id='word_1_15' title='bbox 338 812 406 849; x_wconf 88' lang='lat' dir='ltr'><strong>eum</strong></span> <span class='ocrx_word' id='word_1_16' title='bbox 428 802 534 851; x_wconf 89' lang='lat' dir='ltr'><strong>statum</strong></span> <span class='ocrx_word' id='word_1_17' title='bbox 557 814 652 851; x_wconf 87' lang='lat' dir='ltr'><strong>rerum</strong></span> <span class='ocrx_word' id='word_1_18' title='bbox 674 797 805 869; x_wconf 80' lang='lat' dir='ltr'><strong>habere.)</strong></span> <span class='ocrx_word' id='word_1_19' title='bbox 829 799 846 853; x_wconf 88' lang='grc'><strong>6</strong></span> <span class='ocrx_word' id='word_1_20' title='bbox 869 796 993 870; x_wconf 76' lang='lat' dir='ltr'><strong>(Reatina</strong></span> <span class='ocrx_word' id='word_1_21' title='bbox 1014 806 1040 853; x_wconf 85' lang='lat' dir='ltr'><strong>et</strong></span> <span class='ocrx_word' id='word_1_22' title='bbox 1059 802 1148 872; x_wconf 62' lang='lat' dir='ltr'><strong>mania</strong></span> <span class='ocrx_word' id='word_1_23' title='bbox 1170 818 1203 855; x_wconf 87' lang='grc'><strong>33</strong></span> <span class='ocrx_word' id='word_1_24' title='bbox 1217 820 1267 857; x_wconf 84' lang='grc'><strong>333</strong></span> 
     </span>
     <span class='ocr_line' id='line_1_3' title="bbox 200 876 1267 956; baseline 0.009 -26"><span class='ocrx_word' id='word_1_25' title='bbox 200 893 269 931; x_wconf 85' lang='lat' dir='ltr'><strong>more</strong></span> <span class='ocrx_word' id='word_1_26' title='bbox 297 876 400 931; x_wconf 75' lang='lat' dir='ltr'><strong>Limus</strong></span> <span class='ocrx_word' id='word_1_27' title='bbox 429 879 598 951; x_wconf 69' lang='lat' dir='ltr'><strong>scripsisset.-</strong></span> <span class='ocrx_word' id='word_1_28' title='bbox 631 896 797 952; x_wconf 84' lang='lat' dir='ltr'><strong>quanquam</strong></span> <span class='ocrx_word' id='word_1_29' title='bbox 827 880 938 935; x_wconf 87' lang='lat' dir='ltr'><strong>maiore</strong></span> <span class='ocrx_word' id='word_1_30' title='bbox 967 880 1057 949; x_wconf 87' lang='lat' dir='ltr'><strong>mole,</strong></span> <span class='ocrx_word' id='word_1_31' title='bbox 1087 898 1169 955; x_wconf 75' lang='lat' dir='ltr'><strong>reque</strong></span> <span class='ocrx_word' id='word_1_32' title='bbox 1195 902 1267 956; x_wconf 84' lang='lat' dir='ltr'><strong>pro-</strong></span> 
     </span>
     <span class='ocr_line' id='line_1_4' title="bbox 197 964 1267 1038; baseline 0.007 -25"><span class='ocrx_word' id='word_1_33' title='bbox 197 976 285 1031; x_wconf 88' lang='lat' dir='ltr'><strong>spero</strong></span> <span class='ocrx_word' id='word_1_34' title='bbox 303 969 425 1027; x_wconf 88' lang='lat' dir='ltr'><strong>eventu,</strong></span> <span class='ocrx_word' id='word_1_35' title='bbox 458 968 489 1014; x_wconf 86' lang='lat' dir='ltr'><strong>ut</strong></span> <span class='ocrx_word' id='word_1_36' title='bbox 515 970 599 1035; x_wconf 82' lang='lat' dir='ltr'><strong>capnt</strong></span> <span class='ocrx_word' id='word_1_37' title='bbox 627 965 763 1017; x_wconf 76' lang='grc'><em>3331331133</em></span> <span class='ocrx_word' id='word_1_38' title='bbox 800 971 869 1018; x_wconf 83' lang='lat' dir='ltr'><strong>esset</strong></span> <span class='ocrx_word' id='word_1_39' title='bbox 907 964 935 1016; x_wconf 83' lang='lat' dir='ltr'><strong>in</strong></span> <span class='ocrx_word' id='word_1_40' title='bbox 964 971 1074 1031; x_wconf 82' lang='lat' dir='ltr'><strong>euentu,</strong></span> <span class='ocrx_word' id='word_1_41' title='bbox 1113 966 1267 1038; x_wconf 62' lang='lat' dir='ltr'><strong>donnicato</strong></span> 
     </span>
     <span class='ocr_line' id='line_1_5' title="bbox 197 1040 1266 1121; baseline 0.007 -26"><span class='ocrx_word' id='word_1_42' title='bbox 197 1040 277 1096; x_wconf 77' lang='grc'><em>33331</em></span> <span class='ocrx_word' id='word_1_43' title='bbox 290 1040 474 1113; x_wconf 70' lang='grc'><em>63])13313313.)</em></span> <span class='ocrx_word' id='word_1_44' title='bbox 501 1042 537 1097; x_wconf 84' lang='grc'><em>18</em></span> <span class='ocrx_word' id='word_1_45' title='bbox 560 1043 639 1115; x_wconf 89' lang='lat' dir='ltr'><strong>quod</strong></span> <span class='ocrx_word' id='word_1_46' title='bbox 661 1043 735 1114; x_wconf 83' lang='lat' dir='ltr'><strong>(edd.</strong></span> <span class='ocrx_word' id='word_1_47' title='bbox 758 1044 833 1115; x_wconf 82' lang='lat' dir='ltr'><strong>nott.)</strong></span> <span class='ocrx_word' id='word_1_48' title='bbox 856 1043 944 1113; x_wconf 87' lang='lat' dir='ltr'>XIV,</span> <span class='ocrx_word' id='word_1_49' title='bbox 968 1047 985 1101; x_wconf 88' lang='grc'><strong>6</strong></span> <span class='ocrx_word' id='word_1_50' title='bbox 1008 1044 1045 1100; x_wconf 87' lang='lat' dir='ltr'><strong>ed</strong></span> <span class='ocrx_word' id='word_1_51' title='bbox 1068 1046 1145 1102; x_wconf 85' lang='lat' dir='ltr'><strong>mille</strong></span> <span class='ocrx_word' id='word_1_52' title='bbox 1167 1048 1266 1121; x_wconf 87' lang='lat' dir='ltr'><strong>pondo</strong></span> 
     </span>
     <span class='ocr_line' id='line_1_6' title="bbox 196 1123 1266 1203; baseline 0.007 -26"><span class='ocrx_word' id='word_1_53' title='bbox 196 1123 261 1177; x_wconf 87' lang='lat' dir='ltr'><strong>clar.</strong></span> <span class='ocrx_word' id='word_1_54' title='bbox 284 1124 362 1195; x_wconf 66' lang='lat' dir='ltr'><em>(My.</em></span> <span class='ocrx_word' id='word_1_55' title='bbox 379 1126 533 1179; x_wconf 85' lang='lat' dir='ltr'><strong>coniectura</strong></span> <span class='ocrx_word' id='word_1_56' title='bbox 554 1124 656 1189; x_wconf 61' lang='lat' dir='ltr'><strong>dubim</strong></span> <span class='ocrx_word' id='word_1_57' title='bbox 677 1126 742 1181; x_wconf 75' lang='lat' dir='ltr'><strong>Fam</strong></span> <span class='ocrx_word' id='word_1_58' title='bbox 758 1128 818 1181; x_wconf 90' lang='grc'><em>166</em></span> <span class='ocrx_word' id='word_1_59' title='bbox 833 1146 861 1181; x_wconf 90' lang='grc'><strong>3.</strong></span> <span class='ocrx_word' id='word_1_60' title='bbox 885 1128 922 1189; x_wconf 87' lang='grc'><strong>1,·</strong></span> <span class='ocrx_word' id='word_1_61' title='bbox 944 1126 1023 1182; x_wconf 90' lang='lat' dir='ltr'><strong>codd.</strong></span> <span class='ocrx_word' id='word_1_62' title='bbox 1047 1128 1084 1183; x_wconf 81' lang='lat' dir='ltr'><strong>ed</strong></span> <span class='ocrx_word' id='word_1_63' title='bbox 1098 1128 1176 1183; x_wconf 91' lang='lat' dir='ltr'><strong>mille</strong></span> <span class='ocrx_word' id='word_1_64' title='bbox 1198 1148 1266 1203; x_wconf 87' lang='lat' dir='ltr'><strong>pas·</strong></span> 
     </span>
     <span class='ocr_line' id='line_1_7' title="bbox 195 1205 1264 1281; baseline 0.009 -22"><span class='ocrx_word' id='word_1_65' title='bbox 195 1206 267 1276; x_wconf 86' lang='lat' dir='ltr'><strong>sum)</strong></span> <span class='ocrx_word' id='word_1_66' title='bbox 292 1207 311 1262; x_wconf 90' lang='lat'>8</span> <span class='ocrx_word' id='word_1_67' title='bbox 335 1212 394 1273; x_wconf 86' lang='lat' dir='ltr'><strong>est;</strong></span> <span class='ocrx_word' id='word_1_68' title='bbox 417 1205 520 1262; x_wconf 83' lang='lat' dir='ltr'><strong>civitas</strong></span> <span class='ocrx_word' id='word_1_69' title='bbox 542 1206 591 1278; x_wconf 90' lang='lat' dir='ltr'><strong>(M</strong></span> <span class='ocrx_word' id='word_1_70' title='bbox 611 1209 745 1281; x_wconf 75' lang='lat' dir='ltr'><strong>ceterique</strong></span> <span class='ocrx_word' id='word_1_71' title='bbox 761 1218 867 1281; x_wconf 84' lang='lat' dir='ltr'><strong>praeter</strong></span> <span class='ocrx_word' id='word_1_72' title='bbox 883 1207 922 1279; x_wconf 94' lang='lat' dir='ltr'><strong>P)</strong></span> <span class='ocrx_word' id='word_1_73' title='bbox 944 1208 1015 1277; x_wconf 93' lang='lat' dir='ltr'><strong>XV,</strong></span> <span class='ocrx_word' id='word_1_74' title='bbox 1038 1211 1204 1267; x_wconf 78' lang='lat' dir='ltr'><strong>2Aurunci</strong></span> <span class='ocrx_word' id='word_1_75' title='bbox 1226 1213 1264 1269; x_wconf 86' lang='lat' dir='ltr'><strong>T.</strong></span> 
     </span>
     <span class='ocr_line' id='line_1_8' title="bbox 194 1288 1265 1364; baseline 0.006 -22"><span class='ocrx_word' id='word_1_76' title='bbox 194 1288 304 1343; x_wconf 81' lang='lat' dir='ltr'><strong>Manlio</strong></span> <span class='ocrx_word' id='word_1_77' title='bbox 331 1288 408 1360; x_wconf 85' lang='lat' dir='ltr'><strong>(edd.</strong></span> <span class='ocrx_word' id='word_1_78' title='bbox 439 1290 514 1361; x_wconf 84' lang='lat' dir='ltr'><strong>vett.)</strong></span> <span class='ocrx_word' id='word_1_79' title='bbox 544 1294 561 1345; x_wconf 99' lang='lat'>4</span> <span class='ocrx_word' id='word_1_80' title='bbox 585 1288 676 1361; x_wconf 80' lang='lat' dir='ltr'><strong>(Fort.</strong></span> <span class='ocrx_word' id='word_1_81' title='bbox 706 1290 883 1364; x_wconf 86' lang='lat' dir='ltr'><strong>appellatur,</strong></span> <span class='ocrx_word' id='word_1_82' title='bbox 909 1299 941 1345; x_wconf 84' lang='lat' dir='ltr'><strong>ut</strong></span> <span class='ocrx_word' id='word_1_83' title='bbox 971 1293 999 1346; x_wconf 84' lang='lat' dir='ltr'><strong>in</strong></span> <span class='ocrx_word' id='word_1_84' title='bbox 1029 1291 1100 1347; x_wconf 87' lang='lat' dir='ltr'><strong>Lov.</strong></span> <span class='ocrx_word' id='word_1_85' title='bbox 1129 1294 1148 1348; x_wconf 86' lang='lat'>4</span> <span class='ocrx_word' id='word_1_86' title='bbox 1155 1314 1166 1358; x_wconf 93' lang='lat'><strong>‚·</strong></span> <span class='ocrx_word' id='word_1_87' title='bbox 1201 1292 1265 1348; x_wconf 82' lang='lat' dir='ltr'><strong>Em.</strong></span> 
     </span>
     <span class='ocr_line' id='line_1_9' title="bbox 196 1370 1266 1445; baseline 0.006 -21"><span class='ocrx_word' id='word_1_88' title='bbox 196 1372 290 1427; x_wconf 89' lang='grc'><em>1663.</em></span> <span class='ocrx_word' id='word_1_89' title='bbox 318 1373 351 1442; x_wconf 97' lang='grc'><strong>2)</strong></span> <span class='ocrx_word' id='word_1_90' title='bbox 388 1372 405 1425; x_wconf 86' lang='lat'>8</span> <span class='ocrx_word' id='word_1_91' title='bbox 429 1372 533 1427; x_wconf 87' lang='lat' dir='ltr'><strong>dextra</strong></span> <span class='ocrx_word' id='word_1_92' title='bbox 561 1370 640 1427; x_wconf 89' lang='lat' dir='ltr'><strong>viam</strong></span> <span class='ocrx_word' id='word_1_93' title='bbox 669 1372 744 1445; x_wconf 70' lang='lat' dir='ltr'><em>(My.</em></span> <span class='ocrx_word' id='word_1_94' title='bbox 765 1373 830 1429; x_wconf 84' lang='lat' dir='ltr'><strong>Em.</strong></span> <span class='ocrx_word' id='word_1_95' title='bbox 855 1374 914 1428; x_wconf 84' lang='grc'><em>166</em></span> <span class='ocrx_word' id='word_1_96' title='bbox 922 1395 932 1437; x_wconf 83' lang='grc'><strong><em>;</em></strong></span> <span class='ocrx_word' id='word_1_97' title='bbox 955 1382 981 1429; x_wconf 86' lang='lat' dir='ltr'><strong>et</strong></span> <span class='ocrx_word' id='word_1_98' title='bbox 1003 1376 1042 1430; x_wconf 80' lang='lat' dir='ltr'><strong>rio</strong></span> <span class='ocrx_word' id='word_1_99' title='bbox 1064 1375 1124 1433; x_wconf 87' lang='lat' dir='ltr'><strong>cod.</strong></span> <span class='ocrx_word' id='word_1_100' title='bbox 1147 1374 1266 1431; x_wconf 84' lang='lat' dir='ltr'><strong>Helmst.</strong></span> 
     </span>
     <span class='ocr_line' id='line_1_10' title="bbox 193 1450 1314 1528; baseline 0.005 -21"><span class='ocrx_word' id='word_1_101' title='bbox 193 1454 268 1525; x_wconf 82' lang='lat' dir='ltr'><strong>apud</strong></span> <span class='ocrx_word' id='word_1_102' title='bbox 291 1450 398 1525; x_wconf 74' lang='lat' dir='ltr'><strong>Gron.)</strong></span> <span class='ocrx_word' id='word_1_103' title='bbox 427 1456 444 1509; x_wconf 84' lang='grc'>9</span> <span class='ocrx_word' id='word_1_104' title='bbox 475 1454 598 1528; x_wconf 90' lang='lat' dir='ltr'><strong>primum</strong></span> <span class='ocrx_word' id='word_1_105' title='bbox 622 1454 744 1527; x_wconf 74' lang='lat' dir='ltr'><strong>(Duker)</strong></span> <span class='ocrx_word' id='word_1_106' title='bbox 767 1456 860 1523; x_wconf 85' lang='lat' dir='ltr'>XVI,</span> <span class='ocrx_word' id='word_1_107' title='bbox 895 1457 930 1511; x_wconf 84' lang='grc'><em>12</em></span> <span class='ocrx_word' id='word_1_108' title='bbox 960 1456 1142 1513; x_wconf 87' lang='lat' dir='ltr'><strong>comitiorum</strong></span> <span class='ocrx_word' id='word_1_109' title='bbox 1166 1474 1265 1524; x_wconf 87' lang='lat' dir='ltr'><strong>causa,</strong></span> <span class='ocrx_word' id='word_1_110' title='bbox 1307 1479 1314 1483; x_wconf 90' lang='lat'>·</span> 
     </span>
     <span class='ocr_line' id='line_1_11' title="bbox 192 1536 1266 1613; baseline 0.003 -22"><span class='ocrx_word' id='word_1_111' title='bbox 192 1538 289 1591; x_wconf 76' lang='lat' dir='ltr'><strong>omisso</strong></span> <span class='ocrx_word' id='word_1_112' title='bbox 312 1536 517 1592; x_wconf 87' lang='lat' dir='ltr'><strong>habendorum</strong></span> <span class='ocrx_word' id='word_1_113' title='bbox 540 1554 632 1593; x_wconf 84' lang='lat' dir='ltr'><strong>erroro</strong></span> <span class='ocrx_word' id='word_1_114' title='bbox 661 1538 695 1593; x_wconf 86' lang='grc'><em>13</em></span> <span class='ocrx_word' id='word_1_115' title='bbox 712 1538 895 1609; x_wconf 80' lang='lat' dir='ltr'><strong>(scribendum</strong></span> <span class='ocrx_word' id='word_1_116' title='bbox 918 1546 991 1594; x_wconf 85' lang='lat' dir='ltr'><strong>erut:</strong></span> <span class='ocrx_word' id='word_1_117' title='bbox 1014 1538 1065 1613; x_wconf 85' lang='lat' dir='ltr'><strong>Sp.</strong></span> <span class='ocrx_word' id='word_1_118' title='bbox 1087 1540 1266 1595; x_wconf 86' lang='lat' dir='ltr'><strong>Postumius.</strong></span> 
     </span>
     <span class='ocr_line' id='line_1_12' title="bbox 191 1618 1265 1693; baseline 0.004 -20"><span class='ocrx_word' id='word_1_119' title='bbox 191 1618 238 1685; x_wconf 85' lang='lat' dir='ltr'><strong>Ei,</strong></span> <span class='ocrx_word' id='word_1_120' title='bbox 271 1619 329 1674; x_wconf 88' lang='lat' dir='ltr'><strong>etsi</strong></span> <span class='ocrx_word' id='word_1_121' title='bbox 360 1619 429 1675; x_wconf 88' lang='lat' dir='ltr'><strong>belli</strong></span> <span class='ocrx_word' id='word_1_122' title='bbox 457 1637 526 1693; x_wconf 87' lang='lat' dir='ltr'><strong>pars</strong></span> <span class='ocrx_word' id='word_1_123' title='bbox 553 1628 600 1674; x_wconf 82' lang='lat' dir='ltr'><strong>cet.</strong></span> <span class='ocrx_word' id='word_1_124' title='bbox 647 1620 763 1676; x_wconf 78' lang='lat' dir='ltr'><strong>Euoidit</strong></span> <span class='ocrx_word' id='word_1_125' title='bbox 789 1620 815 1676; x_wconf 92' lang='lat' dir='ltr'><strong>ei</strong></span> <span class='ocrx_word' id='word_1_126' title='bbox 843 1630 906 1675; x_wconf 84' lang='lat' dir='ltr'><strong>ante</strong></span> <span class='ocrx_word' id='word_1_127' title='bbox 933 1621 982 1692; x_wconf 87' lang='lat' dir='ltr'><strong>et)</strong></span> <span class='ocrx_word' id='word_1_128' title='bbox 1004 1621 1114 1688; x_wconf 92' lang='lat' dir='ltr'>XVII,</span> <span class='ocrx_word' id='word_1_129' title='bbox 1143 1625 1161 1677; x_wconf 89' lang='lat'><strong>6</strong></span> <span class='ocrx_word' id='word_1_130' title='bbox 1184 1630 1216 1677; x_wconf 88' lang='lat' dir='ltr'><strong>ut</strong></span> <span class='ocrx_word' id='word_1_131' title='bbox 1234 1630 1265 1676; x_wconf 69' lang='lat' dir='ltr'><strong>⁴et</strong></span> 
     </span>
     <span class='ocr_line' id='line_1_13' title="bbox 190 1701 1265 1775; baseline 0.002 -19"><span class='ocrx_word' id='word_1_132' title='bbox 190 1701 365 1757; x_wconf 85' lang='lat' dir='ltr'><strong>dictatorem</strong></span> <span class='ocrx_word' id='word_1_133' title='bbox 397 1702 438 1774; x_wconf 93' lang='lat' dir='ltr'><strong>(P</strong></span> <span class='ocrx_word' id='word_1_134' title='bbox 456 1719 598 1775; x_wconf 82' lang='lat' dir='ltr'><strong>omnesque</strong></span> <span class='ocrx_word' id='word_1_135' title='bbox 624 1711 730 1775; x_wconf 65' lang='lat' dir='ltr'><strong>praeter</strong></span> <span class='ocrx_word' id='word_1_136' title='bbox 751 1702 790 1758; x_wconf 93' lang='lat' dir='ltr'><em>M</em></span> <span class='ocrx_word' id='word_1_137' title='bbox 816 1712 842 1759; x_wconf 84' lang='lat' dir='ltr'><strong>et</strong></span> <span class='ocrx_word' id='word_1_138' title='bbox 863 1703 933 1760; x_wconf 84' lang='lat' dir='ltr'><strong>Lon.</strong></span> <span class='ocrx_word' id='word_1_139' title='bbox 957 1705 988 1774; x_wconf 84' lang='grc'><strong>4)</strong></span> <span class='ocrx_word' id='word_1_140' title='bbox 1013 1703 1143 1773; x_wconf 80' lang='lat' dir='ltr'>XVIII,</span> <span class='ocrx_word' id='word_1_141' title='bbox 1181 1710 1190 1760; x_wconf 97' lang='grc'><em>1</em></span> <span class='ocrx_word' id='word_1_142' title='bbox 1229 1705 1265 1759; x_wconf 90' lang='grc' dir='ltr'><strong>Τ.</strong></span> 
     </span>
     <span class='ocr_line' id='line_1_14' title="bbox 191 1782 1265 1859; baseline 0.005 -22"><span class='ocrx_word' id='word_1_143' title='bbox 191 1783 311 1839; x_wconf 83' lang='lat' dir='ltr'><strong>Valerio</strong></span> <span class='ocrx_word' id='word_1_144' title='bbox 336 1782 422 1857; x_wconf 64' lang='lat' dir='ltr'><strong>(Sty.)</strong></span> <span class='ocrx_word' id='word_1_145' title='bbox 446 1789 463 1840; x_wconf 86' lang='lat'>4</span> <span class='ocrx_word' id='word_1_146' title='bbox 486 1783 582 1841; x_wconf 82' lang='lat' dir='ltr'><strong>noxiae</strong></span> <span class='ocrx_word' id='word_1_147' title='bbox 607 1783 648 1855; x_wconf 95' lang='lat' dir='ltr'><strong>(P</strong></span> <span class='ocrx_word' id='word_1_148' title='bbox 665 1787 798 1859; x_wconf 81' lang='lat' dir='ltr'><strong>ceterique</strong></span> <span class='ocrx_word' id='word_1_149' title='bbox 820 1795 926 1859; x_wconf 82' lang='lat' dir='ltr'><strong>proeter</strong></span> <span class='ocrx_word' id='word_1_150' title='bbox 948 1785 996 1856; x_wconf 90' lang='lat' dir='ltr'><em>M)</em></span> <span class='ocrx_word' id='word_1_151' title='bbox 1020 1786 1202 1842; x_wconf 80' lang='lat' dir='ltr'><strong>Irecondita</strong></span> <span class='ocrx_word' id='word_1_152' title='bbox 1223 1786 1265 1842; x_wconf 89' lang='lat' dir='ltr'><strong>le·</strong></span> 
     </span>
     <span class='ocr_line' id='line_1_15' title="bbox 188 1866 1265 1941; baseline 0.004 -22"><span class='ocrx_word' id='word_1_153' title='bbox 188 1866 255 1921; x_wconf 84' lang='lat' dir='ltr'><strong>talia</strong></span> <span class='ocrx_word' id='word_1_154' title='bbox 277 1866 459 1923; x_wconf 87' lang='lat' dir='ltr'><strong>invenerunt</strong></span> <span class='ocrx_word' id='word_1_155' title='bbox 480 1866 521 1938; x_wconf 89' lang='lat' dir='ltr'><strong>(P</strong></span> <span class='ocrx_word' id='word_1_156' title='bbox 538 1884 681 1939; x_wconf 79' lang='lat' dir='ltr'><strong>omnesque</strong></span> <span class='ocrx_word' id='word_1_157' title='bbox 696 1876 802 1941; x_wconf 74' lang='lat' dir='ltr'><strong>preter</strong></span> <span class='ocrx_word' id='word_1_158' title='bbox 831 1868 879 1936; x_wconf 92' lang='lat' dir='ltr'><strong>M,</strong></span> <span class='ocrx_word' id='word_1_159' title='bbox 902 1870 952 1941; x_wconf 85' lang='lat' dir='ltr'><strong>qui</strong></span> <span class='ocrx_word' id='word_1_160' title='bbox 979 1868 1129 1925; x_wconf 89' lang='lat' dir='ltr'><strong>recondita</strong></span> <span class='ocrx_word' id='word_1_161' title='bbox 1156 1869 1265 1925; x_wconf 85' lang='lat' dir='ltr'><strong>uitalia.</strong></span> 
     </span>
    </p>
   </div>
   <div class='ocr_carea' id='block_1_3' title="bbox 187 1948 1386 2025">
    <p class='ocr_par' dir='ltr' id='par_1_3' title="bbox 187 1948 1386 2025">
     <span class='ocr_line' id='line_1_16' title="bbox 187 1948 1386 2025; baseline 0.004 -23"><span class='ocrx_word' id='word_1_162' title='bbox 187 1948 248 2007; x_wconf 85' lang='lat' dir='ltr'><strong>Em.</strong></span> <span class='ocrx_word' id='word_1_163' title='bbox 273 1949 375 2021; x_wconf 89' lang='grc'><em>273.)</em></span> <span class='ocrx_word' id='word_1_164' title='bbox 403 1952 437 2005; x_wconf 85' lang='lat'><strong>12</strong></span> <span class='ocrx_word' id='word_1_165' title='bbox 464 1948 633 2020; x_wconf 79' lang='lat' dir='ltr'><strong>(Iniecisse</strong></span> <span class='ocrx_word' id='word_1_166' title='bbox 655 1948 780 2005; x_wconf 86' lang='lat' dir='ltr'><strong>mendum</strong></span> <span class='ocrx_word' id='word_1_167' title='bbox 804 1959 860 2014; x_wconf 81' lang='lat' dir='ltr'><strong>oat‚·</strong></span> <span class='ocrx_word' id='word_1_168' title='bbox 882 1950 948 2012; x_wconf 81' lang='lat' dir='ltr'><strong>Em.</strong></span> <span class='ocrx_word' id='word_1_169' title='bbox 971 1950 1166 2020; x_wconf 79' lang='grc'><em>167,·131333,</em></span> <span class='ocrx_word' id='word_1_170' title='bbox 1189 1952 1266 2025; x_wconf 82' lang='lat' dir='ltr'><strong>quod</strong></span> <span class='ocrx_word' id='word_1_171' title='bbox 1382 2016 1386 2021; x_wconf 43' lang='grc'><em>,</em></span> 
     </span>
    </p>
   </div>
   <div class='ocr_carea' id='block_1_4' title="bbox 188 2030 1264 2106">
    <p class='ocr_par' dir='ltr' id='par_1_4' title="bbox 188 2030 1264 2106">
     <span class='ocr_line' id='line_1_17' title="bbox 188 2030 1264 2106; baseline 0.004 -21"><span class='ocrx_word' id='word_1_172' title='bbox 188 2030 322 2105; x_wconf 63' lang='lat' dir='ltr'><strong>b&#39;euffcrto</strong></span> <span class='ocrx_word' id='word_1_173' title='bbox 352 2034 383 2087; x_wconf 86' lang='lat' dir='ltr'><strong>in</strong></span> <span class='ocrx_word' id='word_1_174' title='bbox 412 2041 522 2089; x_wconf 82' lang='lat' dir='ltr'><strong><em>mentem</em></strong></span> <span class='ocrx_word' id='word_1_175' title='bbox 544 2033 616 2088; x_wconf 85' lang='lat' dir='ltr'><strong>uenit</strong></span> <span class='ocrx_word' id='word_1_176' title='bbox 635 2032 754 2105; x_wconf 81' lang='lat' dir='ltr'><strong>mitique</strong></span> <span class='ocrx_word' id='word_1_177' title='bbox 774 2034 837 2088; x_wconf 86' lang='lat' dir='ltr'><strong>olim</strong></span> <span class='ocrx_word' id='word_1_178' title='bbox 858 2043 986 2100; x_wconf 81' lang='lat' dir='ltr'><strong>veneret,</strong></span> <span class='ocrx_word' id='word_1_179' title='bbox 1006 2052 1062 2106; x_wconf 84' lang='lat' dir='ltr'><strong>pro</strong></span> <span class='ocrx_word' id='word_1_180' title='bbox 1083 2033 1178 2091; x_wconf 85' lang='lat' dir='ltr'><strong>factas</strong></span> <span class='ocrx_word' id='word_1_181' title='bbox 1201 2052 1264 2089; x_wconf 89' lang='lat' dir='ltr'><strong>esse</strong></span> 
     </span>
    </p>
   </div>
   <div class='ocr_carea' id='block_1_5' title="bbox 185 2115 1267 2271">
    <p class='ocr_par' dir='ltr' id='par_1_5' title="bbox 185 2115 1267 2271">
     <span class='ocr_line' id='line_1_18' title="bbox 187 2115 1264 2189; baseline 0.004 -22"><span class='ocrx_word' id='word_1_182' title='bbox 187 2116 228 2167; x_wconf 77' lang='lat' dir='ltr'><strong>rin</strong></span> <span class='ocrx_word' id='word_1_183' title='bbox 242 2116 364 2181; x_wconf 85' lang='lat' dir='ltr'><strong>dicitnr,</strong></span> <span class='ocrx_word' id='word_1_184' title='bbox 379 2117 434 2170; x_wconf 83' lang='lat' dir='ltr'><strong>nisi</strong></span> <span class='ocrx_word' id='word_1_185' title='bbox 445 2116 494 2170; x_wconf 85' lang='lat' dir='ltr'><strong>nbi</strong></span> <span class='ocrx_word' id='word_1_186' title='bbox 506 2132 614 2169; x_wconf 80' lang='lat' dir='ltr'><strong>summa</strong></span> <span class='ocrx_word' id='word_1_187' title='bbox 626 2115 751 2171; x_wconf 79' lang='lat' dir='ltr'><strong>celeritas</strong></span> <span class='ocrx_word' id='word_1_188' title='bbox 765 2116 875 2189; x_wconf 75' lang='lat' dir='ltr'><strong>effedm</strong></span> <span class='ocrx_word' id='word_1_189' title='bbox 889 2117 1076 2187; x_wconf 62' lang='grc'><em>3936133333</em></span> <span class='ocrx_word' id='word_1_190' title='bbox 1097 2125 1126 2171; x_wconf 91' lang='lat' dir='ltr'><strong>et</strong></span> <span class='ocrx_word' id='word_1_191' title='bbox 1140 2117 1264 2187; x_wconf 85' lang='lat' dir='ltr'><strong>[statim]</strong></span> 
     </span>
     <span class='ocr_line' id='line_1_19' title="bbox 185 2194 1267 2271; baseline 0.001 -20"><span class='ocrx_word' id='word_1_192' title='bbox 185 2194 298 2269; x_wconf 87' lang='lat' dir='ltr'><strong>fuisse.)</strong></span> <span class='ocrx_word' id='word_1_193' title='bbox 323 2196 418 2266; x_wconf 86' lang='lat' dir='ltr'>XIX,</span> <span class='ocrx_word' id='word_1_194' title='bbox 443 2201 459 2253; x_wconf 89' lang='lat'>4</span> <span class='ocrx_word' id='word_1_195' title='bbox 483 2196 635 2253; x_wconf 92' lang='lat' dir='ltr'><strong>Vitrubius</strong></span> <span class='ocrx_word' id='word_1_196' title='bbox 658 2198 771 2253; x_wconf 85' lang='lat' dir='ltr'><strong>Baocus</strong></span> <span class='ocrx_word' id='word_1_197' title='bbox 794 2198 839 2271; x_wconf 86' lang='lat' dir='ltr'><strong>(In</strong></span> <span class='ocrx_word' id='word_1_198' title='bbox 862 2216 885 2253; x_wconf 91' lang='grc'><strong>3.</strong></span> <span class='ocrx_word' id='word_1_199' title='bbox 908 2199 948 2251; x_wconf 85' lang='grc'><strong>26</strong></span> <span class='ocrx_word' id='word_1_200' title='bbox 969 2200 1051 2253; x_wconf 83' lang='grc'><em>33331</em></span> <span class='ocrx_word' id='word_1_201' title='bbox 1075 2198 1162 2267; x_wconf 89' lang='lat' dir='ltr'><strong>MP,</strong></span> <span class='ocrx_word' id='word_1_202' title='bbox 1184 2200 1267 2254; x_wconf 79' lang='grc'><em>333331</em></span> 
     </span>
    </p>
   </div>
   <div class='ocr_carea' id='block_1_6' title="bbox 185 2278 1369 2354">
    <p class='ocr_par' dir='ltr' id='par_1_6' title="bbox 185 2278 1369 2354">
     <span class='ocr_line' id='line_1_20' title="bbox 185 2278 1369 2354; baseline 0 -19"><span class='ocrx_word' id='word_1_203' title='bbox 185 2278 408 2347; x_wconf 79' lang='lat' dir='ltr'><strong>PVitruvius3</strong></span> <span class='ocrx_word' id='word_1_204' title='bbox 441 2280 466 2335; x_wconf 84' lang='lat' dir='ltr'><strong>b.</strong></span> <span class='ocrx_word' id='word_1_205' title='bbox 484 2280 502 2337; x_wconf 87' lang='grc'><em>1.</em></span> <span class='ocrx_word' id='word_1_206' title='bbox 527 2278 600 2333; x_wconf 90' lang='lat' dir='ltr'><strong>MP</strong></span> <span class='ocrx_word' id='word_1_207' title='bbox 625 2278 713 2335; x_wconf 87' lang='lat' dir='ltr'><strong>Vacci</strong></span> <span class='ocrx_word' id='word_1_208' title='bbox 742 2280 838 2353; x_wconf 83' lang='lat' dir='ltr'><strong>prata)</strong></span> <span class='ocrx_word' id='word_1_209' title='bbox 871 2284 906 2336; x_wconf 80' lang='grc'><strong>11</strong></span> <span class='ocrx_word' id='word_1_210' title='bbox 930 2280 1070 2354; x_wconf 90' lang='lat' dir='ltr'><strong>populum</strong></span> <span class='ocrx_word' id='word_1_211' title='bbox 1093 2299 1144 2335; x_wconf 91' lang='lat' dir='ltr'><strong>om.</strong></span> <span class='ocrx_word' id='word_1_212' title='bbox 1167 2281 1259 2354; x_wconf 88' lang='lat' dir='ltr'><strong>(codd.</strong></span> <span class='ocrx_word' id='word_1_213' title='bbox 1363 2288 1369 2293; x_wconf 83' lang='lat'>&#39;</span> 
     </span>
    </p>
   </div>
   <div class='ocr_carea' id='block_1_7' title="bbox 183 2360 1262 2517">
    <p class='ocr_par' dir='ltr' id='par_1_7' title="bbox 183 2360 1262 2517">
     <span class='ocr_line' id='line_1_21' title="bbox 183 2360 1262 2440; baseline 0 -23"><span class='ocrx_word' id='word_1_214' title='bbox 183 2372 288 2435; x_wconf 79' lang='lat' dir='ltr'><strong>proeter</strong></span> <span class='ocrx_word' id='word_1_215' title='bbox 316 2362 395 2417; x_wconf 84' lang='lat' dir='ltr'><strong>Met</strong></span> <span class='ocrx_word' id='word_1_216' title='bbox 418 2360 489 2417; x_wconf 83' lang='lat' dir='ltr'><strong>Lon.</strong></span> <span class='ocrx_word' id='word_1_217' title='bbox 512 2361 542 2433; x_wconf 81' lang='lat'><strong>4)</strong></span> <span class='ocrx_word' id='word_1_218' title='bbox 565 2361 639 2429; x_wconf 89' lang='lat' dir='ltr'><strong>XX,</strong></span> <span class='ocrx_word' id='word_1_219' title='bbox 665 2361 784 2431; x_wconf 87' lang='lat' dir='ltr'><strong>3inssi,</strong></span> <span class='ocrx_word' id='word_1_220' title='bbox 807 2363 1004 2419; x_wconf 81' lang='lat' dir='ltr'><strong>Mamercinus</strong></span> <span class='ocrx_word' id='word_1_221' title='bbox 1025 2360 1101 2440; x_wconf 86' lang='lat' dir='ltr'><strong>(PH</strong></span> <span class='ocrx_word' id='word_1_222' title='bbox 1109 2361 1173 2437; x_wconf 80' lang='lat' dir='ltr'><strong>atti)</strong></span> <span class='ocrx_word' id='word_1_223' title='bbox 1200 2363 1262 2418; x_wconf 85' lang='lat' dir='ltr'><strong>7in</strong></span> 
     </span>
     <span class='ocr_line' id='line_1_22' title="bbox 184 2442 1262 2517; baseline 0.004 -18"><span class='ocrx_word' id='word_1_224' title='bbox 184 2464 337 2501; x_wconf 84' lang='lat' dir='ltr'>carcerem</span> <span class='ocrx_word' id='word_1_225' title='bbox 354 2443 444 2516; x_wconf 71' lang='lat' dir='ltr'><em>(My.)</em></span> <span class='ocrx_word' id='word_1_226' title='bbox 463 2446 480 2501; x_wconf 83' lang='lat'>8</span> <span class='ocrx_word' id='word_1_227' title='bbox 497 2442 638 2516; x_wconf 78' lang='lat' dir='ltr'><strong>Serge..</strong></span> <span class='ocrx_word' id='word_1_228' title='bbox 661 2442 776 2517; x_wconf 85' lang='lat' dir='ltr'><strong>Sangus</strong></span> <span class='ocrx_word' id='word_1_229' title='bbox 798 2445 888 2512; x_wconf 90' lang='lat' dir='ltr'>XXI,</span> <span class='ocrx_word' id='word_1_230' title='bbox 911 2448 928 2499; x_wconf 90' lang='lat'><strong>6</strong></span> <span class='ocrx_word' id='word_1_231' title='bbox 943 2462 1011 2517; x_wconf 84' lang='lat' dir='ltr'><strong>pars</strong></span> <span class='ocrx_word' id='word_1_232' title='bbox 1027 2444 1129 2500; x_wconf 88' lang='lat' dir='ltr'><strong>melior</strong></span> <span class='ocrx_word' id='word_1_233' title='bbox 1143 2444 1262 2517; x_wconf 77' lang='lat' dir='ltr'><strong>(Duker.</strong></span> 
     </span>
    </p>
   </div>
   <div class='ocr_carea' id='block_1_8' title="bbox 184 2524 1363 2600">
    <p class='ocr_par' dir='ltr' id='par_1_8' title="bbox 184 2524 1363 2600">
     <span class='ocr_line' id='line_1_23' title="bbox 184 2524 1363 2600; baseline -0.001 -18"><span class='ocrx_word' id='word_1_234' title='bbox 184 2560 219 2568; x_wconf 91' lang='lat'>-</span> <span class='ocrx_word' id='word_1_235' title='bbox 252 2528 400 2583; x_wconf 63' lang='lat' dir='ltr'><strong>Fortu-roe</strong></span> <span class='ocrx_word' id='word_1_236' title='bbox 428 2529 508 2581; x_wconf 75' lang='grc'><em>331333</em></span> <span class='ocrx_word' id='word_1_237' title='bbox 538 2544 551 2581; x_wconf 92' lang='grc'><strong>3</strong></span> <span class='ocrx_word' id='word_1_238' title='bbox 580 2524 680 2583; x_wconf 84' lang='grc' dir='ltr'><em>Κ13313.</em></span> <span class='ocrx_word' id='word_1_239' title='bbox 710 2526 880 2581; x_wconf 82' lang='lat' dir='ltr'><strong>scribendum</strong></span> <span class='ocrx_word' id='word_1_240' title='bbox 901 2527 1084 2600; x_wconf 88' lang='lat' dir='ltr'><strong>responsum)</strong></span> <span class='ocrx_word' id='word_1_241' title='bbox 1114 2527 1222 2595; x_wconf 92' lang='lat' dir='ltr'><strong>XXII,</strong></span> <span class='ocrx_word' id='word_1_242' title='bbox 1245 2529 1262 2581; x_wconf 84' lang='lat'><strong>2</strong></span> <span class='ocrx_word' id='word_1_243' title='bbox 1358 2542 1363 2549; x_wconf 87' lang='grc'><strong>’</strong></span> 
     </span>
    </p>
   </div>
   <div class='ocr_carea' id='block_1_9' title="bbox 182 2606 1336 3917">
    <p class='ocr_par' dir='ltr' id='par_1_9' title="bbox 182 2606 1336 3917">
     <span class='ocr_line' id='line_1_24' title="bbox 184 2606 1263 2681; baseline -0.004 -14"><span class='ocrx_word' id='word_1_244' title='bbox 184 2609 386 2667; x_wconf 84' lang='lat' dir='ltr'><strong>Sidicinorum</strong></span> <span class='ocrx_word' id='word_1_245' title='bbox 420 2607 631 2681; x_wconf 70' lang='lat' dir='ltr'><strong>(Alectcssbins.</strong></span> <span class='ocrx_word' id='word_1_246' title='bbox 657 2606 745 2667; x_wconf 84' lang='lat' dir='ltr'><strong>Codd.</strong></span> <span class='ocrx_word' id='word_1_247' title='bbox 769 2606 976 2681; x_wconf 82' lang='lat' dir='ltr'><strong>Segninorum,</strong></span> <span class='ocrx_word' id='word_1_248' title='bbox 1009 2609 1049 2663; x_wconf 90' lang='lat' dir='ltr'><em>M</em></span> <span class='ocrx_word' id='word_1_249' title='bbox 1065 2626 1079 2662; x_wconf 88' lang='lat' dir='ltr'><strong>s</strong></span> <span class='ocrx_word' id='word_1_250' title='bbox 1102 2607 1152 2667; x_wconf 87' lang='lat'><strong>††</strong></span> <span class='ocrx_word' id='word_1_251' title='bbox 1181 2628 1263 2664; x_wconf 88' lang='lat' dir='ltr'><strong>orum</strong></span> 
     </span>
     <span class='ocr_line' id='line_1_25' title="bbox 184 2689 1264 2762; baseline -0.003 -14"><span class='ocrx_word' id='word_1_252' title='bbox 184 2694 279 2748; x_wconf 72' lang='lat' dir='ltr'><strong>mediis</strong></span> <span class='ocrx_word' id='word_1_253' title='bbox 306 2694 408 2749; x_wconf 81' lang='lat' dir='ltr'><strong>erasis,</strong></span> <span class='ocrx_word' id='word_1_254' title='bbox 451 2689 587 2746; x_wconf 76' lang='lat' dir='ltr'><strong>Neutmm</strong></span> <span class='ocrx_word' id='word_1_255' title='bbox 609 2708 702 2744; x_wconf 84' lang='lat' dir='ltr'><strong>nomen</strong></span> <span class='ocrx_word' id='word_1_256' title='bbox 727 2698 828 2745; x_wconf 80' lang='lat' dir='ltr'><strong>certum</strong></span> <span class='ocrx_word' id='word_1_257' title='bbox 853 2700 912 2754; x_wconf 76' lang='grc'><em>331,·</em></span> <span class='ocrx_word' id='word_1_258' title='bbox 940 2690 991 2745; x_wconf 82' lang='lat' dir='ltr'><strong>aod</strong></span> <span class='ocrx_word' id='word_1_259' title='bbox 1012 2689 1131 2746; x_wconf 78' lang='lat' dir='ltr'><strong>Sidicini</strong></span> <span class='ocrx_word' id='word_1_260' title='bbox 1157 2692 1264 2762; x_wconf 78' lang='lat' dir='ltr'><strong>tonqiur</strong></span> 
     </span>
     <span class='ocr_line' id='line_1_26' title="bbox 184 2772 1264 2846; baseline -0.002 -17"><span class='ocrx_word' id='word_1_261' title='bbox 184 2778 299 2839; x_wconf 76' lang='lat' dir='ltr'><strong>renoti3</strong></span> <span class='ocrx_word' id='word_1_262' title='bbox 325 2773 445 2829; x_wconf 80' lang='lat' dir='ltr'><strong>Hernici</strong></span> <span class='ocrx_word' id='word_1_263' title='bbox 464 2774 503 2829; x_wconf 86' lang='lat' dir='ltr'><strong>od</strong></span> <span class='ocrx_word' id='word_1_264' title='bbox 522 2772 661 2827; x_wconf 82' lang='lat' dir='ltr'><strong>meridiem</strong></span> <span class='ocrx_word' id='word_1_265' title='bbox 682 2791 777 2828; x_wconf 80' lang='lat' dir='ltr'><strong>uersus</strong></span> <span class='ocrx_word' id='word_1_266' title='bbox 793 2774 932 2846; x_wconf 80' lang='lat' dir='ltr'><strong>bucusque</strong></span> <span class='ocrx_word' id='word_1_267' title='bbox 951 2775 1090 2846; x_wconf 82' lang='lat' dir='ltr'><strong>pertinere</strong></span> <span class='ocrx_word' id='word_1_268' title='bbox 1106 2781 1264 2846; x_wconf 75' lang='lat' dir='ltr'><strong>potuerint.</strong></span> 
     </span>
     <span class='ocr_line' id='line_1_27' title="bbox 187 2847 1265 2928; baseline -0.004 -15"><span class='ocrx_word' id='word_1_269' title='bbox 187 2858 275 2915; x_wconf 72' lang='lat' dir='ltr'><strong>binius</strong></span> <span class='ocrx_word' id='word_1_270' title='bbox 301 2857 385 2911; x_wconf 83' lang='lat' dir='ltr'><strong>urbis</strong></span> <span class='ocrx_word' id='word_1_271' title='bbox 408 2857 502 2911; x_wconf 83' lang='lat' dir='ltr'><strong>incotoe</strong></span> <span class='ocrx_word' id='word_1_272' title='bbox 522 2856 653 2911; x_wconf 86' lang='lat' dir='ltr'><strong>nominati</strong></span> <span class='ocrx_word' id='word_1_273' title='bbox 673 2872 730 2909; x_wconf 86' lang='grc'><em>3333</em></span> <span class='ocrx_word' id='word_1_274' title='bbox 754 2858 800 2910; x_wconf 84' lang='lat' dir='ltr'><strong>uir</strong></span> <span class='ocrx_word' id='word_1_275' title='bbox 818 2855 955 2928; x_wconf 80' lang='lat' dir='ltr'><strong>possunt.)</strong></span> <span class='ocrx_word' id='word_1_276' title='bbox 987 2858 1004 2911; x_wconf 88' lang='lat'>4</span> <span class='ocrx_word' id='word_1_277' title='bbox 1028 2847 1265 2927; x_wconf 86' lang='lat' dir='ltr'><strong>tribunatumque</strong></span> 
     </span>
     <span class='ocr_line' id='line_1_28' title="bbox 183 2936 1264 3009; baseline -0.004 -12"><span class='ocrx_word' id='word_1_278' title='bbox 183 2942 276 3006; x_wconf 87' lang='lat' dir='ltr'><strong>(codd.</strong></span> <span class='ocrx_word' id='word_1_279' title='bbox 306 2956 402 2995; x_wconf 77' lang='grc'><em>313333</em></span> <span class='ocrx_word' id='word_1_280' title='bbox 408 2960 418 3003; x_wconf 93' lang='grc'><strong>,·</strong></span> <span class='ocrx_word' id='word_1_281' title='bbox 441 2946 466 2993; x_wconf 87' lang='lat' dir='ltr'><strong>et</strong></span> <span class='ocrx_word' id='word_1_282' title='bbox 486 2946 557 2993; x_wconf 82' lang='lat' dir='ltr'><strong>recte</strong></span> <span class='ocrx_word' id='word_1_283' title='bbox 578 2938 680 3009; x_wconf 83' lang='lat' dir='ltr'><strong>aliquis</strong></span> <span class='ocrx_word' id='word_1_284' title='bbox 701 2936 848 2993; x_wconf 82' lang='lat' dir='ltr'><strong>tribunatu</strong></span> <span class='ocrx_word' id='word_1_285' title='bbox 865 2970 904 2978; x_wconf 93' lang='lat'>-</span> <span class='ocrx_word' id='word_1_286' title='bbox 921 2938 964 2993; x_wconf 82' lang='lat' dir='ltr'><strong>bei</strong></span> <span class='ocrx_word' id='word_1_287' title='bbox 976 2938 1037 2993; x_wconf 84' lang='lat' dir='ltr'><strong>dem</strong></span> <span class='ocrx_word' id='word_1_288' title='bbox 1056 2936 1203 2993; x_wconf 71' lang='lat' dir='ltr'><strong>Tribunatu</strong></span> <span class='ocrx_word' id='word_1_289' title='bbox 1225 2967 1264 2977; x_wconf 89' lang='lat'><em>—</em></span> 
     </span>
     <span class='ocr_line' id='line_1_29' title="bbox 182 3020 1265 3097; baseline -0.004 -20"><span class='ocrx_word' id='word_1_290' title='bbox 182 3026 244 3079; x_wconf 80' lang='lat' dir='ltr'><strong>otiis</strong></span> <span class='ocrx_word' id='word_1_291' title='bbox 262 3022 410 3097; x_wconf 75' lang='lat' dir='ltr'><strong>preferri</strong></span> <span class='ocrx_word' id='word_1_292' title='bbox 430 3020 547 3083; x_wconf 77' lang='lat' dir='ltr'><strong>diodor,-</strong></span> <span class='ocrx_word' id='word_1_293' title='bbox 575 3020 753 3075; x_wconf 88' lang='lat' dir='ltr'><strong>tribunatum</strong></span> <span class='ocrx_word' id='word_1_294' title='bbox 768 3021 844 3091; x_wconf 82' lang='lat' dir='ltr'><strong>ferri</strong></span> <span class='ocrx_word' id='word_1_295' title='bbox 864 3022 958 3093; x_wconf 83' lang='lat' dir='ltr'><strong>nequit</strong></span> <span class='ocrx_word' id='word_1_296' title='bbox 980 3020 1030 3075; x_wconf 82' lang='grc'><strong>133</strong></span> <span class='ocrx_word' id='word_1_297' title='bbox 1055 3020 1198 3074; x_wconf 82' lang='lat' dir='ltr'><strong>verborum</strong></span> <span class='ocrx_word' id='word_1_298' title='bbox 1218 3037 1265 3073; x_wconf 89' lang='lat' dir='ltr'><strong>or-</strong></span> 
     </span>
     <span class='ocr_line' id='line_1_30' title="bbox 183 3100 1268 3176; baseline -0.006 -15"><span class='ocrx_word' id='word_1_299' title='bbox 183 3106 264 3161; x_wconf 82' lang='lat' dir='ltr'><strong>dine.</strong></span> <span class='ocrx_word' id='word_1_300' title='bbox 280 3145 314 3161; x_wconf 91' lang='lat'><strong>..</strong></span> <span class='ocrx_word' id='word_1_301' title='bbox 338 3103 446 3159; x_wconf 81' lang='lat' dir='ltr'><strong>absens</strong></span> <span class='ocrx_word' id='word_1_302' title='bbox 473 3101 656 3176; x_wconf 88' lang='lat' dir='ltr'><strong>petentibus.)</strong></span> <span class='ocrx_word' id='word_1_303' title='bbox 685 3101 799 3158; x_wconf 87' lang='lat' dir='ltr'>XXIII</span> <span class='ocrx_word' id='word_1_304' title='bbox 808 3133 823 3170; x_wconf 88' lang='lat'><strong>,-</strong></span> <span class='ocrx_word' id='word_1_305' title='bbox 852 3105 861 3156; x_wconf 89' lang='grc'><em>1</em></span> <span class='ocrx_word' id='word_1_306' title='bbox 888 3111 914 3157; x_wconf 83' lang='lat' dir='ltr'><strong>et</strong></span> <span class='ocrx_word' id='word_1_307' title='bbox 942 3102 958 3157; x_wconf 81' lang='lat'><strong>2</strong></span> <span class='ocrx_word' id='word_1_308' title='bbox 981 3100 1123 3174; x_wconf 83' lang='lat' dir='ltr'><strong>Palaepoli</strong></span> <span class='ocrx_word' id='word_1_309' title='bbox 1146 3100 1268 3156; x_wconf 80' lang='lat' dir='ltr'><strong>miserat</strong></span> 
     </span>
     <span class='ocr_line' id='line_1_31' title="bbox 184 3182 1336 3262; baseline -0.007 -19"><span class='ocrx_word' id='word_1_310' title='bbox 184 3186 309 3262; x_wconf 83' lang='lat' dir='ltr'><strong>[Romae</strong></span> <span class='ocrx_word' id='word_1_311' title='bbox 326 3182 534 3259; x_wconf 89' lang='lat' dir='ltr'><strong>compertum],</strong></span> <span class='ocrx_word' id='word_1_312' title='bbox 556 3182 707 3239; x_wconf 85' lang='lat' dir='ltr'><strong>Cornelius</strong></span> <span class='ocrx_word' id='word_1_313' title='bbox 723 3182 857 3240; x_wconf 88' lang='lat' dir='ltr'><strong>dilectum</strong></span> <span class='ocrx_word' id='word_1_314' title='bbox 880 3183 983 3256; x_wconf 85' lang='lat' dir='ltr'><strong>(codd,</strong></span> <span class='ocrx_word' id='word_1_315' title='bbox 1004 3183 1069 3243; x_wconf 83' lang='lat' dir='ltr'><strong>Em.</strong></span> <span class='ocrx_word' id='word_1_316' title='bbox 1087 3183 1153 3252; x_wconf 82' lang='grc'><em>167,</em></span> <span class='ocrx_word' id='word_1_317' title='bbox 1175 3184 1223 3237; x_wconf 85' lang='lat' dir='ltr'><strong>ubi</strong></span> <span class='ocrx_word' id='word_1_318' title='bbox 1232 3201 1263 3254; x_wconf 88' lang='lat' dir='ltr'><strong>p.</strong></span> <span class='ocrx_word' id='word_1_319' title='bbox 1330 3228 1336 3235; x_wconf 86' lang='lat'>.</span> 
     </span>
     <span class='ocr_line' id='line_1_32' title="bbox 184 3261 1262 3341; baseline -0.005 -18"><span class='ocrx_word' id='word_1_320' title='bbox 184 3272 286 3327; x_wconf 85' lang='grc'><em>1683.</em></span> <span class='ocrx_word' id='word_1_321' title='bbox 307 3269 479 3341; x_wconf 82' lang='lat' dir='ltr'><strong>4som&#39;ptnm</strong></span> <span class='ocrx_word' id='word_1_322' title='bbox 501 3261 638 3339; x_wconf 66' lang='lat' dir='ltr'><strong>mortitii:</strong></span> <span class='ocrx_word' id='word_1_323' title='bbox 659 3266 688 3319; x_wconf 91' lang='lat' dir='ltr'><strong>in</strong></span> <span class='ocrx_word' id='word_1_324' title='bbox 711 3266 794 3322; x_wconf 90' lang='lat' dir='ltr'><strong>bouis</strong></span> <span class='ocrx_word' id='word_1_325' title='bbox 817 3266 910 3331; x_wconf 77' lang='lat' dir='ltr'><strong>codd,</strong></span> <span class='ocrx_word' id='word_1_326' title='bbox 932 3265 988 3321; x_wconf 86' lang='lat' dir='ltr'><strong>nisi</strong></span> <span class='ocrx_word' id='word_1_327' title='bbox 1009 3265 1085 3337; x_wconf 91' lang='lat' dir='ltr'><strong>quod</strong></span> <span class='ocrx_word' id='word_1_328' title='bbox 1101 3264 1130 3319; x_wconf 92' lang='lat' dir='ltr'><strong>in</strong></span> <span class='ocrx_word' id='word_1_329' title='bbox 1146 3264 1262 3319; x_wconf 84' lang='lat' dir='ltr'><strong>LDra·</strong></span> 
     </span>
     <span class='ocr_line' id='line_1_33' title="bbox 183 3346 1266 3420; baseline -0.008 -11"><span class='ocrx_word' id='word_1_330' title='bbox 183 3349 390 3409; x_wconf 83' lang='lat' dir='ltr'><strong>kenborchius</strong></span> <span class='ocrx_word' id='word_1_331' title='bbox 416 3348 556 3405; x_wconf 82' lang='lat' dir='ltr'><strong>Cornelius</strong></span> <span class='ocrx_word' id='word_1_332' title='bbox 578 3365 641 3404; x_wconf 89' lang='lat' dir='ltr'><strong>esse</strong></span> <span class='ocrx_word' id='word_1_333' title='bbox 664 3346 786 3418; x_wconf 75' lang='lat' dir='ltr'><strong>scribit.)</strong></span> <span class='ocrx_word' id='word_1_334' title='bbox 811 3353 825 3403; x_wconf 87' lang='lat'>7</span> <span class='ocrx_word' id='word_1_335' title='bbox 852 3348 889 3403; x_wconf 88' lang='lat' dir='ltr'><strong>ab</strong></span> <span class='ocrx_word' id='word_1_336' title='bbox 911 3348 956 3405; x_wconf 90' lang='lat' dir='ltr'><strong>his</strong></span> <span class='ocrx_word' id='word_1_337' title='bbox 980 3351 997 3402; x_wconf 84' lang='lat'>9</span> <span class='ocrx_word' id='word_1_338' title='bbox 1020 3356 1124 3420; x_wconf 85' lang='lat' dir='ltr'><strong>regant</strong></span> <span class='ocrx_word' id='word_1_339' title='bbox 1146 3346 1187 3418; x_wconf 93' lang='lat' dir='ltr'><strong>(P</strong></span> <span class='ocrx_word' id='word_1_340' title='bbox 1197 3355 1266 3401; x_wconf 84' lang='lat' dir='ltr'><strong>cete-</strong></span> 
     </span>
     <span class='ocr_line' id='line_1_34' title="bbox 183 3429 1267 3509; baseline -0.008 -17"><span class='ocrx_word' id='word_1_341' title='bbox 183 3439 261 3509; x_wconf 81' lang='lat' dir='ltr'><strong>m&#39;que</strong></span> <span class='ocrx_word' id='word_1_342' title='bbox 281 3440 398 3509; x_wconf 74' lang='lat' dir='ltr'><strong>proter</strong></span> <span class='ocrx_word' id='word_1_343' title='bbox 422 3430 468 3503; x_wconf 89' lang='lat' dir='ltr'><strong>M)</strong></span> <span class='ocrx_word' id='word_1_344' title='bbox 507 3434 539 3486; x_wconf 87' lang='grc'><strong>111</strong></span> <span class='ocrx_word' id='word_1_345' title='bbox 571 3430 662 3486; x_wconf 89' lang='lat' dir='ltr'><strong>ituros</strong></span> <span class='ocrx_word' id='word_1_346' title='bbox 691 3446 754 3485; x_wconf 86' lang='lat' dir='ltr'><strong>esse</strong></span> <span class='ocrx_word' id='word_1_347' title='bbox 774 3429 991 3505; x_wconf 82' lang='lat' dir='ltr'><strong>respondissent</strong></span> <span class='ocrx_word' id='word_1_348' title='bbox 1012 3432 1069 3485; x_wconf 84' lang='lat' dir='ltr'><strong>sine</strong></span> <span class='ocrx_word' id='word_1_349' title='bbox 1097 3431 1188 3494; x_wconf 69' lang='grc'><em>33313,</em></span> <span class='ocrx_word' id='word_1_350' title='bbox 1218 3446 1267 3483; x_wconf 86' lang='lat' dir='ltr'><strong>nec</strong></span> 
     </span>
     <span class='ocr_line' id='line_1_35' title="bbox 185 3511 1267 3585; baseline -0.009 -10"><span class='ocrx_word' id='word_1_351' title='bbox 185 3520 285 3574; x_wconf 83' lang='grc'><em>133333</em></span> <span class='ocrx_word' id='word_1_352' title='bbox 318 3522 435 3571; x_wconf 82' lang='lat' dir='ltr'><strong>notatur</strong></span> <span class='ocrx_word' id='word_1_353' title='bbox 464 3514 537 3585; x_wconf 66' lang='lat' dir='ltr'><em>(Mo.</em></span> <span class='ocrx_word' id='word_1_354' title='bbox 565 3512 630 3569; x_wconf 83' lang='lat' dir='ltr'><strong>Em.</strong></span> <span class='ocrx_word' id='word_1_355' title='bbox 660 3512 726 3567; x_wconf 81' lang='lat'><strong><em>168.</em></strong></span> <span class='ocrx_word' id='word_1_356' title='bbox 780 3514 871 3570; x_wconf 85' lang='lat' dir='ltr'><strong>Verba</strong></span> <span class='ocrx_word' id='word_1_357' title='bbox 897 3514 1002 3569; x_wconf 80' lang='grc'><em>1331333</em></span> <span class='ocrx_word' id='word_1_358' title='bbox 1035 3513 1073 3566; x_wconf 87' lang='lat' dir='ltr'><em>M</em></span> <span class='ocrx_word' id='word_1_359' title='bbox 1095 3531 1148 3566; x_wconf 93' lang='grc'><strong>333</strong></span> <span class='ocrx_word' id='word_1_360' title='bbox 1177 3511 1267 3578; x_wconf 82' lang='lat' dir='ltr'><strong>babet,</strong></span> 
     </span>
     <span class='ocr_line' id='line_1_36' title="bbox 184 3594 1264 3675; baseline -0.007 -20"><span class='ocrx_word' id='word_1_361' title='bbox 184 3604 234 3657; x_wconf 79' lang='lat' dir='ltr'><strong>nisi</strong></span> <span class='ocrx_word' id='word_1_362' title='bbox 256 3599 344 3675; x_wconf 81' lang='lat' dir='ltr'><strong>quod</strong></span> <span class='ocrx_word' id='word_1_363' title='bbox 373 3599 505 3652; x_wconf 82' lang='lat' dir='ltr'><strong>recentior</strong></span> <span class='ocrx_word' id='word_1_364' title='bbox 532 3612 629 3651; x_wconf 80' lang='lat' dir='ltr'><strong>manue</strong></span> <span class='ocrx_word' id='word_1_365' title='bbox 661 3612 694 3649; x_wconf 87' lang='grc'><strong>33</strong></span> <span class='ocrx_word' id='word_1_366' title='bbox 722 3597 749 3650; x_wconf 90' lang='lat' dir='ltr'><strong>in</strong></span> <span class='ocrx_word' id='word_1_367' title='bbox 777 3597 899 3666; x_wconf 73' lang='grc'><em>33339133</em></span> <span class='ocrx_word' id='word_1_368' title='bbox 935 3594 1105 3667; x_wconf 74' lang='lat' dir='ltr'><strong>adscripsit.)</strong></span> <span class='ocrx_word' id='word_1_369' title='bbox 1144 3595 1176 3649; x_wconf 86' lang='grc'><em>12</em></span> <span class='ocrx_word' id='word_1_370' title='bbox 1200 3611 1264 3649; x_wconf 87' lang='lat' dir='ltr'><strong>cum</strong></span> 
     </span>
     <span class='ocr_line' id='line_1_37' title="bbox 185 3673 1265 3755; baseline -0.009 -15"><span class='ocrx_word' id='word_1_371' title='bbox 185 3684 216 3755; x_wconf 83' lang='lat' dir='ltr'><strong>Q.</strong></span> <span class='ocrx_word' id='word_1_372' title='bbox 232 3680 390 3740; x_wconf 89' lang='lat' dir='ltr'><strong>Publilius</strong></span> <span class='ocrx_word' id='word_1_373' title='bbox 406 3679 504 3750; x_wconf 86' lang='lat' dir='ltr'><strong>(codd.</strong></span> <span class='ocrx_word' id='word_1_374' title='bbox 515 3685 621 3752; x_wconf 75' lang='lat' dir='ltr'><strong>proter</strong></span> <span class='ocrx_word' id='word_1_375' title='bbox 636 3673 675 3749; x_wconf 92' lang='grc' dir='ltr'><strong>Ρ)</strong></span> <span class='ocrx_word' id='word_1_376' title='bbox 703 3681 737 3733; x_wconf 85' lang='grc'><em>15</em></span> <span class='ocrx_word' id='word_1_377' title='bbox 760 3678 899 3752; x_wconf 88' lang='lat' dir='ltr'><strong>scriptum</strong></span> <span class='ocrx_word' id='word_1_378' title='bbox 921 3685 998 3732; x_wconf 89' lang='lat' dir='ltr'><strong>esset</strong></span> <span class='ocrx_word' id='word_1_379' title='bbox 1021 3676 1103 3748; x_wconf 90' lang='lat' dir='ltr'><strong>(PH</strong></span> <span class='ocrx_word' id='word_1_380' title='bbox 1117 3693 1185 3731; x_wconf 81' lang='grc'><em>3333.</em></span> <span class='ocrx_word' id='word_1_381' title='bbox 1203 3676 1265 3748; x_wconf 82' lang='lat' dir='ltr'><strong>ple-</strong></span> 
     </span>
     <span class='ocr_line' id='line_1_38' title="bbox 186 3757 1266 3839; baseline -0.006 -20"><span class='ocrx_word' id='word_1_382' title='bbox 186 3770 262 3839; x_wconf 76' lang='lat' dir='ltr'><strong>rique</strong></span> <span class='ocrx_word' id='word_1_383' title='bbox 274 3788 285 3831; x_wconf 86' lang='lat'><strong><em>;</em></strong></span> <span class='ocrx_word' id='word_1_384' title='bbox 313 3764 381 3821; x_wconf 85' lang='lat' dir='ltr'><strong>Em.</strong></span> <span class='ocrx_word' id='word_1_385' title='bbox 407 3761 513 3833; x_wconf 77' lang='grc'><em>1693.)</em></span> <span class='ocrx_word' id='word_1_386' title='bbox 540 3765 573 3816; x_wconf 86' lang='grc'><em>17</em></span> <span class='ocrx_word' id='word_1_387' title='bbox 596 3770 694 3823; x_wconf 86' lang='lat' dir='ltr'><strong>tamen</strong></span> <span class='ocrx_word' id='word_1_388' title='bbox 724 3760 816 3832; x_wconf 88' lang='lat' dir='ltr'><strong>(codd.</strong></span> <span class='ocrx_word' id='word_1_389' title='bbox 842 3760 918 3833; x_wconf 84' lang='lat' dir='ltr'><strong>quid.</strong></span> <span class='ocrx_word' id='word_1_390' title='bbox 941 3776 1010 3817; x_wconf 81' lang='lat' dir='ltr'><strong>racc.</strong></span> <span class='ocrx_word' id='word_1_391' title='bbox 1035 3757 1156 3813; x_wconf 79' lang='lat' dir='ltr'><strong>Crimina</strong></span> <span class='ocrx_word' id='word_1_392' title='bbox 1179 3757 1266 3813; x_wconf 78' lang='lat' dir='ltr'><strong>tribu-</strong></span> 
     </span>
     <span class='ocr_line' id='line_1_39' title="bbox 184 3840 1270 3917; baseline -0.006 -14"><span class='ocrx_word' id='word_1_393' title='bbox 184 3868 282 3903; x_wconf 85' lang='lat' dir='ltr'><strong>norum</strong></span> <span class='ocrx_word' id='word_1_394' title='bbox 314 3864 371 3902; x_wconf 90' lang='grc'><strong>333</strong></span> <span class='ocrx_word' id='word_1_395' title='bbox 393 3844 554 3917; x_wconf 78' lang='lat' dir='ltr'><strong>spectabunt</strong></span> <span class='ocrx_word' id='word_1_396' title='bbox 573 3842 614 3897; x_wconf 87' lang='lat' dir='ltr'><strong>ud</strong></span> <span class='ocrx_word' id='word_1_397' title='bbox 635 3843 801 3898; x_wconf 82' lang='lat' dir='ltr'><strong>Marcellum</strong></span> <span class='ocrx_word' id='word_1_398' title='bbox 819 3851 915 3899; x_wconf 85' lang='lat' dir='ltr'><strong>contro</strong></span> <span class='ocrx_word' id='word_1_399' title='bbox 929 3858 1065 3913; x_wconf 79' lang='lat' dir='ltr'><strong>auqumem</strong></span> <span class='ocrx_word' id='word_1_400' title='bbox 1080 3840 1216 3895; x_wconf 82' lang='lat' dir='ltr'><strong>decretum</strong></span> <span class='ocrx_word' id='word_1_401' title='bbox 1238 3842 1270 3896; x_wconf 82' lang='lat' dir='ltr'><strong>in</strong></span> 
     </span>
    </p>
   </div>
   <div class='ocr_carea' id='block_1_10' title="bbox 184 3914 1365 3997">
    <p class='ocr_par' dir='ltr' id='par_1_10' title="bbox 184 3914 1365 3997">
     <span class='ocr_line' id='line_1_40' title="bbox 184 3914 1365 3997; baseline -0.008 -12"><span class='ocrx_word' id='word_1_402' title='bbox 184 3932 333 3987; x_wconf 79' lang='lat' dir='ltr'><strong>dictatura</strong></span> <span class='ocrx_word' id='word_1_403' title='bbox 348 3926 540 3997; x_wconf 84' lang='lat' dir='ltr'><strong>retinendum.)</strong></span> <span class='ocrx_word' id='word_1_404' title='bbox 562 3924 683 3993; x_wconf 89' lang='lat' dir='ltr'>XXIV,</span> <span class='ocrx_word' id='word_1_405' title='bbox 708 3929 725 3980; x_wconf 87' lang='lat'>4</span> <span class='ocrx_word' id='word_1_406' title='bbox 749 3914 1264 3995; x_wconf 68' lang='grc' dir='ltr'><em>3133133333(113.12)Ρ313311313</em></span> <span class='ocrx_word' id='word_1_407' title='bbox 1363 3979 1365 3984; x_wconf 68' lang='grc'>,</span> 
     </span>
    </p>
   </div>
   <div class='ocr_carea' id='block_1_11' title="bbox 184 3994 1369 4412">
    <p class='ocr_par' dir='ltr' id='par_1_11' title="bbox 184 3994 1369 4412">
     <span class='ocr_line' id='line_1_41' title="bbox 185 3994 1265 4083; baseline -0.01 -14"><span class='ocrx_word' id='word_1_408' title='bbox 185 4032 220 4069; x_wconf 84' lang='lat' dir='ltr'><strong>ex</strong></span> <span class='ocrx_word' id='word_1_409' title='bbox 237 4010 387 4077; x_wconf 87' lang='lat' dir='ltr'><strong>Lucanis,</strong></span> <span class='ocrx_word' id='word_1_410' title='bbox 408 4008 619 4083; x_wconf 84' lang='lat' dir='ltr'><strong>Sipontumque</strong></span> <span class='ocrx_word' id='word_1_411' title='bbox 634 4006 791 4080; x_wconf 80' lang='lat' dir='ltr'><strong>Apulorum</strong></span> <span class='ocrx_word' id='word_1_412' title='bbox 806 4018 831 4065; x_wconf 84' lang='lat' dir='ltr'><strong>et</strong></span> <span class='ocrx_word' id='word_1_413' title='bbox 848 3994 1019 4063; x_wconf 74' lang='grc'><em>0333336333</em></span> <span class='ocrx_word' id='word_1_414' title='bbox 1034 4003 1213 4060; x_wconf 88' lang='lat' dir='ltr'><strong>Bruttiorum</strong></span> <span class='ocrx_word' id='word_1_415' title='bbox 1230 4022 1265 4059; x_wconf 92' lang='grc'><strong>33</strong></span> 
     </span>
     <span class='ocr_line' id='line_1_42' title="bbox 185 4088 1265 4163; baseline -0.011 -11"><span class='ocrx_word' id='word_1_416' title='bbox 185 4096 332 4152; x_wconf 85' lang='lat' dir='ltr'><strong>Terinam</strong></span> <span class='ocrx_word' id='word_1_417' title='bbox 357 4111 372 4147; x_wconf 87' lang='grc'><strong>3</strong></span> <span class='ocrx_word' id='word_1_418' title='bbox 393 4094 461 4149; x_wconf 84' lang='lat' dir='ltr'><strong>coni.</strong></span> <span class='ocrx_word' id='word_1_419' title='bbox 485 4091 576 4163; x_wconf 79' lang='lat' dir='ltr'><strong>(codd.</strong></span> <span class='ocrx_word' id='word_1_420' title='bbox 601 4108 699 4146; x_wconf 80' lang='lat' dir='ltr'><strong>omnes.</strong></span> <span class='ocrx_word' id='word_1_421' title='bbox 730 4090 902 4163; x_wconf 80' lang='lat' dir='ltr'><strong>Confusionis</strong></span> <span class='ocrx_word' id='word_1_422' title='bbox 923 4088 1032 4163; x_wconf 79' lang='lat' dir='ltr'><strong>aliquid</strong></span> <span class='ocrx_word' id='word_1_423' title='bbox 1054 4105 1110 4142; x_wconf 87' lang='grc'><em>3333</em></span> <span class='ocrx_word' id='word_1_424' title='bbox 1132 4089 1160 4142; x_wconf 86' lang='lat' dir='ltr'><strong>in</strong></span> <span class='ocrx_word' id='word_1_425' title='bbox 1181 4089 1265 4141; x_wconf 77' lang='lat' dir='ltr'><strong>rinmi-</strong></span> 
     </span>
     <span class='ocr_line' id='line_1_43' title="bbox 184 4168 1369 4251; baseline -0.008 -20"><span class='ocrx_word' id='word_1_426' title='bbox 184 4180 265 4233; x_wconf 79' lang='lat' dir='ltr'><strong>m&#39;bus</strong></span> <span class='ocrx_word' id='word_1_427' title='bbox 285 4182 430 4251; x_wconf 66' lang='grc' dir='ltr'><strong>3333331,Ι</strong></span> <span class='ocrx_word' id='word_1_428' title='bbox 452 4175 582 4229; x_wconf 75' lang='lat' dir='ltr'><strong>comendo</strong></span> <span class='ocrx_word' id='word_1_429' title='bbox 597 4175 700 4228; x_wconf 82' lang='lat' dir='ltr'><strong>incerta</strong></span> <span class='ocrx_word' id='word_1_430' title='bbox 714 4182 772 4237; x_wconf 77' lang='lat' dir='ltr'><strong>eat5</strong></span> <span class='ocrx_word' id='word_1_431' title='bbox 786 4176 857 4246; x_wconf 84' lang='lat' dir='ltr'><strong>fort.</strong></span> <span class='ocrx_word' id='word_1_432' title='bbox 872 4172 1059 4229; x_wconf 75' lang='lat' dir='ltr'><strong>scribendum:</strong></span> <span class='ocrx_word' id='word_1_433' title='bbox 1080 4168 1265 4234; x_wconf 84' lang='lat' dir='ltr'><strong>Heracleam,</strong></span> <span class='ocrx_word' id='word_1_434' title='bbox 1365 4230 1369 4237; x_wconf 28' lang='lat'><strong><em>¹</em></strong></span> 
     </span>
     <span class='ocr_line' id='line_1_44' title="bbox 186 4250 1265 4329; baseline -0.011 -12"><span class='ocrx_word' id='word_1_435' title='bbox 186 4262 258 4320; x_wconf 87' lang='lat' dir='ltr'><strong>Tar.</strong></span> <span class='ocrx_word' id='word_1_436' title='bbox 286 4259 357 4327; x_wconf 80' lang='grc'><em>331,</em></span> <span class='ocrx_word' id='word_1_437' title='bbox 380 4274 419 4313; x_wconf 84' lang='lat' dir='ltr'><strong>ex</strong></span> <span class='ocrx_word' id='word_1_438' title='bbox 442 4256 568 4311; x_wconf 84' lang='lat' dir='ltr'><strong>Lucanis</strong></span> <span class='ocrx_word' id='word_1_439' title='bbox 590 4254 858 4329; x_wconf 88' lang='lat' dir='ltr'><strong>Metapontumque,</strong></span> <span class='ocrx_word' id='word_1_440' title='bbox 883 4252 1069 4311; x_wconf 85' lang='lat' dir='ltr'><strong>Consentiam</strong></span> <span class='ocrx_word' id='word_1_441' title='bbox 1085 4250 1265 4308; x_wconf 89' lang='lat' dir='ltr'><strong>Bruttiorum</strong></span> 
     </span>
     <span class='ocr_line' id='line_1_45' title="bbox 185 4333 1270 4412; baseline -0.011 -13"><span class='ocrx_word' id='word_1_442' title='bbox 185 4362 218 4399; x_wconf 86' lang='lat' dir='ltr'><strong>ac</strong></span> <span class='ocrx_word' id='word_1_443' title='bbox 248 4340 341 4412; x_wconf 88' lang='lat' dir='ltr'><strong>Ter.)</strong></span> <span class='ocrx_word' id='word_1_444' title='bbox 381 4343 397 4395; x_wconf 88' lang='grc'><strong>7</strong></span> <span class='ocrx_word' id='word_1_445' title='bbox 431 4338 602 4395; x_wconf 86' lang='lat' dir='ltr'><strong>inundantes</strong></span> <span class='ocrx_word' id='word_1_446' title='bbox 626 4338 699 4410; x_wconf 71' lang='lat' dir='ltr'><em>(My.</em></span> <span class='ocrx_word' id='word_1_447' title='bbox 727 4337 790 4396; x_wconf 72' lang='grc'><em>113.</em></span> <span class='ocrx_word' id='word_1_448' title='bbox 823 4338 893 4409; x_wconf 87' lang='grc'><em>169)</em></span> <span class='ocrx_word' id='word_1_449' title='bbox 925 4338 1138 4409; x_wconf 70' lang='lat' dir='ltr'><strong>bsongressus</strong></span> <span class='ocrx_word' id='word_1_450' title='bbox 1170 4333 1221 4405; x_wconf 90' lang='lat' dir='ltr'><em>(M</em></span> <span class='ocrx_word' id='word_1_451' title='bbox 1242 4340 1270 4387; x_wconf 86' lang='lat' dir='ltr'><strong>et</strong></span> 
     </span>
    </p>
   </div>
   <div class='ocr_carea' id='block_1_12' title="bbox 0 0 1700 5084">
    <p class='ocr_par' dir='ltr' id='par_1_12' title="bbox 0 0 1700 5084">
     <span class='ocr_line' id='line_1_46' title="bbox 0 0 1700 5084; baseline 0 5"><span class='ocrx_word' id='word_1_452' title='bbox 0 0 1700 5084; x_wconf 95' lang='lat' dir='ltr'><strong> </strong></span> 
     </span>
    </p>
   </div>
  </div>
 </body>
</html>
