3392 5084
491 540 550 599 302
790 536 871 589 biber
887 528 922 585 V·
953 534 1042 600 (Μ.
1055 552 1078 587 r.
1091 534 1167 617 ⁸⁶⁴4)

447 728 525 781 matu
547 720 709 797 prohibitus
731 719 920 792 deseruisset,
938 719 969 778 in
990 718 1168 798 Capitolium
1186 722 1225 779 ad
1244 738 1316 779 suos
1335 720 1435 789 red‘u‘t,
1451 738 1490 777 seu

389 806 393 815 ⁴
448 828 578 887 attonitis
607 827 704 886 Gallis
726 826 870 884 miraeulo
898 826 1029 883 rodseirs
1056 844 1110 884 seu
1134 824 1275 903 religione
1301 826 1389 885 stiam
1414 827 1490 895 uatis,

447 934 527 994 euius
551 932 779 1008 haudquaquam
801 928 951 1007 negligens
972 948 1044 1008 gens
1066 941 1119 990 est

417 1046 435 1099 4
529 1040 613 1097 Veiis
635 1039 749 1098 iuterim
776 1054 835 1095 nou
858 1032 948 1095 animi
968 1046 1082 1095 tautum
1105 1037 1136 1093 in
1158 1036 1231 1108 dios,
1252 1037 1305 1094 ssd
1327 1036 1413 1093 etiam
1432 1037 1492 1094 viros

447 1146 624 1205 crescebant.
666 1144 731 1203 Nee
751 1137 893 1202 Romanis
915 1142 1010 1201 solum
1032 1162 1069 1201 eo
1089 1142 1330 1201 convenientibus
1360 1162 1396 1200 ex
1424 1143 1492 1218 agris,

448 1251 497 1327 qui
529 1261 579 1308 aut
608 1250 711 1325 proelio
734 1249 860 1307 advorso
881 1258 933 1306 aut
953 1248 1038 1307 elade
1058 1258 1151 1325 raptae
1172 1248 1253 1305 urbis
1273 1248 1369 1323 pnlnu'
1390 1247 1492 1308 inerant

447 1358 499 1415 sed
521 1357 607 1414 etiam
631 1374 668 1415 ex
690 1356 777 1413 Latio
798 1352 972 1413 voluntariis
986 1354 1206 1423 confluentibus,
1228 1354 1397 1429 stirpante
1410 1352 1493 1429 prede

417 1466 558 1533 bessent,
588 1470 732 1519 maturum
761 1461 820 1518 iam
849 1456 1019 1531 videbatur,
1051 1459 1145 1536 repeti
1173 1458 1302 1534 patriam
1326 1458 1451 1535 eripique
1467 1475 1493 1512 ex

345 1566 349 1571 ’
416 1568 573 1627 disortium
602 1566 750 1635 manibus;
784 1560 836 1623 sed
864 1565 981 1640 corpori
1011 1564 1111 1623 valido
1143 1573 1233 1641 eaput
1252 1564 1367 1622 deerat.
1418 1565 1493 1621 loeus

446 1674 509 1749 ipse
539 1673 715 1731 admonebat
745 1666 876 1742 Camilli,
907 1680 937 1727 et
965 1688 1074 1747 magna
1103 1689 1173 1748 pars
1202 1670 1327 1728 militum
1359 1680 1433 1741 erat,
1458 1668 1493 1742 qni

446 1778 533 1835 ductu
570 1778 758 1853 auspicioque
788 1776 849 1833 eius
880 1792 928 1834 res
957 1794 1098 1853 prospere
1125 1785 1290 1853 gesserant3
1324 1786 1357 1834 et
1377 1774 1494 1835 Caedicius

446 1900 569 1958 negare,
598 1902 629 1940 se
658 1882 898 1953 commissurum,
928 1900 980 1938 eur
1000 1882 1055 1938 sibi
1076 1892 1128 1940 aut
1149 1882 1270 1941 deorum
1294 1890 1350 1940 aut
1370 1882 1494 1940 hominnm

446 1989 601 2063 quisquam
616 1988 767 2065 imperium
786 1986 883 2045 finiret
897 1987 1003 2063 potius,
1027 2004 1116 2062 quum
1129 1988 1193 2064 ipse
1211 2006 1328 2046 memor
1350 1988 1451 2045 ordinis
1462 1985 1494 2043 sui

416 2100 579 2169 lposceret
602 2094 818 2169 imperatorem.
867 2091 1019 2151 Consensu
1049 2094 1178 2151 omnium
1201 2094 1325 2170 placuit,
1350 2096 1389 2151 ab
1415 2092 1495 2151 Ardet

445 2199 598 2258 Camillum
623 2199 718 2268 arciri,
740 2198 792 2255 sed
817 2206 904 2259 anm
924 2200 1057 2256 oousolto
1079 2208 1198 2267 senatu,
1229 2199 1281 2273 qui
1303 2198 1409 2257 Romae
1427 2208 1495 2262 esset

429 2306 519 2364 adeo
542 2305 665 2379 regebat
685 2304 784 2361 omnio
804 2304 903 2379 pudor
922 2304 1150 2380 discriminaque
1170 2322 1267 2362 rerum
1284 2324 1388 2380 ¹prope
1399 2300 1495 2388 perditis

414 2414 530 2473 Brebus
559 2410 725 2469 servabant.
774 2408 890 2485 Ingenti
919 2411 1048 2485 periculo
1072 2410 1281 2467 mmseuudum
1307 2428 1367 2485 per
1392 2409 1494 2466 bostiuu

443 2516 592 2575 custodias
614 2522 686 2587 erat.
733 2512 783 2573 Ad
805 2535 871 2573 eam
889 2533 951 2572 rem
973 2516 1097 2573 Pontius
1114 2513 1265 2572 Cominius
1286 2514 1416 2590 impiger
1432 2513 1493 2569 iuve-

443 2626 488 2682 uis
521 2640 640 2697 operam
673 2618 828 2697 pollicitus,
859 2620 1003 2679 incubans
1035 2621 1137 2678 eortiei
1170 2621 1300 2677 seeundo
1343 2620 1442 2678 Tiberi
1466 2616 1494 2673 ad

413 2731 545 2788 {turbem
575 2725 712 2787 defertur.
761 2724 848 2795 Inde,
881 2744 940 2801 qua
964 2727 1131 2803 proximum
1153 2724 1209 2782 init
1229 2744 1249 2783 a
1268 2726 1348 2801 ripa,
1371 2745 1423 2803 per
1438 2741 1494 2799 pra·

333 2893 338 2901 ,
442 2842 558 2911 ruptum
574 2850 668 2906 eoque
682 2828 843 2906 neglectum
859 2832 986 2889 hostium
1004 2832 1142 2891 custodire
1164 2850 1268 2889 saxum
1290 2832 1322 2889 in
1338 2831 1493 2909 Capitolinu

396 2945 431 2999 10
444 2939 552 3010 evadit,
575 2947 604 2995 et
625 2937 662 2994 ad
686 2936 875 3011 magistratus
889 2937 993 2995 duatus
1008 2938 1150 2995 mandata
1170 2938 1317 2996 exereitus
1341 2939 1412 3000 edit.
1449 2936 1494 2992 Ao·

444 3054 528 3121 capto
550 3042 617 3101 inde
639 3050 756 3099 senatus
778 3042 922 3112 consulto,
949 3041 992 3099 uti
1020 3043 1145 3101 comitiis
1167 3043 1286 3101 curiatis
1308 3038 1495 3103 revocatus&

444 3150 545 3209 exsilio
585 3150 681 3229 iussu
702 3147 803 3224 populi
836 3145 978 3205 Camillus
1017 3147 1144 3206 dictatur
1175 3150 1324 3225 extemplo
1365 3150 1494 3208 diaeremr.

443 3257 606 3330 militesque
626 3254 768 3311 baberent
785 3253 1001 3327 imperatorem,
1022 3269 1109 3326 quem
1130 3253 1247 3324 vellent,
1269 3258 1379 3315 eadam
1398 3256 1494 3329 degree
1515 3253 1517 3344 l

395 3358 427 3414 ll
444 3380 492 3420 sus
513 3360 631 3419 nuntius
654 3357 745 3415 Veios
768 3356 928 3428 coutendit3
955 3357 1094 3434 missique
1115 3360 1246 3418 Ardeam
1276 3362 1372 3438 legati
1399 3361 1435 3419 ad
1452 3358 1515 3418 Cn»

443 3440 553 3524 millum
576 3464 667 3521 Veios
689 3482 753 3521 eum
776 3463 954 3539 perduxere,
984 3483 1035 3522 seu
1063 3463 1156 3540 (quod
1177 3467 1283 3541 magis.
1296 3468 1417 3525 eredere
1434 3465 1494 3526 hbet

420 3550 501 3630 Snon
522 3572 603 3647 prius
624 3568 785 3646 profectum
808 3570 846 3626 ab
869 3569 980 3640 Ardea,
1002 3587 1094 3644 quam·
1106 3573 1280 3647 compererit
1298 3572 1395 3648 legem
1416 3571 1494 3633 lassu

444 3678 522 3753 quod
546 3694 599 3732 nee
628 3674 739 3732 iniussu
759 3674 862 3749 populi
889 3676 998 3732 mutari
1024 3676 1129 3733 finibus
1161 3687 1262 3753 posset
1290 3696 1349 3736 nee
1377 3677 1431 3734 nisi
1448 3672 1496 3729 ‘lit‘

442 3792 521 3841 tator
547 3781 640 3839 dietus
662 3779 793 3855 auspicia
816 3780 845 3836 in
871 3776 1000 3837 exercitu
1027 3782 1152 3851 babere)
1173 3782 1222 3840 lex
1249 3785 1367 3843 curiata
1389 3785 1445 3841 lsts
1462 3780 1496 3835 est

443 3876 627 3961 dietaterque
649 3887 755 3943 absens
776 3885 879 3942 dietus.

287 4024 290 4029 -
347 3991 391 4061 47
528 3991 607 4047 Dum
636 3992 699 4047 hmo
720 3990 802 4047 Veiis
828 3992 1007 4065 agebantur,
1033 3992 1149 4050 interim
1171 4012 1226 4051 arx
1245 3995 1351 4052 Romus
1373 3987 1495 4069 Capitoli*

302 4162 312 4173 ,
351 4144 354 4151 .
412 4078 549 4172 funique
569 4096 599 4153 in
620 4095 730 4171 ingenti
750 4094 881 4171 periculo
909 4095 973 4153 init.
1020 4096 1158 4173 Namque
1179 4098 1275 4169 Galli,
1308 4118 1360 4158 seu
1391 4094 1494 4169 vestitit

442 4212 544 4261 notato
576 4204 715 4271 hnmano,
746 4220 806 4276 qua
840 4202 957 4259 nuntius
990 4222 1010 4259 a
1039 4204 1122 4260 Veiis
1154 4214 1344 4280 pervenerat,
1377 4222 1427 4261 seu
1453 4215 1494 4255 ευ*

444 4318 548 4387 sponte
570 4307 773 4364 animadverso
796 4307 834 4363 ad
856 4306 1021 4365 Carmentis
1041 4327 1117 4367 saxo
1140 4311 1283 4368 adscensu
1304 4330 1405 4388 equo,
1427 4316 1495 4367 noos

444 4412 599 4482 sublustri,
623 4429 710 4484 quum
733 4412 1005 4486 primo‘iuermem,
1027 4415 1078 4490 qui
1099 4424 1224 4475 tentarat
1243 4417 1339 4490 mam,
1359 4413 1494 4496 praemisis-
