3392 5084
540 516 619 567 niter
636 514 681 566 vr.
718 514 907 579 (actaea.)
1175 520 1208 574 tt

216 702 316 759 crimine
335 711 451 759 senatus
473 700 633 775 oblataeque
653 700 722 759 vani
736 672 805 759 furti
818 699 943 771 invidio,
963 709 1117 776 negantem
1130 699 1249 757 arbitrio

214 807 374 863 inimicorum
407 824 439 863 se
477 807 638 865 locuturum
673 809 703 865 in
736 808 831 865 vincla
863 806 928 863 duci
964 806 1054 863 iussit
1107 807 1282 881 Arreptus2

214 913 351 969 amatore
374 912 541 987 „Iuppiter“
564 912 658 987 inquit
682 913 809 988 „optime
838 912 964 969 maxime
991 912 1124 986 Iunoque
1151 912 1253 987 regine

213 1037 240 1075 ac
256 1018 386 1075 Minerva
414 1018 558 1092 ceterique
586 1018 626 1075 dii
654 1020 788 1093 deaeque,
822 1018 873 1094 qui
898 1015 1073 1093 Capitolium
1099 1035 1253 1092 arcemque
1312 1066 1318 1073 .
1358 1026 1362 1033 ’

211 1124 327 1192 incolitis,
349 1123 438 1181 sicine
459 1133 587 1181 vestrum
609 1124 727 1181 militem
750 1142 785 1180 ac
805 1123 957 1200 praesidem
980 1123 1071 1181 sinitis
1091 1123 1193 1180 vexari
1214 1124 1252 1180 ab
1409 1105 1412 1114 ¹

211 1228 335 1287 inimicis?
366 1230 428 1287 haec
451 1231 562 1300 dextra,
584 1247 642 1306 qus
664 1228 768 1287 Gallos
789 1227 853 1287 ludi
873 1248 892 1285 a
913 1228 1039 1286 delubris
1060 1229 1173 1298 vestris,
1192 1229 1251 1285 iam

209 1336 231 1391 in
260 1334 359 1391 vinclis
399 1342 428 1391 et
464 1337 572 1393 catenis
603 1334 693 1393 erit?“
751 1334 867 1393 Nullius
897 1353 950 1392 nec
978 1333 1053 1392 oculi
1083 1353 1136 1391 nec
1166 1335 1280 1390 aures3

209 1440 394 1515 indignitatem
414 1440 562 1513 terebant3
595 1440 647 1498 sed
666 1440 775 1498 invicta
803 1439 858 1497 sibi
889 1441 1021 1515 quedam
1042 1439 1251 1515 patientissima

207 1547 261 1603 iusti
279 1546 396 1621 imperii
417 1546 519 1603 civitas
539 1542 656 1615 fecerat,
682 1564 735 1603 nee
758 1546 897 1604 adversus
917 1545 1098 1603 dictatoriam
1119 1546 1178 1601 vim
1197 1522 1251 1602 ‘aut

207 1652 298 1734 tribuni
320 1650 415 1727 plebis
437 1660 487 1707 aut
507 1651 572 1726 ipse
593 1651 674 1726 plebs
697 1651 829 1709 attollere
851 1652 950 1711 oculos
965 1660 1016 1711 aut
1030 1651 1142 1709 hiscere
1163 1650 1251 1707 aude·

207 1760 270 1815 bant.
329 1756 470 1815 Coniecto
497 1756 527 1812 in
555 1774 699 1814 carcerem
720 1756 847 1827 Manlio,
874 1758 946 1815 satis
971 1766 1087 1815 constet
1115 1752 1280 1831 magnaml

205 1876 302 1940 partem
326 1864 420 1940 plebis
448 1870 557 1919 vestem
584 1872 728 1932 mutasse,
759 1862 866 1921 multos
894 1863 1032 1921 mortales
1060 1858 1252 1937 capillum'ac

204 1972 312 2029 barbam
336 1968 515 2045 promisisse,
546 1968 788 2043 obversatamque
811 1970 954 2027 vestibulo
975 1968 1100 2026 carceris
1121 1977 1251 2024 maestam

205 2080 317 2136 turbam.
373 2075 508 2132 Dictator
530 2074 567 2130 de
587 2073 703 2131 Volscis
722 2075 925 2149 triumphavit,
956 2075 1130 2147 invidiaque
1158 2070 1280 2147 magist

203 2184 356 2259 triumphus
379 2199 465 2255 quam
486 2178 585 2254 gloriae
605 2178 675 2248 fuit3
697 2180 804 2255 quippe
827 2180 915 2250 domi,
935 2199 994 2237 non
1007 2180 1115 2237 militie
1136 2186 1251 2252 partum

203 2308 256 2344 eum
284 2298 443 2359 actumque
469 2285 505 2341 de
538 2285 615 2355 cive,
643 2303 701 2342 non
723 2286 759 2343 de
779 2288 864 2343 hoste
883 2285 1059 2354 fremebant3
1090 2302 1177 2340 unum
1201 2283 1250 2339 de-

202 2392 278 2451 fuisse
306 2402 423 2450 tantum
444 2390 600 2472 superbiae,
633 2392 711 2465 quod
736 2411 794 2449 non
818 2392 860 2449 M.
881 2390 1009 2448 Manlius
1037 2399 1105 2448 ante
1136 2407 1249 2447 currum

202 2501 231 2555 sit
258 2501 373 2557 ductus.
429 2477 552 2570 Iamque
579 2496 674 2552 hauds
686 2498 788 2572 procul
819 2497 959 2555 seditione
986 2515 1033 2553 res
1062 2503 1137 2565 erat;
1170 2495 1281 2552 cuiusd

201 2604 330 2661 leniendae
354 2620 457 2672 causa,
485 2601 648 2677 postulante
670 2603 763 2674 nullo,
792 2603 914 2679 largitor
934 2603 1113 2661 voluntarius
1134 2611 1252 2678 repente

202 2722 305 2769 senatus
338 2708 433 2766 factus
461 2707 604 2766 Satricum
634 2707 775 2765 coloniam
806 2709 864 2766 duo
893 2709 983 2767 millia
1013 2711 1118 2769 civium
1142 2711 1250 2768 Rome-

202 2835 291 2875 norum
315 2814 423 2872 deduci
444 2814 535 2871 iussit
578 2814 653 2871 Bina
675 2813 776 2888 iugera
803 2826 832 2871 et
852 2816 986 2873 semisses
1013 2817 1076 2892 agri
1097 2813 1251 2890 assignati3

202 2925 266 2996 quod
288 2940 384 2997 quum
407 2929 435 2977 et
464 2938 586 2994 parvum
619 2930 647 2977 et
674 2920 774 2995 paucis
808 2922 907 2980 datum
940 2934 970 2980 et
997 2923 1158 2980 mercedem
1191 2925 1281 2978 essel
1360 2913 1363 2922 ’

200 3029 334 3101 prodendi
356 3028 399 3083 M.
422 3025 526 3083 Manlii
546 3026 817 3103 interpretarentur,
844 3030 972 3087 remedio
991 3029 1121 3087 irritatur
1141 3026 1252 3085 seditio.

201 3131 231 3188 Et
250 3134 309 3191 iam
335 3132 430 3206 magis
450 3131 570 3206 insignis
592 3132 725 3190 sordibus
747 3141 776 3189 et
792 3132 867 3190 facie
880 3152 995 3192 reorum
1007 3136 1093 3193 turba
1104 3133 1282 3191 Manliana8

201 3250 262 3308 erat,
291 3250 470 3312 amotusque
490 3247 557 3312 post
576 3239 751 3313 triumphum
776 3239 1136 3298 abdicationedietaturae
1156 3221 1251 3293 terror

201 3358 223 3400 et
249 3346 384 3421 linguam
417 3352 446 3399 et
481 3343 593 3400 animos
624 3342 799 3402 liberaverat
828 3345 984 3405 hominum.
1047 3343 1249 3401 Audiebantur
1307 3338 1345 3407 Π

200 3448 286 3526 itaque
308 3450 465 3527 propalam
488 3464 575 3506 voees
597 3450 832 3525 exprobrantium
854 3450 1036 3521 multitudini,
1058 3448 1137 3524 quod
1152 3445 1250 3504 delen-

200 3574 270 3613 sores
292 3574 366 3613 suos
388 3572 502 3628 semper
522 3554 552 3609 in
570 3556 745 3630 praeeipitem
767 3555 862 3613 locum
890 3554 993 3613 favore
1018 3554 1117 3625 tollat,
1149 3552 1251 3611 deinde

200 3661 306 3739 inipso
332 3660 496 3717 discrimine
517 3658 637 3734 periculi
662 3661 812 3720 destituat:
834 3662 876 3719 sic
896 3660 947 3738 sp.
960 3653 1143 3719 Caesium'in
1164 3662 1281 3734 egros2

200 3768 307 3840 plebem
330 3774 494 3835 vocantem,
516 3764 557 3821 sio
581 3763 632 3840 Sp.
656 3768 783 3826 Maelium
806 3769 843 3826 ab
866 3786 917 3825 ore
937 3766 1042 3825 civium
1063 3766 1171 3825 famem
1192 3764 1252 3820 suis

200 3870 332 3948 impensis
354 3870 572 3947 propulsantem
594 3889 764 3947 oppressos;
786 3874 827 3932 sic
838 3874 881 3933 M.
904 3872 1056 3944 Manlium,
1077 3890 1202 3929 mersam
1224 3880 1253 3926 et

202 3978 329 4035 obrutam
351 3977 453 4035 fenore
473 3985 585 4051 partem
609 3975 732 4034 civitatis
753 3979 783 4035 in
805 3980 967 4063 libertatem
989 3997 1025 4035 ac
1044 3978 1136 4036 lucem
1156 3986 1251 4033 extra-

201 4082 318 4155 hentem,
339 4082 486 4160 proditum
508 4081 639 4139 inimicis.
685 4083 827 4159 Saginare
846 4085 960 4161 plebem
971 4079 1152 4160 [populares]
1174 4078 1282 4150 suos,3

201 4200 227 4245 ut
239 4191 414 4267 iugulentur:
457 4189 570 4245 Hocine
581 4189 747 4263 patiendum
762 4190 862 4262 fuisse,
882 4192 907 4248 si
927 4192 966 4248 ad
986 4199 1086 4276 nutum
1104 4186 1252 4245 dictatoris

201 4314 252 4353 non
280 4295 466 4372 responderit
495 4294 540 4351 vir
572 4292 748 4351 consuleris?
800 4295 971 4372 Fingerent,
1005 4294 1154 4354 mentitum
1175 4300 1252 4363 ante,

224 4410 285 4447 livius
297 4422 322 4449 ex
334 4422 372 4448 ree·
381 4404 479 4456 nrdvigit.
504 4406 527 4444 ll.
1038 4406 1053 4449 2
