3392 5084
513 523 593 574 stoa
609 508 668 573 vn.
703 523 750 583 (u.
768 523 817 576 cu.
835 527 908 589 uta.)
1162 525 1197 584 81

212 705 347 763 cohortium
367 717 509 765 vocarent
526 708 620 784 iisque
640 709 720 768 clara
739 727 811 767 voee
831 710 1016 785 imperarent,
1037 719 1070 768 ut
1083 711 1242 786 praedatum
1260 709 1294 764 12

211 808 338 886 inegram
361 812 544 890 Campanum
565 816 710 891 extemplo
731 815 988 891 proficiscerentur.

274 917 335 976 Hae
368 919 512 994 legatione
537 923 662 980 Romam
692 922 799 993 relata,
830 923 933 998 positis
963 922 1090 979 omnium
1121 923 1243 980 aliarum
1294 915 1337 986 32

209 1042 284 1080 rerum
311 1026 388 1082 curis
409 1038 523 1102 patres,
555 1027 702 1088 fetialibus
729 1029 768 1084 ed
796 1045 844 1084 res
865 1029 1036 1103 repetendas
1058 1029 1152 1086 missis
1183 1029 1244 1086 bal-

209 1129 284 1203 loque,
306 1131 376 1206 quia
396 1151 455 1188 non
476 1134 678 1205 redderentur,
705 1135 837 1192 sollemni
860 1153 940 1192 more
960 1135 1083 1206 indicto,
1107 1135 1243 1193 decreve-

208 1247 266 1306 runt,
283 1247 315 1294 ut
327 1237 424 1314 primo
439 1257 556 1314 quoque
576 1249 706 1316 tempore
726 1242 762 1298 de
782 1260 818 1298 ea
838 1259 871 1298 re
893 1240 929 1297 ad
945 1239 1084 1316 populum
1105 1239 1243 1312 ferretur3

206 1339 321 1416 iussuque
352 1344 454 1420 populi
486 1346 618 1404 consules
645 1349 732 1405 ambo
758 1362 823 1404 cum
856 1347 968 1404 duobus
1002 1347 1174 1404 exercitibus
1207 1348 1274 1413 abt

207 1449 260 1504 urbe
283 1449 415 1524 profecti,
435 1451 572 1510 Valerius
593 1453 624 1509 iu
638 1450 840 1528 Campaniam,
861 1449 1012 1509 Cornelius
1032 1453 1063 1508 in
1085 1453 1245 1522 Samnium,

206 1552 298 1610 illaad
325 1566 453 1613 montem
475 1556 623 1629 Gaurum,
656 1559 703 1616 hio
732 1559 774 1634 ‘ad
801 1559 961 1620 Saticulam
991 1567 1088 1616 cestra
1122 1569 1245 1635 ponunt.
1292 1629 1294 1637 Ι

206 1659 283 1717 Priori
308 1662 431 1719 Valerio
453 1657 643 1720 Samnitium
660 1663 789 1740 legiones
815 1663 866 1742 (eo
894 1674 1019 1739 namque
1041 1683 1155 1722 omnem
1177 1663 1274 1730 belli3
1313 1675 1316 1679 '

206 1765 289 1822 nolam
309 1767 513 1825 inclinaturam
535 1770 703 1843 censebant)
725 1780 891 1840 occurrunt;
919 1771 1003 1828 simul
1023 1771 1053 1827 in
1077 1769 1244 1846 Campanos

204 1871 352 1929 simulabat
377 1874 423 1931 ira
448 1883 508 1932 tam
536 1886 686 1952 promptos
699 1895 789 1933 nuno
814 1878 853 1934 ad
874 1877 1003 1946 ferenda,
1025 1895 1100 1934 nuno
1129 1879 1167 1934 ad
1197 1893 1244 1934 ac·

204 1979 323 2035 cerseuda
342 1979 486 2038 adversus
507 2001 539 2039 se
561 1981 677 2041 auxilia.
721 1983 764 2042 Ut
791 2001 862 2041 vero
885 1993 980 2042 eastra
1001 1981 1137 2040 Romana
1164 1982 1275 2048 vide-4

203 2095 261 2152 runt,
280 2084 418 2144 ferociter
436 2106 491 2163 pro
514 2107 545 2145 ss
567 2088 689 2164 quisque
710 2088 822 2162 signum
837 2087 924 2143 duces
939 2103 1067 2162 poscere,
1089 2085 1245 2157 affirmare,

203 2191 284 2247 eadem
305 2191 426 2249 fortuna
447 2195 611 2252 Romanum
634 2192 786 2269 Campano
811 2194 935 2250 laturum
957 2211 1053 2267 opem,
1077 2211 1135 2266 qua
1157 2190 1244 2249 Cam·

201 2313 277 2369 panus
297 2297 429 2358 Sidicino
451 2298 556 2355 tulerit.
603 2298 739 2356 Valerius
753 2299 865 2357 levibus
887 2298 1093 2368 certaminibus
1115 2297 1274 2356 tentandib

201 2401 275 2459 bostis
303 2423 395 2460 causa
423 2405 502 2460 haud
535 2405 577 2462 ita
609 2405 715 2463 multos
747 2416 876 2463 moratus
903 2405 975 2474 dies,
1003 2405 1116 2478 signum
1139 2421 1245 2479 pugnas

201 2512 346 2584 proposuit,
369 2510 468 2586 paucis
490 2529 559 2568 suos
581 2511 769 2582 adhortatus,
799 2532 836 2568 ne
857 2529 964 2567 novum
991 2511 1098 2566 bellum
1121 2527 1170 2567 eos
1191 2489 1275 2569 no·'6

201 2631 296 2691 vosque
327 2618 420 2686 hostis
446 2626 581 2676 terreret:
614 2617 750 2692 quioquid
777 2620 814 2676 ab
841 2619 913 2674 urbe
942 2616 1056 2691 longius
1082 2613 1246 2689 proferrent
1350 2607 1352 2618 '

202 2736 281 2793 arma,
313 2723 409 2798 magis
432 2723 583 2798 magisque
608 2723 639 2779 in
663 2722 792 2780 imbelles
820 2733 920 2799 gentes
948 2742 998 2780 sos
1024 2720 1151 2799 prodire.
1197 2719 1274 2781 Nol
1324 2703 1327 2706 Ι

202 2824 380 2885 Sidicinorum
410 2827 684 2904 Campanorumque
711 2829 841 2886 cladibus
870 2828 1041 2887 Samnitium
1072 2827 1247 2884 aestimarent
1341 2845 1342 2848 ¹

201 2932 336 3005 virtutem3
372 2936 586 3010 qualescunque
617 2936 693 2993 inter
724 2954 756 2992 se
787 2935 974 3006 certaverint,
1009 2952 1127 2992 necesse
1156 2931 1246 2990 fuisse

200 3037 304 3097 alteram
327 3050 441 3116 partem
472 3042 558 3103 vinci.
612 3041 780 3118 Campanos
801 3042 915 3116 quidem
946 3041 1130 3100 hauddubie
1152 3036 1246 3112 magis

198 3142 273 3202 uimio
294 3147 367 3203 luxu
396 3147 550 3204 fluentibus
577 3149 663 3205 rebus
685 3147 862 3222 mollitiaque
884 3165 938 3204 sua
960 3166 1047 3223 quarn
1069 3133 1099 3202 ii
1119 3143 1245 3201 hostium

199 3248 278 3306 victos
299 3271 374 3310 esse.
429 3253 507 3327 Quid
535 3265 632 3311 autem
662 3273 725 3311 esse
754 3254 811 3310 duo
837 3271 979 3328 prospera
1003 3254 1033 3310 in
1062 3261 1105 3308 tot
1133 3249 1276 3314 saculiss

199 3352 263 3412 bella
283 3357 459 3416 Samnitium
486 3358 625 3416 adversus
645 3368 689 3416 tot
715 3360 822 3416 deeora
842 3359 943 3434 populi
966 3359 1101 3428 Romani,
1125 3355 1174 3430 qui
1195 3353 1246 3410 tri·

198 3464 308 3537 umphos
329 3482 413 3539 paens
432 3462 540 3538 plures
557 3483 645 3540 quam
674 3481 767 3520 annos
794 3465 832 3521 ab
857 3466 929 3521 urbe
956 3466 1074 3522 condita
1100 3469 1246 3530 numeret3

199 3568 238 3639 qui
262 3571 361 3626 omnia
389 3568 466 3626 cirea
501 3588 541 3640 ss,
568 3568 703 3637 Sabinos,
734 3569 898 3640 Etruriam,
920 3571 1059 3643 Latinos,
1092 3569 1276 3638 Hernicos,9

197 3671 312 3748 AEquos,
335 3675 470 3743 Volscos,
490 3650 654 3744 Auruncos,
676 3673 786 3730 domita
807 3676 895 3733 aruris
916 3678 1039 3764 lrabeat3
1070 3677 1119 3752 qui
1141 3674 1246 3733 Gallos

197 3783 232 3834 tot
250 3781 358 3856 proeliis
380 3799 470 3837 caesus
492 3793 638 3856 postremo
651 3779 688 3835 iu·
702 3796 783 3836 mare
798 3798 833 3837 aa
853 3800 943 3838 naves
964 3782 1036 3858 iuga
1057 3779 1246 3858 compulerit?

198 3880 281 3955 Quum
303 3886 398 3961 gloria
419 3886 485 3943 belli
508 3905 543 3943 ao
563 3884 668 3942 virtute
689 3901 743 3941 sua
765 3903 908 3960 quemque
928 3886 1019 3945 fretos
1041 3890 1083 3946 ire
1103 3891 1133 3946 in
1155 3889 1245 3945 aciem
1261 3893 1297 3948 10

198 3988 306 4063 debere,
336 4002 396 4049 tum
428 3993 515 4049 etiam
538 3991 659 4060 intueri,
686 3989 767 4046 cuius
795 3990 883 4048 ductu
910 3993 1098 4069 auspicioque
1119 3994 1247 4051 ineunda

196 4097 350 4171 pugnauit,
379 4107 475 4155 utrum
497 4097 555 4172 qui,
577 4096 737 4154 erudiendus
760 4096 928 4170 dumtaxat,
952 4100 1120 4175 magnificus
1140 4099 1294 4163 adhoc-11

197 4207 264 4259 tator
291 4204 343 4274 sit,
370 4204 466 4261 verbis
495 4212 606 4260 tautum
628 4201 723 4271 ferox,
743 4220 863 4278 operum
885 4206 1050 4263 militarium
1073 4221 1186 4280 expers,
1208 4221 1245 4259 an

197 4309 239 4380 qui
258 4319 286 4366 et
305 4310 367 4385 ipse
388 4308 447 4366 tela
469 4317 606 4381 tractare,
625 4307 783 4406 procedere
807 4321 875 4368 ante
896 4312 995 4388 signa,
1018 4311 1130 4368 versari
1151 4309 1247 4368 media

219 4419 278 4460 livius
293 4434 318 4460 ax
330 4434 371 4462 ree.
385 4421 486 4470 ludvigii.
514 4421 537 4459 ll.
1014 4419 1029 4464 6
