3392 5084
503 501 582 550 uner
599 501 635 552 11.
673 500 718 563 (A.
736 500 782 549 on.
802 500 962 564 sor-eos.)
1183 507 1218 560 77

293 683 425 742 Consules
446 685 490 745 M.
502 685 650 755 Valerius,
668 685 705 743 P.
721 684 900 744 Postumius.
944 685 990 742 Eo
1003 703 1079 742 anno
1095 687 1169 743 bene
1190 705 1263 762 pug·
1318 682 1358 750 lii

226 799 307 845 notum
332 809 395 845 oum
424 787 557 857 Sabinis3
602 789 735 846 consules
766 789 988 864 triumpharunt.
1052 792 1167 848 Maiore
1198 792 1264 848 inde
1276 803 1310 920 p.
1325 804 1456 918 phoge}

1179 897 1265 954 simul
1304 907 1310 920 ·
1374 906 1380 918 ·
1416 875 1458 918 ⁰·

226 894 392 974 noleSabini
411 892 520 949 bollum
538 893 692 968 parabant.
736 893 888 952 Adversus
905 914 964 964 eos,
986 905 1014 952 et
1033 916 1069 953 ne
1089 897 1157 970 quid

226 1001 254 1054 ab
273 999 404 1068 Tusculo,
425 999 501 1056 unde
522 999 576 1056 etsi
594 1018 653 1055 non
674 1008 825 1073 apertum,
852 1010 1016 1075 suspectum
1038 1012 1136 1058 tamen
1156 1002 1264 1059 bellum
1358 1027 1367 1034 ’

226 1114 283 1171 erat,
300 1104 438 1178 repentini
462 1103 584 1178 periculi
605 1114 745 1173 oreretur,
760 1105 797 1164 P.
818 1104 955 1161 Valerius
977 1115 1121 1179 quartum,
1142 1107 1180 1164 T.
1206 1108 1265 1164 Lu·
1278 1069 1313 1188 2·
1326 1081 1387 1187 {hm
1399 1071 1458 1184 {gi

227 1208 311 1264 cretius
324 1210 425 1266 iterum
448 1209 581 1266 eonsules
599 1207 680 1268 iacti.
723 1208 836 1267 Seditio
853 1209 927 1266 inter
941 1209 1010 1266 belli
1032 1211 1171 1286 pacisque
1192 1223 1297 1278 auo-3

226 1324 288 1369 tores
319 1324 383 1372 orta
412 1316 441 1370 in
464 1314 581 1372 Sabinis
608 1313 787 1388 aliquantum
816 1314 883 1370 inde
915 1314 1019 1370 virium
1051 1315 1198 1374 transtulit
1230 1317 1269 1372 ad

225 1419 363 1476 Romanos.
416 1420 556 1493 Namque
578 1419 667 1476 Attus
691 1418 831 1488 Clausus,
861 1419 907 1476 cui
928 1428 1031 1495 postea
1060 1424 1120 1496 Ap.
1145 1419 1299 1478 Claudiol

226 1521 270 1578 fuit
286 1525 383 1581 Roma
403 1542 519 1596 nomen,
541 1543 630 1598 quum
647 1524 801 1600 pacisipsa
819 1535 922 1583 auctor
943 1545 962 1624 p
984 1526 1182 1584 turbatoribus
1201 1525 1270 1583 belli

226 1639 383 1701 premeretur
402 1647 457 1686 nec
479 1628 679 1704 perfectioni
708 1639 792 1700 esset,
824 1650 843 1686 a
865 1630 929 1687 vico
944 1630 1068 1705 Regillo,
1090 1649 1198 1705 magno
1219 1629 1269 1688 cli·

226 1733 315 1790 entium
338 1735 492 1792 comitatus
513 1752 621 1804 manu,
643 1736 768 1792 Romam
790 1733 956 1809 transfirgit.
998 1735 1055 1792 His
1077 1735 1180 1793 civitas
1200 1735 1300 1792 datos

226 1855 333 1912 agerque
353 1849 434 1896 mans
456 1840 617 1911 Anienem3
650 1850 733 1898 vetus
755 1838 880 1898 Claudia
901 1840 1007 1909 tribus,
1041 1840 1146 1898 additis
1167 1850 1271 1917 postea

181 1934 184 1950 '
226 1945 294 2000 noris
315 1921 482 2015 tribulibus,
514 1945 565 2019 qui
585 1964 623 2002 ex
643 1963 679 2003 eo
700 1945 832 2002 venirent
854 1962 936 2019 agro,
959 1945 1105 2019 appellati.
1134 1946 1271 2023 'Appius

226 2049 286 2105 inter
303 2061 398 2125 patres
420 2050 521 2120 lectus,
553 2050 633 2107 haud
664 2049 707 2106 ita
730 2048 821 2104 multo
847 2058 917 2125 post
936 2049 966 2106 in
986 2050 1148 2125 principum
1170 2052 1271 2126 digna·

227 2153 314 2211 tionem
334 2156 476 2230 pervenit.
526 2153 667 2212 Consules
687 2153 794 2212 infesto
816 2155 944 2212 exercitu
960 2155 989 2211 iu
1012 2173 1112 2230 agrum
1132 2155 1303 2214 Sobinnmb

226 2258 328 2330 proiecti
342 2280 431 2335 quum
454 2262 497 2317 ita
517 2261 692 2329 vastatione,
713 2258 780 2316 dein
797 2258 909 2333 proelio
932 2257 1106 2317 afflixissent
1126 2277 1197 2333 opes
1219 2261 1271 2317 ho·

227 2364 305 2435 snum,
326 2375 356 2422 ut
379 2366 428 2423 diu
451 2365 523 2422 nihil
542 2365 611 2422 inde
631 2363 796 2422 rebellionis
820 2363 921 2420 timere
942 2372 1070 2438 possent,
1092 2363 1272 2438 triumphan-

227 2476 260 2523 tes
283 2471 405 2527 Romam
429 2470 585 2528 redierunt

307 2575 342 2632 P.
364 2574 518 2644 Valerius,
548 2574 676 2632 omnium
706 2591 847 2630 consensu
869 2573 1003 2648 princeps
1035 2572 1103 2630 belli
1134 2572 1302 2648 pacisque?

227 2678 332 2749 ortibm,
353 2699 431 2737 anno
457 2691 525 2756 post
547 2680 684 2754 Agrippa
704 2678 849 2748 Menenio,
871 2679 907 2735 P.
927 2678 1080 2735 Postumio
1109 2678 1274 2736 consulibus
1286 2659 1392 2777 fbf]
1406 2659 1466 2772 {g}

227 2782 345 2855 moritur,
371 2785 467 2860 gloria
496 2784 619 2860 ingenti,
650 2783 741 2858 copiis
771 2782 963 2841 familiaribus
986 2784 1060 2840 adeo
1085 2784 1213 2858 exiguis,
1243 2796 1275 2842 ut

226 2882 303 2944 foueri
333 2899 466 2965 sumptus
493 2891 606 2947 deesset
613 2908 622 2963 ;
650 2888 687 2943 de
712 2886 829 2962 publico
857 2897 902 2944 est
929 2889 1023 2950 datus.
1067 2890 1183 2946 Luxere
1212 2908 1274 2946 ma-

228 2999 302 3048 tronae
320 3005 352 3050 ut
375 2996 510 3057 Brutum.
552 2994 666 3052 Eodem
694 3011 770 3050 auno
792 2994 857 3049 duae
877 2993 998 3050 coloniae
1020 2994 1146 3064 Latinae,
1168 2994 1306 3051 Peme-8

181 3090 182 3098 ’
228 3095 260 3150 tia
278 3108 304 3154 et
322 3099 421 3170 Cora,
453 3101 492 3156 ad
514 3103 670 3157 Auruncos
705 3097 850 3158 deficiunt.
905 3096 978 3156 Cum
1000 3099 1147 3156 Auruncis
1169 3098 1275 3156 bellum

228 3199 327 3275 initom3
353 3205 479 3279 fusoque
506 3204 617 3279 ingenti
642 3187 783 3274 exercitu,
812 3202 862 3276 qui
893 3221 924 3260 se
951 3202 1177 3278 ingredientibus
1204 3205 1275 3260 fines

229 3309 375 3366 consulibus
397 3309 537 3367 ferociter
557 3308 718 3376 obtulerat,
739 3327 826 3364 omne
848 3309 1018 3365 Auruncum
1039 3304 1147 3362 bellum
1168 3305 1275 3360 Pome-

228 3409 484 3490 tiam.compulsum
508 3423 560 3473 est.
603 3414 668 3471 Nec
689 3413 782 3487 magis
803 3421 871 3487 post
886 3411 1026 3486 proelium
1043 3429 1131 3484 quam
1145 3410 1175 3466 in
1189 3413 1305 3485 pros-9

229 3513 260 3570 ΠΟ
292 3519 411 3576 oedibus
439 3529 630 3594 temperatum
660 3528 717 3575 est:
745 3526 775 3573 et
801 3517 867 3573 oaesi
896 3516 1046 3590 aliquanto
1074 3515 1171 3590 plures
1193 3522 1287 3571 erant·

230 3638 305 3692 quam
324 3624 423 3700 capti,¹
448 3635 478 3681 et
498 3633 600 3700 captos
622 3623 731 3698 passim
755 3621 986 3688 trucidaverunt3
1008 3639 1045 3676 ne
1066 3621 1104 3676 ab
1126 3619 1275 3677 obsidibus

231 3727 344 3799 quidem,
372 3731 424 3806 qui
444 3730 565 3788 trecenti
584 3728 697 3804 accepti
716 3745 838 3784 numero
860 3735 952 3796 erant,
973 3727 1019 3782 iro
1039 3725 1107 3783 belli
1129 3722 1275 3782 abstinuit.

231 3829 262 3888 Et
282 3833 332 3891 hoo
354 3855 430 3892 anno
452 3837 555 3892 Rome
576 3834 793 3908 triumphatum.

301 3939 394 3998 Secuti
420 3941 554 3998 consules
584 3938 687 4014 Opiter
708 3938 874 4013 Verginius,
897 3938 948 4013 Sp.
971 3935 1090 3994 Cassius
1112 3931 1277 3990 Pometiam
1332 3930 1372 3998 Π

233 4039 309 4110 primo
329 4045 372 4114 vi,
411 4046 515 4102 deinde
541 4044 633 4102 vineis
664 4042 787 4118 abbqne
814 4043 950 4118 operibus
981 4049 1193 4117 oppugnarunt
1236 4037 1319 4094 Ins.
1333 4053 1357 4088 u.
1375 4051 1396 4085 ο.
1411 4040 1468 4085 252,

234 4159 293 4213 qnos
313 4150 443 4206 Aurunci
471 4151 566 4224 magis
593 4149 653 4205 iam
682 4148 852 4223 inexpiabili
880 4147 948 4204 odio
979 4166 1066 4221 quam
1095 4165 1147 4221 spe
1176 4109 1320 4233 eliqua*
1343 4105 1391 4155 Oh.
1409 4109 1469 4155 ⁵⁰²⁶

235 4254 432 4310 outoccasiono
446 4254 549 4324 coorti,
573 4273 662 4329 quum
684 4253 781 4328 plures
801 4253 862 4327 igni
888 4270 974 4325 quam
997 4251 1075 4308 ferro
1098 4249 1204 4308 armati
1224 4267 1275 4306 ex-
