3392 5084
221 920 275 975 loca
294 919 502 988 distribuentes,
524 917 677 976 multitudo
696 919 799 994 ingens
820 904 923 995 pacem
943 919 1122 995 poscentium
1136 921 1261 996 primum

220 1025 342 1082 seditiom
362 1026 490 1084 clamore
510 1024 682 1096 conterruit,
712 1025 816 1083 deinde
843 1013 953 1084 vocare
972 1035 1119 1096 senatum,
1153 1025 1262 1086 referre

220 1131 249 1187 de
266 1131 365 1206 legatis
387 1131 426 1188 ud
446 1129 500 1188 Cn.
521 1130 665 1189 Marcium
691 1131 837 1189 mittendis
858 1131 962 1207 coegit.
1008 1133 1193 1206 Acceparnnt
1213 1149 1260 1189 ro·
1277 1129 1311 1183 10

219 1238 339 1295 lationem
373 1246 487 1313 putres,
519 1246 676 1311 postquem
709 1239 846 1312 apperuit
876 1238 977 1297 labare
1010 1236 1102 1312 plebis
1134 1238 1260 1305 animos3

219 1344 341 1418 missique
367 1344 405 1400 de
431 1360 504 1417 pace
525 1342 564 1400 ad
585 1341 729 1400 Marcium
752 1353 884 1402 oratores
906 1353 992 1402 atrox
1016 1361 1187 1418 responsum
1215 1362 1261 1400 re·
1294 1375 1303 1429 Ἰ

218 1451 343 1508 tnlcmnt:
375 1450 402 1507 si
421 1449 538 1506 Volscis
560 1467 631 1524 eger
651 1449 833 1521 redderetur,
864 1465 952 1525 posse
973 1448 1021 1524 agi
1052 1447 1088 1506 de
1118 1467 1205 1524 pace3
1236 1449 1308 1506 sill
1399 1467 1406 1492 ·

185 1550 186 1557 '
218 1557 302 1630 preda
332 1535 403 1614 belli
428 1574 481 1631 per
508 1555 598 1632 otium
624 1553 682 1612 frui
707 1555 811 1625 velint,
846 1573 1003 1612 memorem
1037 1571 1068 1612 se
1099 1565 1129 1612 et
1156 1553 1260 1622 civium

217 1662 313 1719 iniuriae
336 1672 366 1719 et
385 1662 532 1737 hospitum
559 1661 691 1719 beneficii
717 1661 900 1732 annisurum,
932 1669 964 1718 nt
989 1670 1131 1737 appareat
1159 1659 1260 1718 exsilio

217 1768 262 1824 sibi
280 1767 426 1836 irritatos,
453 1778 513 1826 uon
533 1767 644 1826 fractos
664 1766 778 1824 animos
800 1784 872 1830 asse.
920 1767 1029 1824 Iterum
1051 1767 1154 1824 deinde
1174 1767 1260 1826 iidem
1275 1765 1311 1822 12

217 1873 283 1929 nissi
303 1891 363 1929 non
384 1874 561 1950 recipiuntur
580 1873 611 1930 in
631 1882 737 1931 castra.
786 1871 960 1932 Sacerdotes
990 1891 1106 1949 qnoque
1131 1874 1190 1932 suis
1217 1874 1260 1932 in-

217 1979 333 2052 signibus
341 1979 456 2037 volutos
477 1980 536 2038 isse
556 1978 701 2055 supplices
724 1979 761 2035 ad
783 1989 880 2038 costra
900 1980 1036 2051 hostium,
1051 1979 1188 2038 traditum
1204 1989 1261 2050 eet3

218 2084 292 2141 nihilo
313 2086 408 2162 magis
430 2105 517 2160 quam
547 2086 661 2161 legatos
685 2085 801 2142 flexisse
832 2085 969 2142 animum.
1017 2086 1094 2144 Tum
1122 2095 1262 2144 menone
1307 2077 1353 2148 40

218 2193 247 2247 ad
265 2191 416 2250 Veturiam
448 2201 569 2249 matrem
599 2190 749 2251 Coriolani
777 2190 1023 2265 Volumniamque
1054 2209 1173 2250 uxorem
1200 2191 1261 2250 fre·

219 2308 325 2371 quentes
356 2308 470 2358 coeunt.
523 2297 561 2354 ld
593 2297 740 2373 publicum
767 2295 984 2356 consiliamur
1005 2296 1151 2354 muliebris
1175 2297 1261 2354 timor

218 2402 305 2474 inerit,
327 2423 432 2479 parom
452 2403 583 2481 invcui03
615 2403 764 2478 pervicere
784 2410 871 2470 certe,
890 2412 930 2458 ut
950 2411 979 2458 et
999 2401 1131 2472 Veturia,
1153 2401 1291 2478 megn02

219 2517 276 2565 natu
294 2510 406 2578 mulier,
429 2518 459 2565 et
478 2509 639 2567 Volumnia
660 2509 733 2565 duos
753 2525 863 2583 parvos
884 2525 921 2564 ex
935 2507 1048 2565 Marcio
1068 2507 1164 2566 ferens
1186 2509 1261 2566 lilios

220 2631 302 2672 secum
322 2615 352 2672 in
374 2625 471 2673 castre
492 2607 617 2673 hostium
638 2615 722 2685 ment
744 2625 787 2684 et,
816 2613 953 2687 quonism
977 2615 1065 2672 armis
1086 2614 1261 2674 viri-deleu-

221 2718 276 2777 ‹lere
293 2711 393 2778 urbem
414 2741 474 2778 non
494 2730 627 2798 possent,
649 2719 782 2778 mulieres
803 2719 937 2794 precibus
958 2719 1142 2796 lacrimisque
1164 2721 1261 2780 defen.-

224 2824 314 2884 darent.
357 2827 418 2887 Ubi
449 2828 488 2884 ad
520 2837 618 2885 castra
643 2835 761 2883 ventum
788 2835 833 2882 est
862 2825 1081 2903 nuntiatumque
1104 2825 1291 2886 Corioleno3
1402 2829 1404 2836 ’

225 2941 264 3002 est,
283 2933 382 2991 adesse
401 2934 503 3008 ingens
524 2932 675 2990 mulierum
696 2951 811 3008 agmen,
832 2932 936 3008 primo,
957 2941 990 2990 ut
1011 2934 1061 3009 qui
1080 2953 1133 2992 nec
1144 2933 1261 3010 publica

223 3038 356 3096 nasute
385 3039 417 3095 in
447 3038 552 3114 legatis
583 3055 638 3096 nec
664 3038 696 3096 in
721 3039 920 3098 sacerdotibus
946 3047 1028 3097 tenta
1054 3038 1149 3098 offusa
1170 3040 1261 3098 oculis

223 3144 361 3220 animoque
379 3144 520 3220 religione
544 3153 642 3203 motus
670 3155 763 3216 esset,
794 3145 885 3203 multo
919 3144 1091 3202 obstinatior
1121 3136 1261 3202 adversus

222 3247 339 3308 lacrimas
353 3250 508 3309 muliebres
522 3261 600 3320 erut,
622 3251 689 3308 dein
700 3250 886 3311 familiarium
901 3251 1029 3325 quidam,
1052 3250 1103 3325 qui
1119 3233 1261 3325 insignem
1274 3252 1292 3306 4

223 3356 339 3414 mestitia
356 3357 435 3416 inter
454 3366 565 3414 ceteras
586 3364 764 3431 cognoverat
786 3355 955 3426 Veturiam,
985 3356 1061 3414 inter
1086 3375 1189 3414 nurum
1210 3348 1260 3413 ness

223 3470 346 3537 potesque
365 3472 505 3534 stantem,
529 3463 615 3533 „Nisi
635 3483 682 3520 me
703 3461 897 3520 frnsmantur“
920 3461 1014 3536 inquit
1037 3461 1146 3532 „oculi,
1169 3471 1263 3520 mater

224 3565 267 3623 tibi
283 3570 442 3645 coniuxque
463 3579 493 3627 et
512 3569 596 3646 liberi
615 3569 749 3626 adsunt“
799 3566 972 3626 Coriolanus
993 3585 1085 3643 prope
1106 3575 1138 3625 ut
1161 3569 1291 3626 emensi

226 3681 405 3732 consternatus
426 3675 465 3733 ab
485 3675 554 3733 sede
574 3694 629 3734 sua
651 3695 740 3750 quum
759 3673 848 3732 ferret
863 3675 946 3732 matri
962 3673 1055 3731 obviae
1069 3674 1261 3749 complexum,

226 3777 310 3836 nuber
328 3780 358 3837 in
378 3779 453 3838 uam
475 3801 513 3838 ex
526 3781 660 3856 precibus
673 3799 760 3838 versa
776 3780 873 3852 „Sine‚
894 3781 1063 3856 priusquam
1077 3781 1261 3856 complexum

228 3885 457 3961 accipio„sciam“
479 3887 581 3962 inquit,
602 3886 659 3957 „ad
679 3887 792 3944 hostem
814 3905 852 3944 an
875 3888 913 3944 ad
931 3886 1021 3946 filium
1036 3886 1174 3956 venerim,
1192 3903 1260 3962 cap·

229 3986 275 4046 tiva
288 4005 414 4051 materne
433 3993 464 4050 in
482 3992 585 4051 castris
605 3992 662 4050 tuis
683 3993 747 4050 sim.
793 3993 829 4050 In
857 3993 913 4050 hoc
946 4012 991 4052 me
1017 3993 1106 4067 longa
1140 3992 1202 4050 vita
1232 3992 1291 4050 aa

229 4095 308 4156 infelix
327 4110 443 4158 senecta
462 4097 566 4168 traxit,
588 4108 620 4156 ut
642 4097 770 4156 exsulem
792 4107 830 4168 te,
855 4098 957 4156 deinde
977 4099 1089 4156 hostem
1111 4096 1260 4156 viderem?

230 4201 333 4263 Potuisti
351 4205 487 4282 populari
502 4207 577 4262 hanc
590 4214 706 4274 terram,
728 4221 794 4278 quae
808 4214 836 4260 te
852 4204 951 4279 genuit
964 4213 1052 4278 atque
1066 4203 1156 4262 aluit?
1191 4203 1291 4262 Noni

229 4306 281 4381 tibi,
305 4311 435 4386 quamvis
457 4310 564 4368 infesto
584 4311 682 4369 animo
703 4321 733 4368 et
753 4309 860 4367 minaei
880 4323 1070 4385 perveneras,
1092 4309 1263 4383 ingredienti

1034 4409 1064 4461 7.
