3392 5084
486 500 543 558 168
792 497 870 548 Liber
886 497 936 548 m.
971 498 1015 563 (A.
1027 513 1053 560 u.
1065 514 1087 548 c.
1101 501 1174 561 ³⁰⁵.)

308 747 312 768 Ι
360 742 364 752 ,
443 681 613 757 Verginiam
641 681 756 742 defendi
785 684 821 739 eb
843 683 944 751 Icilio,
971 683 1023 740 sed
1043 684 1202 761 inquietum
1223 684 1372 742 bominem
1402 695 1433 742 et
1452 685 1493 741 bi·

442 787 581 844 bunetum
617 787 704 845 etiem
738 805 813 846 nuno
851 790 1008 865 spirantem
1049 788 1144 848 locum
1179 789 1330 848 seditionis
1364 809 1493 866 querere

413 892 560 954 3diceret.
609 894 677 952 Non
700 895 885 970 praebiturum
914 913 947 952 se
975 894 1016 951 illi
1043 913 1078 953 eo
1108 895 1156 952 die
1177 896 1350 967 materiem}
1374 897 1445 962 aed,
1469 909 1495 952 nt

443 997 501 1056 iem
523 998 624 1066 sciret,
656 1019 715 1058 non
736 973 772 1058 id'
793 1000 965 1078 petulantiae,
979 1018 1055 1070 suae,
1082 1002 1133 1060 sed
1165 1002 1306 1078 Verginio
1340 1004 1455 1060 absenti
1472 1015 1494 1060 et

442 1104 538 1179 patrio
560 1105 669 1164 nomini
690 1116 720 1164 et
740 1108 867 1166 libertati
888 1106 1003 1178 dutum,
1025 1108 1070 1165 ius
1092 1127 1127 1166 eo
1148 1107 1196 1165 die
1217 1126 1249 1166 se
1268 1127 1329 1166 non
1360 1110 1493 1168 dicturum

443 1229 536 1286 neque
564 1211 711 1270 decretum
733 1212 990 1289 ,interpositarum
1019 1233 1038 1270 a
1058 1215 1101 1274 Μ.
1123 1211 1246 1271 Claudio
1268 1215 1446 1290 petiturum,
1470 1228 1493 1269 ut

442 1318 593 1379 decederet
622 1317 685 1376 iure
716 1336 768 1376 suo
801 1318 1000 1394 vindicarique
1026 1319 1153 1396 puellam
1183 1320 1214 1377 in
1246 1331 1400 1396 posterum
1430 1320 1492 1378 dieu

412 1418 598 1498 tpeteretur.
642 1423 799 1496 Quodnisi
818 1433 903 1498 pater
922 1433 1040 1500 postero
1055 1425 1102 1482 die
1117 1423 1257 1496 affuisset,
1279 1425 1454 1482 denuntiare
1470 1442 1494 1478 se

442 1528 525 1586 Icilio
547 1528 744 1604 similibusque
758 1529 841 1600 Icilii,
863 1548 956 1604 neque
976 1528 1033 1605 legi
1053 1548 1113 1588 suae
1134 1531 1257 1588 latorem
1271 1548 1370 1605 neque
1392 1531 1495 1588 decem·

442 1633 505 1690 viro
535 1634 727 1693 constantiam
758 1608 885 1705 defore3'
907 1654 972 1693 nec⁴
989 1654 1021 1691 se
1050 1636 1150 1711 utique
1178 1635 1359 1710 collegarum
1389 1635 1494 1693 lictores

443 1745 668 1797 convocaturum
691 1740 728 1796 ad
750 1742 924 1800 coercendos
944 1735 1093 1801 seditibnis
1115 1750 1452 1810 unctorespcontentnm
1469 1758 1495 1796 se

443 1845 502 1902 suis
521 1845 669 1902 lictoribus
691 1844 764 1907 fore.
1191 1927 1194 1932 Ι
1341 1908 1345 1914 ,

414 1955 431 2008 5
526 1949 623 2024 Quum
651 1951 908 2029 dilatum'tempus
936 1952 1046 2010 iniurte
1077 1961 1159 2018 esset,
1178 1953 1426 2026 secessissemque
1439 1951 1495 2022 ‘ad-

442 2057 539 2114 vocati
559 2057 670 2132 puellm,
692 2058 810 2133 placuit,
832 2059 960 2117 omnium
980 2059 1105 2144 primum
1127 2055 1333 2116 betrem'leilii
1355 2058 1495 2132 filiumque

442 2162 613 2242 Numitori,
634 2163 784 2239 impigros
812 2164 946 2233 iuvenes,
978 2138 1099 2239 pergere,
1126 2138 1194 2220 inde
1215 2172 1295 2248 reeta
1316 2163 1357 2220 ad
1379 2173 1495 2238 portam.

413 2271 486 2338 bet,
508 2276 648 2342 quantum
667 2269 822 2327 accelerari
845 2276 970 2346 posset‚‘
985 2269 1156 2344 Verginium
1170 2269 1266 2327 ‘accim
1288 2288 1305 2326 e
1328 2269 1449 2326 cmm-is:
1471 2268 1495 2323 in

443 2393 477 2431 eo
507 2374 581 2431 verti
609 2362 874 2449 puelln'selutem,
908 2375 932 2432 si
961 2383 1079 2460 postero
1107 2373 1155 2430 die
1184 2373 1292 2431 vindex
1322 2372 1438 2431 iniurius
1465 2373 1495 2429 ad

443 2489 555 2554 tempus
576 2490 682 2554 praesto
707 2489 791 2540 esset.
840 2480 918 2540 Iussi
938 2489 1070 2555 pergunt,
1093 2455 1245 2553 citatisque
1266 2479 1349 2555 equis
1372 2481 1493 2538 nuntium

414 2585 482 2642 lud
502 2594 616 2664 patrem
637 2585 794 2662 perferunt.
841 2586 938 2661 Quum
961 2586 1081 2642 insterct
1102 2595 1230 2642 assertor
1246 2587 1365 2661 puellm,
1389 2598 1423 2644 nt
1443 2587 1496 2644 rio·

442 2691 552 2748 dicaret
572 2708 783 2766 sponsoresque
804 2693 895 2761 deret,
917 2701 1005 2767 atque
1024 2691 1055 2748 id
1074 2691 1169 2765 ipsum
1195 2692 1243 2767 egi
1264 2693 1375 2750 diceret
1394 2694 1495 2760 Icilius,

443 2795 544 2853 sedulo
573 2805 685 2872 tempus
714 2809 824 2870 terens,
853 2801 921 2858 dum
948 2797 1138 2873 praeciperent
1163 2797 1218 2854 iter
1244 2773 1349 2857 nuntii⁸
1366 2799 1447 2856 missi
1471 2799 1495 2854 in

443 2912 548 2974 cestre,
571 2923 672 2962 munus
686 2904 787 2962 tollere
805 2903 932 2978 undique
945 2901 1098 2960 multitudo
1120 2912 1150 2958 et
1170 2903 1347 2978 sequisque
1368 2914 1495 2980 paratum

413 3011 482 3070 8ed
510 3010 709 3086 spondendum
743 3009 826 3066 Icilio
858 3009 1017 3067 ostendere.
1070 3011 1169 3082 Atque
1194 3007 1242 3065 ille
1265 3009 1495 3068 nonmabmun

446 3115 588 3186 „Gratum
612 3122 673 3172 est“
699 3116 806 3191 inquit3
839 3115 984 3185 „crustim
1005 3115 1052 3171 die
1073 3123 1171 3181 vestra
1192 3133 1282 3189 opera
1296 3125 1387 3185 'uter3
1407 3135 1495 3191 spon·

445 3239 542 3280 sorum
564 3239 640 3279 nuno
664 3221 734 3279 setis
757 3225 827 3278 est.“
871 3221 920 3276 Ita
940 3219 1103 3276 vindicatur
1125 3220 1277 3294 Verginia·
1293 3222 1495 3296 spondentibus
1522 3196 1523 3239 ³

414 3327 624 3402 9propinquis.
681 3325 797 3402 Appius
825 3325 973 3400 paulisper
1002 3336 1147 3394 moratus,
1182 3343 1219 3381 nc
1252 3325 1315 3382 eius
1341 3326 1386 3384 rei
1412 3345 1495 3384 causa

444 3433 553 3490 sedisse
566 3432 722 3502 videretur,
743 3440 908 3514 postquam,
929 3431 1042 3488 omissis
1056 3430 1142 3488 rebus
1164 3431 1228 3488 eliis
1242 3449 1303 3506 pne
1317 3450 1389 3490 cure
1408 3432 1494 3489 unius.
1521 3474 1522 3515 p

444 3556 529 3594 nemo
552 3537 660 3609 adibat,
686 3539 801 3596 domum
825 3556 857 3595 se
878 3536 1003 3613 reoepit‚
1025 3535 1201 3612 collegisque
1221 3537 1252 3594 in
1274 3545 1373 3594 cestre
1391 3536 1493 3595 scribit.
1521 3518 1523 3607 i

443 3663 480 3700 ne
501 3643 640 3718 Verginio
669 3652 860 3700 commeatum
888 3642 956 3698 dent
985 3650 1073 3716 etque
1093 3641 1180 3700 etiam
1202 3643 1233 3700 in
1253 3621 1394 3701 emmuta'
1408 3643 1493 3699 babe-

394 3747 430 3802 10
444 3757 503 3804 ant.
556 3748 726 3823 Improbum
759 3747 910 3806 consilium
941 3766 1052 3818 serum,
1086 3756 1118 3802 nt
1138 3746 1251 3816 debuit,
1283 3747 1355 3820 fine,
1380 3759 1409 3805 et
1430 3747 1493 3804 ium.

444 3862 605 3912 commeatu
637 3862 762 3930 sumpto,
791 3854 939 3929 proiectus
973 3854 1129 3930 Verginius
1164 3853 1259 3928 prime
1293 3854 1393 3930 vigilia
1426 3862 1493 3910 eret

444 3977 532 4034 quum
559 3967 676 4034 postero
704 3958 750 4016 die
780 3977 866 4016 mene
893 3960 929 4017 de
954 3959 1103 4018 retinendo
1124 3977 1159 4016 eo
1180 3959 1375 4035 nequicquam
1398 3959 1492 4018 liuere

445 4066 610 4123 redduntur.

349 4165 392 4232 (Π
528 4173 571 4228 At
598 4171 628 4226 iu
651 4172 724 4228 urbe
752 4170 847 4244 primu
876 4170 955 4240 luce,
987 4188 1073 4244 quum
1106 4170 1209 4228 civitas
1239 4170 1357 4229 infore
1380 4186 1492 4244 met-

445 4276 553 4334 tutione
575 4285 670 4332 erecta
694 4283 792 4345 staret,
816 4274 974 4350 Verginius
999 4275 1165 4333 sordidatus
1190 4275 1280 4333 filium
1305 4294 1404 4334 secum
1430 4274 1491 4330 oba
1519 4316 1520 4339 p
