3392 5084
464 549 523 606 ecs
726 545 849 598 Liberv.
886 544 1004 610 (neu
1017 541 1177 606 sss-sss)
1237 521 1242 528 ’

315 733 325 743 ’
421 730 499 804 quod
528 737 626 786 censet
648 737 784 797 senalus,
814 738 864 786 eut
892 728 918 784 si
945 727 1122 802 pertinacius
1149 727 1286 794 tendent,
1313 726 1470 783 duetorem
1516 710 1517 779 i

391 834 566 910 lextemplo
594 833 706 901 dicem,
744 833 794 908 qui
821 851 872 889 eos
900 832 981 890 abire
1012 831 1186 906 magistratu
1213 836 1329 906 coget.“
1385 830 1469 904 Quum

268 921 270 925 ,
420 940 548 998 omnium
571 955 691 996 assensu
713 939 905 1013 comprobate
924 937 1020 996 cretio
1041 945 1126 1006 esset,
1148 937 1368 1012 gauderentque
1378 946 1471 1011 putres,

419 1044 480 1101 sine
509 1043 668 1100 tribuniciae
695 1043 848 1118 potestatis
877 1041 1019 1099 terriculis
1046 1041 1195 1099 inventam
1223 1059 1288 1098 esse
1317 1041 1405 1098 elium
1423 1041 1471 1096 riu

390 1148 560 1209 8muiorem
591 1149 629 1204 ed
651 1148 826 1206 coercendos
853 1147 1057 1221 magistratus,
1091 1147 1161 1204 vieti
1188 1163 1332 1204 consensu
1358 1145 1470 1202 omniurn
1517 1168 1518 1199 1

419 1253 537 1312 comitis
557 1253 738 1310 tribunorum
760 1252 883 1310 militum
904 1253 1049 1322 habuere,
1080 1252 1131 1326 qui
1158 1251 1288 1309 celeudis
1309 1249 1472 1308 Octcbnlrus

419 1347 620 1434 magistratum
643 1357 821 1432 deciperent,
851 1375 941 1432 seque
962 1366 1030 1414 ente
1052 1375 1117 1414 eum
1139 1356 1216 1414 diem
1239 1355 1411 1430 magistratu
1430 1357 1472 1411 sb·

420 1463 563 1520 dicavere.
1339 1523 1363 1560 ι

323 1567 364 1636 10
504 1569 538 1625 L.
556 1567 675 1625 Valerio
690 1565 790 1624 Potito
813 1575 959 1640 quartum,
982 1567 1024 1626 Μ.
1040 1567 1131 1624 Furio
1153 1564 1280 1624 Camillo
1299 1566 1414 1634 iterum,
1431 1566 1472 1621 Μ’.

247 1655 543 1774 ἓ·ῑὲέ··ῗῧῗᾶ]ωἰ1ὶο
565 1671 745 1730 Mamercino
768 1670 902 1740 tertium,
931 1668 986 1729 On.
1011 1669 1149 1729 Cornelio
1170 1669 1266 1728 Cosso
1296 1671 1416 1739 iterum,
1440 1669 1471 1727 li.

330 1759 338 1776 ⁶
400 1762 515 1834 ‘Fabio
537 1777 694 1846 Ambusto,
717 1777 752 1832 L.
768 1776 844 1832 Iulio
859 1776 925 1833 Iulo
946 1777 1069 1833 uibunis
1090 1775 1213 1832 militum
1234 1775 1384 1832 consulari
1404 1785 1473 1849 pote

389 1878 495 1940 2stete
516 1882 608 1938 multe
628 1879 709 1937 domi
730 1879 897 1954 militiaeque
924 1889 1025 1955 geste3
1055 1900 1125 1938 nem
1151 1892 1181 1938 et
1198 1880 1307 1939 bellum
1337 1879 1473 1955 multiplex

419 1985 474 2044 fuit
495 1987 596 2043 eodem
618 1995 766 2061 tempore,
786 1985 824 2042 ed
845 1986 937 2043 Veios
959 1995 989 2043 et
1010 1987 1048 2043 sd
1069 1985 1220 2061 Capenam
1242 1994 1273 2042 et
1293 1986 1334 2042 ed
1354 1985 1472 2042 Falerios

388 2089 447 2147 3et
467 2091 497 2148 in
521 2092 649 2160 Volscis,
672 2102 705 2148 ut
726 2093 833 2148 Anxur
855 2092 893 2148 ub
917 2091 1049 2149 hostibus
1071 2098 1307 2166 recuperaretur,
1336 2099 1366 2146 et
1384 2092 1473 2148 Rome

418 2196 504 2254 simul
525 2197 652 2268 delectu,
680 2195 766 2254 simul
790 2197 899 2254 tributo
923 2195 1100 2254 conferendo
1120 2195 1285 2253 leborutum
1309 2204 1370 2266 est,
1397 2205 1426 2253 et
1445 2195 1473 2250 de

274 2327 286 2362 ι
418 2299 542 2358 tribunis
556 2299 633 2374 plebi
653 2301 825 2376 cooptandis
847 2301 994 2358 contentio
1014 2300 1079 2371 fuit,
1100 2309 1129 2358 et
1150 2302 1228 2358 houd
1240 2319 1366 2375 porrum
1376 2311 1472 2358 motum

419 2404 477 2462 duo
499 2405 606 2462 iudicis
627 2391 738 2476 eorum,
760 2406 810 2480 qui
831 2407 921 2481 peulo
943 2416 1011 2464 ente
1031 2406 1177 2463 consulari
1197 2415 1345 2481 potestate
1362 2405 1472 2469 luerem,

340 2509 347 2530 ²
420 2509 561 2568 excivere.

390 2618 407 2670 4
504 2613 641 2671 Omnium
669 2615 795 2692 primum
816 2615 940 2672 tribunis
964 2591 1087 2674 militum
1110 2615 1182 2685 fuit,
1210 2615 1354 2672 delectum
1375 2613 1472 2678 heberi

421 2736 474 2776 nec
496 2718 623 2775 iuniores
646 2719 734 2776 modo
756 2721 922 2795 conscripti,
943 2721 995 2778 sed
1018 2721 1147 2778 seniores
1161 2720 1357 2777 etiemcoecti
1370 2719 1473 2776 nomine

324 2901 336 2912 ,
391 2823 501 2894 idere,
522 2833 554 2880 ut
574 2824 654 2882 urbis
676 2825 838 2882 custodiam
861 2836 990 2901 egerent.
1035 2827 1184 2900 Quantum
1205 2834 1303 2882 eutem
1326 2826 1474 2899 rugetur

421 2928 541 2986 militum
569 2947 721 3000 uumerus,
752 2939 834 2988 lanto
864 2932 976 2988 meiere
1001 2933 1126 3008 pecunie
1151 2932 1182 2988 in
1210 2930 1384 3005 stipendium
1409 2943 1474 3003 opus

421 3043 493 3104 eret,
514 3052 607 3108 seque
621 3035 729 3092 tributo
744 3036 962 3106 conficiebatur,
984 3037 1083 3094 invitis
1098 3035 1323 3105 conferentibus,
1345 3035 1394 3110 qui
1406 3031 1473 3091 domi

420 3140 619 3210 remanebunt,
642 3141 711 3215 quie
732 3140 879 3198 tuentibus
901 3143 1003 3200 urbem
1026 3162 1117 3220 opere
1137 3159 1255 3216 quoque
1269 3140 1389 3198 militari
1403 3139 1472 3195 ubo

391 3245 543 3305 orandum
565 3246 808 3320 serviendumque
828 3247 872 3304 rei
892 3246 1016 3321 publicio
1033 3257 1106 3304 erat.
1152 3248 1233 3316 Haec,
1255 3265 1310 3321 per
1328 3263 1363 3302 se
1375 3243 1472 3319 gravis

420 3349 639 3426 indigniorem
664 3352 845 3422 viderentur,
875 3351 984 3408 tribuni
1009 3350 1103 3426 plebis
1132 3351 1278 3409 seditiosis
1304 3349 1472 3408 contionibus

421 3454 576 3525 faciebant,
598 3457 664 3514 ideo
686 3475 745 3514 aers
768 3457 907 3514 militibus
922 3457 1080 3514 constitute
1089 3475 1155 3514 esse
1168 3456 1328 3532 arguendo,
1351 3467 1383 3513 nt
1395 3452 1471 3530 plebis

393 3567 408 3620 7
421 3569 534 3634 purtem
546 3559 657 3630 militie,
679 3569 791 3636 purtem
807 3563 916 3620 tributo
930 3564 1113 3620 conficerent.
1146 3563 1244 3622 Unum
1261 3560 1369 3618 bellum
1381 3573 1471 3617 sunum

421 3663 480 3722 iem
510 3665 625 3722 tertium
654 3667 731 3722 trahi
759 3675 788 3723 et
817 3667 949 3724 consulto
972 3669 1049 3725 mele
1070 3668 1149 3743 geri,
1178 3676 1212 3724 nt
1237 3666 1347 3724 diutius
1376 3673 1471 3740 gerunt·

421 3772 457 3828 In
486 3780 625 3845 quattuor
654 3769 757 3828 deiude
785 3771 863 3828 belle
891 3791 950 3831 uno
979 3773 1091 3831 delectu
1118 3773 1262 3830 exereitus
1288 3772 1424 3847 scriptos,
1448 3777 1472 3822 et

392 3879 528 3951 8pueros
560 3893 677 3950 quoque
710 3893 745 3934 ec
775 3895 859 3934 sones
894 3887 1078 3937 extructos...
1106 3880 1171 3936 Iem
1203 3896 1262 3934 non
1293 3877 1402 3934 metetis
1429 3887 1472 3928 uec

421 3980 524 4038 hiemis
547 3980 701 4039 discrimen
720 4001 792 4051 esso,
812 4002 851 4040 ne
869 3983 929 4040 ulle
950 3985 1033 4058 quies
1054 4001 1183 4058 unquam
1205 3983 1318 4040 miserie
1337 3981 1413 4056 plebi
1430 3977 1471 4041 siu

391 4090 486 4160 9quae
507 4104 583 4144 nuuc
611 4086 698 4144 etium
723 4087 878 4168 ¹vectigalis
907 4089 946 4146 ud
973 4089 1107 4147 ultimum
1133 4088 1214 4146 lecte
1241 4090 1295 4159 sit,
1320 4097 1369 4157 ut,
1397 4099 1472 4160 quum

422 4190 555 4248 coniectu
575 4191 692 4261 labore,
713 4192 895 4264 vulneribus,
916 4203 1066 4268 postremo
1086 4203 1173 4252 estete
1193 4212 1320 4269 corpore
1338 4189 1471 4250 retulerint

421 4297 588 4371 inculteque
609 4298 707 4356 omniu
729 4297 839 4355 diutino
861 4297 1045 4356 dominorum
1066 4298 1211 4358 desiderio
1225 4298 1305 4356 domi
1316 4294 1470 4358 invenerint
