3392 5084
481 497 538 554 194
778 491 857 542 Liber
872 489 923 542 111.
954 489 999 555 (A.
1011 499 1079 545 a'c.
1091 496 1166 556 8⁰8.)

304 681 312 694 ‘
388 682 423 736 15
437 677 526 753 spreti
548 686 599 733 aut
620 695 678 732 non
700 675 809 752 sperati
833 675 962 733 honoris.
1005 676 1072 751 Ego
1095 685 1236 751 quantum
1255 677 1285 734 in
1312 685 1394 734 tanto
1414 676 1484 732 inter·

437 783 516 840 vallo
543 791 707 857 temporum
732 767 877 850 coniicio,
907 786 994 854 quum
1018 781 1140 838 Valerio
1167 790 1256 856 atque
1283 779 1408 838 Horatio
1432 798 1484 836 oon·

438 887 557 958 sulibue,
580 887 629 960 qui
652 893 757 962 praeter
777 885 905 943 Volscos
927 894 957 942 et
977 887 1095 960 AEqnos
1117 885 1220 944 Sabini
1241 885 1330 942 etiam
1350 885 1419 942 belli
1436 903 1485 958 per·

437 993 505 1050 fecti
527 992 650 1068 gloriam
672 999 863 1067 pepererant,
891 997 1015 1066 negatus
1045 993 1083 1049 ab
1111 1000 1215 1049 senatu
1236 991 1401 1066 triumphus
1421 1000 1486 1057 esset,
1520 1018 1521 1049 fi

438 1097 617 1154 verecundiae
643 1095 698 1153 fuit
727 1115 781 1172 pro
814 1104 900 1170 parte
931 1096 1052 1154 dimidia
1067 1116 1176 1154 rerum
1208 1096 1378 1154 consulibus
1408 1105 1487 1171 pelen

437 1202 629 1277 triumphum,
656 1220 707 1272 ne,
734 1201 847 1258 etiamsi
881 1201 1101 1277 impetrassent,
1129 1203 1223 1277 magis
1250 1202 1403 1260 hominum
1429 1201 1486 1258 ratio

434 1327 526 1382 quam
549 1307 718 1364 meritorum
739 1306 840 1363 habita
861 1307 1017 1369 videretur.

342 1412 379 1480 Ἡ
521 1411 685 1470 Victoriam
714 1412 867 1468 honestam
896 1431 934 1470 ex
962 1412 1095 1469 hostibus
1125 1421 1242 1488 partam
1263 1405 1351 1487 turpe
1372 1413 1448 1470 domi
1463 1412 1488 1467 de

407 1517 544 1588 2finibus
573 1516 719 1574 sociorum
750 1516 887 1574 iudicium
917 1517 1019 1593 populi
1048 1517 1230 1578 deformavit.
1277 1519 1395 1577 Aricini
1421 1527 1489 1591 atque

439 1624 585 1682 Ardeates
603 1623 639 1679 de
657 1622 794 1696 ambiguo
816 1641 890 1698 agro
912 1641 1000 1697 quum
1023 1640 1100 1698 saepe
1121 1624 1198 1706 bello
1220 1633 1392 1695 certassent,
1413 1623 1489 1681 multis
1520 1666 1521 1669 ,

438 1729 468 1786 in
494 1728 588 1786 vicem
617 1727 747 1785 cladibus
776 1725 846 1784 fessi
879 1728 1003 1809 iudicem
1029 1729 1169 1805 populum
1195 1732 1366 1788 Romanum
1398 1747 1488 1804 cepere.

408 1835 537 1909 3Quum
559 1835 598 1890 ad
618 1850 737 1890 causam
760 1833 903 1892 orandam
924 1834 1085 1906 venissent,
1106 1835 1229 1893 concilio
1250 1834 1355 1911 populi
1377 1854 1398 1892 a
1417 1833 1490 1908 magi·
1520 1890 1522 1899 ,

377 1913 383 1922 ἱ
439 1942 577 1998 stratibus
589 1928 798 2014 dato,‘magna
810 1938 993 1996 contentione
1004 1948 1112 1998 actum.
1146 1939 1269 2014 Iamque
1280 1940 1368 1996 editis
1380 1939 1492 2007 testibus,
1520 1976 1522 1981 -

440 2066 528 2122 quum
560 2045 652 2103 tribus
680 2046 782 2103 vocari
812 2053 841 2102 et
873 2045 1012 2119 populum
1042 2044 1117 2102 inire
1145 2043 1318 2120 suffragium
1351 2053 1491 2121 oporteret

365 2186 379 2212 .·
439 2152 588 2226 consurgit
608 2153 644 2210 P.
661 2150 802 2226 Scaptius
826 2149 863 2206 de
889 2150 990 2223 plebe,
1021 2169 1129 2224 magno
1159 2160 1247 2221 natu,
1277 2159 1307 2208 et
1338 2151 1396 2220 „Si
1423 2149 1490 2206 lieet*

367 2249 369 2256 ¹
437 2257 541 2331 inquit,
565 2256 725 2326 „consules
748 2255 784 2312 de
805 2273 837 2312 re
858 2251 976 2330 publica
999 2255 1105 2326 dicere,
1126 2275 1224 2314 errare
1246 2274 1301 2332 ego
1324 2255 1492 2332 populumin
1520 2291 1522 2323 ;

409 2357 495 2420 Aliso
519 2369 608 2419 causa
629 2380 689 2418 non
710 2360 836 2436 patiar“.
886 2360 984 2433 Quum
1005 2371 1038 2418 ut
1059 2381 1166 2421 vanum
1189 2383 1255 2420 eum
1276 2370 1423 2435 negarent
1440 2377 1492 2417 con·

439 2468 516 2526 sules
540 2467 714 2524 audiendum
738 2483 801 2523 esse
822 2464 1098 2541 vociferantemque,
1119 2468 1205 2543 prodi
1219 2467 1366 2542 publicam
1383 2485 1491 2531 causam

408 2573 616 2630 bsummoveri
647 2572 812 2642 iussissent,
848 2571 980 2628 tribunos
1013 2573 1152 2647 appellat.
1206 2573 1345 2643 Tribuni,
1384 2583 1417 2632 nt
1445 2574 1492 2630 iere

439 2695 554 2751 semper
583 2685 722 2752 reguntur
751 2695 770 2732 a
797 2675 980 2732 multitudine
1009 2677 1103 2752 magis
1133 2697 1221 2752 qnam
1252 2688 1373 2752 regunt,
1406 2680 1492 2736 dedere

409 2781 552 2856 bcupidae
574 2781 709 2839 audiendi
729 2781 823 2856 plebi,
851 2789 900 2852 ut,
923 2799 988 2855 qnae
1008 2782 1113 2853 vellet,
1136 2782 1272 2858 Scaptius
1296 2784 1415 2846 diceret.
1459 2783 1493 2840 lbi
1520 2833 1522 2851 2

437 2887 509 2958 infit,
532 2905 639 2944 annum
660 2906 692 2952 se
713 2887 830 2944 tertium
853 2894 882 2944 et
906 2888 1116 2962 octogesimum
1139 2906 1241 2963 agere,
1265 2889 1347 2946 etin
1368 2909 1407 2947 eo
1427 2907 1494 2965 agro.
1520 2926 1522 2958 ,

438 2993 475 3049 de
499 3009 556 3067 quo
579 2991 683 3067 agitur,
705 2990 854 3064 militasse,
876 3011 935 3049 non
955 2991 1100 3064 iuvenem,
1120 2993 1260 3070 vicesima
1280 2994 1341 3052 iam
1363 2995 1494 3072 stipendis

437 3107 609 3168 merentem,
632 3114 721 3172 quum
743 3095 781 3152 ad
807 3095 942 3155 Coriolos
964 3099 1001 3155 sit
1022 3099 1170 3156 bellatum.
1219 3100 1264 3157 Eo
1287 3120 1350 3158 rem
1363 3121 1406 3170 ¹se
1427 3109 1494 3158 vetn—

408 3199 513 3260 7state
526 3201 731 3272 oblitteratam,
745 3211 871 3260 ceterum
887 3222 947 3260 suae
962 3205 1109 3262 memoriae
1122 3205 1243 3263 mam
1255 3204 1371 3280 afferre,
1395 3226 1494 3283 agrum,

438 3309 475 3366 de
486 3325 544 3382 quo
560 3305 725 3380 ambigitur,
740 3308 840 3366 finium
854 3308 1077 3368 Coriolanorum
1091 3310 1190 3382 fuisse,
1213 3311 1367 3388 captisque
1382 3312 1494 3372 Coriolis

437 3411 500 3469 iure
520 3412 589 3470 belli
609 3412 756 3487 publicum
779 3413 881 3489 populi
892 3415 1020 3473 Romani
1033 3413 1153 3477 factum.
1194 3417 1301 3474 Mirari
1315 3436 1357 3490 se,
1380 3435 1493 3493 quonam

438 3537 489 3576 ore
510 3519 657 3575 Ardeates
678 3499 859 3593 Ariciniqne,
881 3519 961 3576 cuius
983 3520 1048 3599 agri
1067 3521 1113 3578 ius
1133 3540 1283 3597 nunquam
1302 3522 1494 3599 usurpaverint

437 3621 575 3680 incolumi
596 3620 756 3682 Coriolana
778 3643 828 3695 re,
856 3643 923 3682 eum
943 3644 976 3683 se
998 3644 1017 3682 a
1036 3596 1146 3703 ptipnlo
1168 3630 1322 3700 Romano,
1344 3648 1430 3704 quem
1450 3643 1493 3702 pro

408 3727 558 3785 8domino
581 3728 705 3786 iudicem
728 3728 858 3802 fecerint,
878 3729 1088 3806 intercepturos
1108 3741 1235 3807 sperent.
1284 3732 1349 3791 Sibi
1370 3733 1492 3808 exignum

439 3831 506 3888 vitae
534 3839 647 3909 tempus
677 3852 843 3909 superesse3
883 3854 943 3892 nou
972 3836 1102 3910 potuisse
1129 3855 1161 3894 se
1189 3848 1289 3896 tamen
1313 3837 1494 3897 inducerein

439 3935 576 4007 animum,
601 3938 679 4011 quin,
704 3957 789 4012 quem
802 3956 905 4014 agrum
920 3940 1002 3998 miles
1016 3960 1070 4017 pro
1081 3951 1165 4018 parte
1178 3944 1256 4001 virili
1270 3963 1359 4001 mann
1374 3937 1494 4020 cepisset

440 4060 505 4098 eum
527 4061 616 4100 senex
638 4027 762 4116 quoqne*
775 4061 857 4115 voce,
880 4064 939 4120 qua
958 4065 1017 4104 una
1037 4057 1146 4124 posset,
1166 4050 1336 4110 vindicaret.
1379 4052 1493 4124 Magno·

439 4165 508 4221 pere
529 4165 560 4204 se
584 4147 706 4206 suadere
727 4149 856 4224 populo,
884 4169 922 4206 ne
942 4151 1035 4208 inutili
1058 4154 1172 4228 pudore
1194 4172 1278 4212 suam
1300 4156 1364 4230 ipse
1384 4171 1492 4212 causam

342 4243 385 4313 72
440 4252 599 4308 damnaret.
644 4251 785 4310 Consules
808 4273 897 4328 quum
920 4255 1070 4332 Scaptium
1092 4277 1151 4315 non
1178 4259 1292 4349 silentio
1319 4262 1423 4331 modo,
1448 4257 1494 4316 sed
1520 4242 1522 4319 l
