3392 5084
528 534 607 583 Liuor
623 533 661 586 11.
710 535 755 598 (A.
776 535 824 586 cu.
844 535 918 600 soa.)
1173 539 1210 594 73

283 714 396 774 Obsidio
418 725 483 773 erat
503 717 593 773 nihilo
614 717 710 774 minus
731 727 760 775 et
780 717 918 776 frumenti
949 737 1015 776 cum
1042 739 1156 776 summa
1179 721 1252 778 cari·
1307 717 1350 784 12

217 829 263 875 tata
281 821 390 895 iuopia,
424 823 611 895 sedendoque
632 833 863 898 expugnaturum
893 843 925 881 se
952 825 1051 884 urbam
1075 843 1154 900 spem
1178 827 1253 882 Por·

218 925 282 980 sinna
298 926 430 995 habebat,
453 946 541 1001 quum
566 925 599 984 C.
619 927 742 996 Mucius,
766 928 934 988 adolescens
956 932 1069 996 nobilis,
1091 931 1138 988 cui
1157 931 1282 1005 nug-2

216 1031 435 1103 mundabatur,
457 1034 596 1108 populum
608 1033 773 1088 Romanuin
788 1036 970 1105 servientem,
993 1053 1080 1110 quum
1103 1035 1157 1092 sub
1178 1035 1253 1110 regi·

215 1137 254 1190 bus
272 1145 348 1205 asset,
370 1137 451 1194 nullo
470 1139 547 1196 bello
568 1158 622 1197 neo
645 1141 683 1198 ab
694 1141 827 1198 hostibus
842 1141 907 1198 ullis
923 1143 1071 1198 obsessum
1088 1159 1159 1212 esse,
1181 1141 1253 1198 libe-

213 1258 261 1295 rum
289 1242 409 1298 eundem
440 1245 581 1319 populum
614 1247 652 1302 ab
684 1246 785 1303 iisdem
813 1245 944 1303 Etruscis
972 1246 1107 1314 obsideri,
1129 1264 1252 1320 quot-um

214 1361 273 1419 sape
298 1347 439 1404 exercitus
465 1347 593 1420 fuderit,
624 1384 660 1394 —
694 1351 794 1425 itaque
824 1369 931 1426 magno
959 1351 1120 1426 audacique
1154 1351 1283 1425 aliquod

211 1449 318 1508 faemore
331 1471 396 1510 eam
412 1453 613 1529 indignitatem
628 1455 831 1513 vindicandam
846 1465 937 1526 ratus,
959 1456 1053 1530 primo
1075 1473 1129 1512 sua
1149 1472 1203 1528 spo
1300 1469 1310 1526 ζ
1340 1487 1354 1500 κ
1373 1513 1391 1532 ,λ

209 1567 340 1630 penetrare
360 1559 391 1615 in
414 1560 540 1616 hostium
569 1570 666 1618 eastra
687 1562 848 1631 constituit;
878 1561 944 1618 dein
966 1571 1111 1629 metuens,
1142 1579 1178 1618 ne
1213 1549 1283 1650 {sil
1332 1569 1335 1574 '

208 1975 293 2048 inquit,
314 1987 439 2054 „patrea
461 1989 489 2036 et
509 1983 628 2052 intrare,
649 1981 673 2039 si
687 1984 807 2056 possim,
828 1993 926 2040 castra
945 1983 1072 2039 hostium
1093 1981 1172 2050 volo,
1193 1999 1252 2038 non

208 2083 291 2153 prado
318 2103 371 2140 nec
402 2086 624 2160 populationum
646 2087 676 2143 in
697 2089 790 2144 vicem
805 2087 898 2157 ultor;
920 2088 1024 2156 maius,
1046 2087 1070 2142 si
1087 2086 1127 2143 dii
1141 2086 1251 2154 iuvant,

208 2185 231 2240 in
251 2188 337 2244 auimo
356 2201 402 2247 est
420 2190 564 2248 facinw.
606 2195 784 2268 Approbant
797 2203 913 2268 patres3
937 2193 1036 2249 abdito
1050 2191 1127 2247 iutra
1141 2199 1250 2247 vestem

207 2288 273 2346 leno
293 2295 490 2367 proficiscitur.
534 2298 594 2357 Ubi
609 2317 644 2354 eo
658 2299 747 2369 venit,
767 2300 798 2354 iu
819 2296 1031 2354 confertissima
1053 2296 1139 2352 turba
1159 2300 1283 2371 propeb

208 2397 302 2470 regium
322 2400 448 2458 tribunal
470 2403 606 2460 constitit..
649 2404 696 2460 lbi
710 2422 798 2478 quum
820 2403 993 2478 stipendium
1017 2400 1155 2458 militibus
1176 2399 1279 2458 forte?

209 2500 340 2574 daretur,x
357 2516 387 2562 et
407 2507 505 2563 scriba
534 2526 599 2564 eum
621 2527 690 2583 rege
711 2509 814 2566 sedens
843 2509 910 2582 pari
937 2506 999 2565 fera
1031 2515 1135 2563 ornatu
1159 2506 1251 2562 multa

209 2617 300 2680 ageret,
320 2629 383 2666 eum
408 2611 513 2668 milites
533 2613 623 2688 vulgo
644 2614 766 2682 adirent,
790 2613 894 2670 timens
916 2613 1070 2682 sciscitari,
1092 2620 1156 2668 uter
1176 2613 1251 2669 Por-

209 2710 277 2770 sinna
304 2726 391 2784 esset,
419 2736 457 2774 ne
488 2718 651 2792 ignorando
683 2736 782 2792 regem
803 2715 979 2793 semetipse
1009 2717 1151 2792 apetiret,
1187 2717 1251 2791 quis

209 2827 277 2887 esset,
298 2838 353 2894 quo
373 2830 483 2879 temere
504 2824 594 2879 traxit
608 2822 862 2892 fortunatianum,
884 2824 1009 2881 scribam
1031 2841 1085 2897 pro
1107 2841 1176 2896 rega
1198 2823 1250 2878 ob·

209 2930 314 2982 truncat.
355 2927 520 2984 Vadeutem
541 2929 624 2996 inde,
660 2946 720 3001 qua
746 2946 800 3002 per
828 2929 972 3004 trepidam
992 2930 1108 2984 turbam
1132 2929 1282 2985 cruent08

209 3045 327 3088 mucrone
347 3033 402 3088 sibi
424 3032 488 3106 ipse
509 3032 618 3090 fecerat
639 3034 727 3102 viam,
750 3052 849 3108 quum,
871 3019 1012 3091 concursu
1036 3034 1073 3091 ad
1094 3033 1250 3089 clamorem

210 3130 280 3205 fato,
301 3139 540 3212 comprehensum
560 3138 633 3212 regii
660 3138 798 3195 satellites
818 3139 1017 3213 retraxissent,
1040 3148 1107 3196 ante
1125 3137 1251 3194 tribuual

208 3239 269 3311 regis
287 3243 455 3312 destitutus,
482 3251 544 3298 tum
577 3260 694 3317 quoque
714 3244 789 3300 inter
810 3251 906 3299 tantas
928 3242 1052 3299 fortuna
1074 3242 1166 3299 minas
1188 3259 1250 3296 mo-

209 3345 310 3402 tuendus
330 3346 425 3420 magis
445 3362 532 3421 quam
548 3357 688 3418 metuens,
712 3349 881 3416 „Romanus
924 3351 1006 3405 sum“
1029 3347 1123 3421 inquit
1147 3345 1281 3413 „civis3tl

209 3442 234 3500 C·
261 3451 384 3508 Mucium
410 3462 526 3510 vocant
566 3453 670 3510 Hostis
697 3454 809 3510 bostem
839 3453 971 3510 occidere
1003 3452 1101 3520 volui,
1136 3469 1190 3508 neo
1212 3451 1250 3507 ad

210 3565 310 3614 nortem
331 3560 426 3615 miuus
448 3559 537 3615 animi
558 3568 620 3629 est,
654 3578 743 3634 quam
762 3558 818 3616 luit
841 3560 879 3616 ad
909 3557 1032 3624 caedem3
1056 3565 1083 3612 et
1104 3553 1201 3611 facere
1222 3563 1252 3611 et

209 3659 257 3726 pati
279 3661 365 3720 fortia
390 3665 557 3721 Romanum
583 3673 636 3721 est.
687 3665 753 3722 Neo
781 3681 856 3721 unus
883 3663 914 3719 in
936 3671 965 3718 te
986 3681 1041 3738 ego
1061 3663 1116 3718 hos
1138 3660 1250 3717 animus
1267 3667 1303 3718 lb

212 3764 284 3834 getth
308 3766 412 3842 longus
433 3777 501 3843 post
521 3787 569 3826 me
589 3770 663 3826 ordo
685 3776 729 3826 est
753 3769 830 3825 idem
852 3767 1011 3842 petentium
1032 3767 1128 3824 decus.
1174 3768 1250 3823 Pro·

212 3863 264 3924 inde
279 3871 306 3928 in
323 3875 380 3930 hoc
402 3871 565 3944 discrimen,
587 3874 612 3930 si
640 3874 738 3942 iuvat,
760 3874 920 3947 accingere,
942 3881 974 3928 ut
994 3873 1023 3928 in
1046 3873 1175 3946 singulas
1196 3872 1250 3928 ho·

212 3986 249 4028 ttt
264 3978 351 4052 capite
371 3977 491 4035 dimices
510 3989 577 4049 tuo,
597 3977 706 4035 ferrum
727 3980 900 4052 hostemque
920 3977 949 4034 iu
972 3976 1115 4034 vestibulo
1139 3978 1249 4033 habeas

214 4076 286 4148 regist·
333 4084 402 4140 Hoc
422 4084 477 4140 tibi
504 4085 639 4141 iuventus
659 4085 796 4142 Romana
827 4083 980 4140 indicimus
1011 4081 1128 4138 bellum.
1176 4079 1250 4136 Nul-
1269 4083 1299 4135 tt

214 4173 258 4236 hm
276 4187 370 4260 aciem
390 4188 502 4246 nullum
521 4191 665 4265 proelium
686 4189 829 4258 timueris3
850 4188 901 4245 uni
920 4187 973 4244 tibi
995 4195 1023 4244 et
1044 4205 1108 4242 eum
1132 4183 1251 4259 singulis

215 4297 250 4338 Μ
266 4290 340 4353 ertu.
387 4292 486 4368 Quum
506 4313 560 4352 rex
580 4295 668 4353 simul
687 4295 733 4351 ira
752 4295 890 4376 incensus
906 4291 1092 4368 periculoque
1113 4288 1302 4346 contami-12
