3392 5084
705 531 783 581 Liber
800 531 821 580 1.
1211 538 1247 593 41

198 716 277 773 inde
290 716 339 772 ad
350 724 448 773 tantae
460 717 504 775 rai
514 717 684 775 miraculum
696 725 771 783 orto,
793 717 904 775 exeitos
915 734 1008 793 reges,
1027 728 1057 775 et
1069 736 1156 794 quum
1175 719 1292 793 quidam

199 820 416 879 familiarium
430 840 538 896 aquam
553 824 592 881 ad
602 824 836 899 restinguendum
848 822 946 895 ferret7
971 824 1009 881 ab
1027 824 1127 899 regina
1141 833 1293 897 retentum,

199 928 390 1003 sedatoque
423 946 488 986 eam
518 928 641 985 tumultu
666 929 777 987 moveri
801 929 928 987 vetuisse
956 948 1093 1005 puerum,
1123 930 1215 988 donee
1239 949 1292 989 sua

198 1044 321 1109 sponte
346 1009 542 1111 experredtns
564 1044 652 1105 esset;
676 1055 745 1093 mox
759 1054 824 1094 oum
843 1053 947 1093 somno
969 1044 998 1092 et
1018 1036 1164 1093 flammam
1188 1037 1292 1095 abisse.

200 1143 288 1198 Tum
322 1142 464 1200 abduoto
492 1142 524 1199 in
545 1150 685 1199 secretum
706 1141 772 1198 viro
793 1140 940 1215 Tanaquil
964 1141 1086 1210 „Viden'
1115 1150 1145 1199 tu
1171 1142 1322 1219 puemm3

200 1249 309 1303 hunc“
338 1246 451 1322 inquit,
475 1266 581 1323 „quem
602 1257 662 1305 tam
685 1246 788 1305 humili
807 1246 884 1304 cultu
906 1247 1080 1306 educamus?
1123 1248 1205 1308 Scire
1227 1249 1293 1308 lieet

199 1354 289 1410 huno
321 1352 434 1410 lumen
463 1355 610 1427 quondam
641 1354 728 1411 rebus
757 1352 866 1410 nostris
897 1352 992 1411 dubiis
1026 1352 1154 1413 futurum
1194 1357 1293 1431 presi-

199 1461 364 1534 diumqne
394 1460 485 1535 regia
515 1460 646 1531 afflietae3
689 1459 811 1535 proinde
844 1460 995 1518 materiam
1031 1460 1154 1536 ingentis
1180 1461 1294 1537 publioe

199 1566 426 1641 privatimque
465 1566 577 1623 decoris
626 1566 705 1623 omni
739 1564 919 1640 indulgentia
957 1574 1058 1626 nostra
1100 1568 1291 1627 nutriamus.“

199 1672 286 1729 Inde
314 1691 451 1747 puerum
472 1672 594 1729 liberum
619 1671 685 1729 loeo
707 1680 840 1747 coeptum
864 1672 966 1730 haberi
989 1673 1152 1748 erudirique
1174 1674 1323 1745 tumibunt

200 1779 325 1853 quibus
350 1778 474 1853 ingenia
494 1778 533 1834 ad
554 1794 667 1853 magna
691 1776 815 1836 fortunae
839 1778 946 1837 cultum
974 1779 1144 1840 excitantur.
1187 1779 1294 1838 Evenit

199 1884 313 1955 facile,
347 1886 435 1959 quod
456 1884 511 1941 diis
531 1884 613 1941 cordi
630 1892 682 1946 est.
725 1885 843 1943 Iuvenis
868 1885 961 1943 evasit
981 1904 1050 1943 vere
1071 1885 1177 1943 indolis
1197 1885 1292 1961 regia,
1314 1884 1317 1887 ’

201 2010 283 2060 nee,
326 2009 427 2065 quum
450 1999 626 2065 quareretur
656 2010 746 2066 gener
766 1991 945 2067 Tarquinio,
978 1992 1131 2067 quisquam
1153 1992 1293 2049 &manaa

202 2096 385 2155 iuventutis
409 2096 474 2153 nlla
505 2105 568 2153 arte
594 2095 721 2154 conferri
749 2098 859 2173 potuit,
895 2098 1043 2173 filiamque
1069 2098 1096 2155 ei
1125 2116 1206 2155 suam
1240 2118 1293 2157 rex

203 2202 393 2279 despondit.
437 2202 495 2259 Hie
516 2220 688 2278 quacunque
709 2204 745 2260 de
766 2222 856 2261 causa
876 2212 973 2261 tantus
997 2204 1039 2261 illi
1062 2204 1155 2261 honos
1176 2205 1323 2263 habitnst

202 2309 346 2366 eredere
357 2307 505 2382 prohibet,
526 2326 612 2366 serva
631 2316 732 2367 natum
754 2303 818 2367 euni
842 2328 1024 2386 parvumque
1045 2309 1138 2384 ipsum
1161 2310 1292 2367 servisse.

205 2416 334 2472 Eorum
361 2414 459 2489 magis
477 2415 625 2472 sententia
643 2433 716 2486 snm,
738 2416 797 2491 qni,
819 2414 973 2474 Candaule
995 2425 1091 2490 capto,
1114 2414 1177 2476 Ser.
1195 2415 1293 2487 Tullii,

206 2523 265 2597 qni
288 2521 438 2597 princeps
458 2520 488 2576 in
509 2520 561 2576 illo
581 2522 652 2597 urbe
672 2520 777 2592 fuerat,
798 2522 950 2597 gravidam
974 2522 1037 2579 viro
1053 2522 1149 2581 oooiso
1162 2541 1293 2594 uxorem,

207 2646 311 2701 qnnm
335 2626 419 2682 inter
438 2626 565 2701 reliquas
587 2628 717 2702 captivas
739 2628 856 2703 cognita
877 2636 961 2699 esset,
994 2629 1032 2685 ob
1055 2627 1168 2685 unicam
1190 2626 1292 2684 nobili·

207 2743 312 2790 tatem
348 2732 389 2789 ab
416 2732 518 2805 regina
538 2733 674 2789 Romana
703 2733 879 2810 prohibitam
909 2732 1005 2791 ferunt
1031 2732 1148 2791 servitio
1178 2740 1292 2817 partum

209 2842 328 2897 Romae
361 2837 487 2893 edidisse
513 2838 608 2895 Prisci
635 2838 789 2913 Tarquinii
816 2840 921 2908 dom03
950 2838 1016 2895 inde
1044 2847 1126 2895 tanto
1155 2836 1323 2895 benefieioss

209 2957 243 3002 et
279 2945 367 3001 inter
401 2944 536 3001 mulieres
567 2943 794 3002 familiaritatem
821 2955 935 3002 anetam
974 2954 1002 3001 et
1032 2962 1170 3021 puerum,
1204 2952 1236 3000 ut
1263 2943 1293 2998 in

209 3052 313 3107 domo
338 3068 361 3105 a
381 3067 475 3123 parvo
499 3050 643 3120 eductum,
668 3048 699 3105 in
720 3050 841 3107 caritate
862 3060 949 3126 atque
970 3052 1080 3107 honore
1101 3049 1205 3119 fuisse;
1233 3047 1294 3106 for·

212 3167 327 3213 tunam
353 3155 471 3225 manis,
504 3156 581 3228 qnod
603 3163 690 3229 capta
714 3155 811 3230 patria
835 3156 865 3212 in
894 3157 1018 3214 hostium
1047 3173 1149 3213 manus
1174 3154 1293 3224 venerit,

214 3275 250 3320 ut
273 3280 371 3319 serva
390 3268 477 3317 natus
501 3261 674 3330 crederetur,
698 3258 810 3317 fecisse.

308 3366 646 3440 Duodequadragesimo
668 3363 866 3439 formosum,
888 3388 925 3426 ex
948 3386 1005 3444 quo
1020 3384 1143 3443 regnare
1158 3373 1294 3439 coeperat
1343 3361 1387 3428 40

216 3471 419 3546 Tarquinius,
440 3489 499 3527 non
521 3471 599 3546 apud
617 3489 714 3547 regem
730 3472 827 3543 modo,
849 3474 902 3530 sed
918 3474 996 3549 apud
1012 3482 1110 3549 patres
1123 3472 1294 3546 plebemque

217 3580 315 3653 longe
338 3577 467 3634 maximo
488 3578 600 3634 honore
621 3576 686 3635 Ser.
708 3578 821 3635 Tullius
848 3588 920 3637 erat.
967 3581 1044 3638 Tum
1066 3577 1144 3637 Anci
1164 3578 1215 3635 filii
1236 3574 1323 3635 duel

221 3684 279 3741 etsi
302 3692 396 3740 antea
416 3701 533 3757 semper
552 3701 607 3758 pro
628 3682 827 3758 indignissimo
848 3685 1020 3756 habuerant,
1042 3702 1076 3741 se
1095 3684 1189 3759 patrio
1204 3702 1293 3759 regno

223 3788 334 3845 tutoris
361 3788 465 3845 fiaude
494 3788 609 3864 pulsos,
650 3807 773 3863 regnare
800 3792 903 3849 Romae
935 3791 1078 3847 advenam
1113 3808 1171 3846 non
1207 3789 1294 3846 modo

223 3896 333 3951 vicinae
354 3895 407 3950 sed
426 3914 464 3951 ne
485 3894 596 3952 Italica
616 3894 732 3969 quidem
754 3895 860 3971 stirpis,
888 3903 947 3951 tum
966 3895 1122 3971 impensius
1148 3895 1183 3952 iis
1201 3894 1294 3970 indig-

225 3999 305 4056 nitas
324 4018 468 4070 oreseere,
498 3999 523 4056 si
544 4020 582 4057 ne
605 4002 642 4059 ab
664 4001 826 4076 Tarquinio
849 4001 964 4076 quidem
989 4002 1028 4058 ad
1049 4020 1080 4059 se
1099 4001 1207 4058 rediret
1229 4018 1293 4075 reg-

225 4126 310 4175 num,
332 4107 384 4163 sed
404 4123 535 4182 praeceps
554 4105 624 4163 inde
643 4125 732 4181 porro
753 4108 791 4164 ad
809 4106 927 4163 servitia
949 4108 1074 4179 caderet,
1096 4107 1174 4164 utin
1192 4106 1324 4163 eadems

228 4212 349 4269 civitate
369 4221 438 4287 post
457 4213 643 4269 centesimum
665 4211 727 4270 fere
747 4232 864 4284 annum,
887 4212 966 4286 quod
979 4212 1131 4283 Romulus,
1153 4212 1207 4267 deo
1226 4228 1294 4284 pro-

230 4327 348 4393 gnatus,
376 4318 449 4374 deus
469 4318 542 4393 ipse,
571 4318 696 4377 tennerit
715 4336 845 4392 regnum,
872 4318 964 4375 donee
984 4318 1013 4373 in
1034 4318 1118 4375 terris
1139 4316 1235 4385 suerit,
1263 4316 1295 4373 id
