3392 5084
476 507 537 568 2¹26
791 508 870 558 Liuor
888 507 936 557 lv,
972 499 1056 570 (Δζιι.
1069 523 1091 562 e.
1110 507 1180 570 sas.)

402 695 479 749 leat
505 700 666 767 arreptum.
720 691 824 751 Maesta
856 691 961 751 civitas
988 690 1044 749 luit
1064 692 1140 750 vinci
1170 692 1299 761 insueta3
1328 693 1431 750 odisse
1455 693 1501 749 tri-

434 796 543 867 bunos,
573 813 696 872 poscere
725 797 911 855 diotatorem':
943 797 974 853 in
1002 815 1038 854 eo
1067 797 1143 856 verti
1172 816 1240 874 spes
1270 798 1412 857 civitatis.
1468 798 1503 854 lit

434 919 522 976 quum
544 902 586 959 ibi
606 919 722 977 quoqne
743 902 846 978 religio
869 903 1014 974 obstaret,
1035 919 1073 960 ne
1093 921 1152 960 non
1174 901 1355 978 posset-nisi
1379 903 1420 959 ab
1441 920 1502 959 con·

434 1006 495 1064 sule
517 1005 573 1064 diei
595 1005 734 1079 dictator,
764 1025 889 1084 augures
917 1007 1042 1066 consulti
1063 1027 1129 1066 eam
1157 1009 1328 1085 religionem
1363 1027 1501 1066 exemere.

403 1113 472 1170 5Α.
494 1108 646 1169 Cornelius
668 1111 840 1170 dictatorem
861 1115 954 1172 Mam.
982 1113 1136 1172 AEmilinm
1158 1114 1233 1171 dixit
1255 1122 1286 1171 et
1316 1113 1385 1188 ipse
1416 1113 1454 1170 ab
1471 1131 1501 1168 eo

432 1216 572 1292 magister
594 1217 721 1292 equitum
744 1226 789 1275 eet
809 1217 918 1290 dictus;
940 1219 1025 1289 adeo,
1047 1218 1134 1276 simul
1154 1217 1273 1276 fortuna
1297 1219 1430 1277 civitatis
1450 1218 1500 1274 vir

432 1331 494 1380 tute
515 1341 587 1380 vera
611 1319 698 1398 egnit,
720 1322 791 1380 nihil
812 1321 944 1381 censoria
959 1323 1175 1380 animadversio
1197 1323 1305 1395 offecit,
1328 1343 1391 1400 quo
1415 1324 1501 1380 minus

431 1413 561 1503 regimen
583 1445 680 1485 rerum
706 1447 743 1486 ex
765 1437 869 1486 notata
889 1427 1007 1502 indigne
1028 1428 1117 1484 domo
1138 1437 1295 1503 peteretur.

402 1535 419 1590 6
492 1509 495 1516 Ι
515 1532 654 1589 Veientes
677 1551 710 1588 re
731 1533 861 1590 secunde
880 1533 959 1603 elati,
981 1532 1076 1590 missis
1100 1534 1209 1592 circum
1230 1534 1360 1593 Etrurine
1381 1535 1501 1610 populos

431 1637 551 1713 legatis,
571 1637 707 1694 iactando
731 1644 789 1693 tres
810 1637 900 1696 duces
920 1639 1073 1696 Romanos
1094 1639 1134 1696 ab
1154 1657 1186 1696 se
1207 1657 1265 1696 nno
1288 1640 1395 1716 proelio
1417 1640 1500 1699 lusos

433 1761 521 1816 quum
559 1752 657 1798 tamen
691 1742 800 1800 nullam
837 1744 946 1819 publici
982 1742 1095 1800 consilii
1131 1743 1301 1802 societatem
1337 1747 1500 1811 movissent,

402 1846 612 1905 ivolentes-ios
635 1847 762 1924 undique
785 1850 822 1906 ad
852 1867 933 1925 spem
957 1847 1063 1924 praedae
1090 1849 1285 1908 adsciverunt.
1332 1851 1408 1914 Uni·
1421 1851 1500 1908 Fide

430 1953 542 2010 natium
564 1953 673 2029 populo
702 1953 844 2012 rebellare
872 1954 996 2030 placuit3
1026 1961 1055 2011 et
1077 1962 1218 2028 tanquam
1241 1955 1297 2012 nisi
1327 1958 1368 2015 eb
1398 1957 1500 2015 scelere

428 2059 538 2140 bellum
562 2059 652 2117 ordiri
672 2058 756 2117 nefas
777 2067 863 2130 esset,
883 2061 959 2118 sicut
979 2061 1141 2135 legatourm
1164 2066 1241 2130 aute,
1262 2060 1307 2117 ita
1328 2069 1391 2118 tum
1413 2081 1499 2120 novo
1527 2116 1528 2123 ,

430 2185 495 2224 rum
517 2166 686 2224 colonorum
709 2165 787 2222 ooede
808 2165 926 2224 imbutis
945 2165 1048 2235 armis,
1080 2164 1254 2222 Veientibus
1284 2183 1353 2224 sese
1383 2169 1497 2226 coniun-

400 2273 418 2330 8
430 2281 512 2349 gunt.
560 2269 734 2330 Consultare
762 2271 830 2328 inde
857 2270 1002 2346 principes
1035 2269 1159 2327 duorum
1190 2270 1387 2346 populorum,
1415 2273 1499 2329 Veios
1527 2302 1528 2327 ;

431 2397 469 2436 an
483 2359 729 2436 Fidenas'sedem
750 2377 817 2434 belli
838 2384 983 2452 caperent.
1027 2376 1146 2433 Fidenae
1166 2376 1237 2432 visae
1259 2379 1497 2452 opportuniores;
1527 2412 1529 2443 ,

427 2485 528 2559 itaque
553 2482 675 2539 traiecto
704 2482 804 2540 Tiberi
826 2482 964 2540 Veientes
991 2480 1119 2538 Fidenas
1145 2475 1359 2539 transtulerunt
1379 2483 1492 2538 bellum.

397 2589 530 2648 9Romee
551 2595 646 2644 terror
674 2587 775 2663 ingens
805 2596 878 2644 erat.
931 2586 1036 2644 Accito
1066 2586 1196 2644 exercitu
1228 2606 1247 2643 a
1278 2588 1380 2661 Veiis,
1410 2605 1497 2661 eoque

425 2694 491 2768 ipso
513 2693 551 2750 ab
572 2711 605 2749 re
627 2692 702 2749 male
723 2701 806 2768 gesta
827 2692 977 2768 perculso,
1006 2697 1103 2749 eastra
1131 2691 1269 2768 locantur
1292 2701 1364 2749 anta
1386 2701 1494 2767 portam

427 2796 586 2868 Collinam,
618 2806 646 2854 et
673 2797 704 2853 in
732 2798 823 2854 muris
852 2798 958 2855 armati
985 2797 1134 2872 dispositi,
1163 2807 1193 2856 et
1215 2797 1358 2855 iustitium
1384 2797 1415 2853 in
1437 2796 1495 2852 foro

432 2903 618 2976 tabernaeque
640 2902 760 2974 clausae,
788 2905 919 2978 fiuntque
940 2903 1038 2960 omnia
1060 2902 1163 2959 castris
1184 2921 1274 2977 quam
1296 2903 1364 2959 urbi
1384 2902 1495 2959 similio

331 3004 376 3074 32
426 3026 473 3064 ra:
506 3026 594 3081 quum
621 3007 764 3084 trepidam
792 3009 939 3067 civitatem
966 3006 1147 3082 praeconibus
1177 3024 1230 3081 per
1258 3007 1342 3066 vicos
1372 3006 1492 3065 dimissis

397 3113 553 3173 ldiotator
577 3112 614 3169 ed
638 3112 807 3170 contionem·
831 3113 1005 3171 advocatam
1027 3111 1186 3186 increpuit,
1218 3114 1298 3186 quod
1320 3114 1434 3170 animos
1462 3129 1494 3166 ex

425 3228 487 3277 tam
507 3219 621 3276 levibus
644 3219 796 3276 momentis
816 3217 941 3276 fortunae
961 3235 1118 3294 suspensos
1149 3226 1304 3293 gererent,
1336 3229 1378 3291 nt,
1406 3238 1495 3294 parra

428 3324 543 3382 iactura
565 3331 702 3400 accepta,
735 3343 799 3399 quae
827 3323 893 3398 ipsa
919 3340 979 3378 non
1005 3321 1115 3380 virtute
1143 3323 1269 3381 hostium
1300 3344 1356 3383 nec
1384 3325 1494 3400 ignavis

424 3430 550 3488 Romani
581 3428 738 3501 exercitus,
774 3430 826 3486 sed
857 3427 1003 3485 discordia
1038 3428 1251 3503 imperatorum
1284 3439 1410 3506 accepta
1445 3430 1488 3495 sit,

423 3513 575 3594 Veientem
596 3536 708 3592 hostem
724 3533 818 3591 sexies
840 3532 948 3590 victum
968 3533 1174 3608 pertimescant
1189 3533 1381 3608 Fidenasque
1405 3551 1491 3610 prope

395 3639 530 3714 bsaepius
562 3648 663 3721 captas
697 3655 784 3713 quam
816 3647 1010 3715 oppugnatas.
1064 3639 1193 3697 Eosdem
1227 3648 1257 3696 et
1288 3640 1439 3696 Romanos
1466 3649 1491 3692 et

423 3744 522 3801 hostes
544 3761 615 3815 esse,
637 3744 687 3820 qui
708 3763 762 3820 per
782 3753 825 3802 tot
846 3744 953 3802 saecnla
973 3741 1095 3815 luerint3
1125 3744 1245 3801 eosdem
1269 3744 1402 3813 animos,
1432 3760 1490 3799 eas·

423 3849 489 3904 dem
511 3851 642 3926 eorporis
664 3850 756 3919 vires,
779 3849 881 3906 eadem
904 3867 987 3906 arma
1008 3866 1121 3922 gerere.
1170 3824 1214 3909 Se'
1231 3867 1352 3925 quoqne
1375 3849 1489 3906 emrdem
1524 3916 1525 3921 η

387 3973 390 3978 ⁴
424 3953 593 4013 dictatorem
617 3957 709 4014 Mam.
733 3953 886 4012 AEmilium
913 3972 990 4026 esse,
1020 3956 1071 4029 qui
1102 3963 1189 4012 antea
1213 3954 1379 4012 Veientium
1408 3953 1490 4011 Fide·
1524 3980 1525 4029 p

423 4061 591 4136 metiumque
615 4060 757 4118 adiunctis
788 4061 912 4118 Faliscis
942 4059 980 4117 ad
1001 4061 1180 4119 Nomentum
1208 4060 1353 4118 exercitus
1380 4057 1488 4124 fuderit

392 4166 453 4224 let
474 4167 643 4242 magistrum
668 4165 795 4240 equitum
818 4167 858 4223 A.
880 4163 1049 4224 Cornelium
1072 4167 1196 4224 eundem
1214 4166 1245 4222 in
1268 4164 1426 4236 recisiore,
1446 4162 1487 4238 qui

422 4272 520 4348 priore
541 4271 618 4329 bello
637 4272 770 4329 tribunus
792 4271 926 4341 militum,
949 4272 1038 4329 Larte
1063 4271 1224 4328 Tolumnio
1245 4289 1317 4346 rege
1331 4270 1485 4328 Veientium

421 4377 452 4432 in
474 4385 628 4451 conspeetu
651 4372 774 4433 duorum
807 4375 984 4434 exercituum
1013 4375 1124 4448 occiso,
1154 4374 1250 4451 spolia
1281 4375 1381 4451 opima
1411 4373 1483 4432 Iovis
1523 4406 1524 4453 ;
