3392 5084
497 508 577 558 Liber
593 507 631 564 111
668 507 950 572 (n.ch.451-seo.)
1161 511 1217 568 tta
1288 527 1312 592 J

206 699 260 747 erat
277 691 413 765 praesidii,
434 692 554 750 sublata
574 693 792 768 provocatione,
814 692 1047 751 intercessionem
1061 707 1177 764 quoque
1192 707 1260 746 con·

207 814 279 852 sensu
302 797 490 868 sustulerant,
513 815 602 871 quum
616 799 729 873 priores
743 797 909 866 decemviri,
933 795 1128 872 appellatione
1142 795 1260 871 collega

207 902 298 977 corrigi
311 902 430 959 reddita
450 902 489 958 ab
509 917 543 960 se
562 903 636 974 iura,
658 904 791 962 tulissent
811 913 841 961 et
855 903 998 978 quaedam,
1017 899 1085 975 uuae
1102 901 1147 958 sui
1161 899 1259 976 iudicii

206 1007 286 1063 videri
306 1016 443 1082 possent,
475 1008 512 1064 ad
538 1010 679 1084 populum
698 1009 873 1067 reiecissent.
917 1006 1107 1080 Aliquamdiu
1130 1009 1289 1079 aequatnsl

205 1112 268 1168 inter
299 1130 404 1169 omnes
436 1120 531 1170 terror
561 1112 631 1184 fuit3
663 1113 806 1190 paulatim
840 1120 919 1170 totus
947 1121 1060 1169 vertere
1086 1112 1116 1168 in
1143 1111 1257 1186 plebem

204 1217 287 1292 cupit.
356 1217 572 1275 Abstinebatur
603 1237 622 1274 a
656 1219 804 1295 patribus;
846 1219 877 1274 in
907 1217 1075 1275 humiliores
1106 1215 1260 1273 libidinose

203 1323 406 1397 crudeliterque
438 1324 652 1384 consulebatur.
710 1324 887 1394 Hominum,
926 1341 985 1380 non
1012 1339 1174 1404 'causarum
1207 1322 1261 1378 toti
1332 1326 1339 1332 '

203 1438 290 1497 erant,
318 1437 352 1485 ut
374 1428 454 1503 apud
477 1446 550 1503 qnos
571 1429 668 1504 gratia
690 1429 750 1486 vim
772 1431 848 1504 aqui
869 1430 999 1487 heberet.
1047 1427 1160 1485 Iudicia
1182 1426 1260 1484 domi

201 1534 368 1617 conflabant,
391 1535 621 1608 pronuntiabant
641 1535 672 1591 in
693 1534 768 1595 foro.
787 1519 833 1594 'Si
848 1535 912 1610 quis
924 1534 1065 1628 collegam
1076 1533 1291 1609 appellassetss

202 1639 237 1694 ab
263 1657 311 1708 eo,
342 1640 382 1695 ad
411 1659 498 1714 quem
523 1651 657 1711 venerat,
688 1641 729 1697 ita
756 1640 937 1711 discedebat,
966 1647 998 1696 ut
1025 1640 1173 1714 peniteret
1201 1657 1260 1696 non

201 1743 299 1817 prioris
326 1743 445 1801 decreto
475 1746 597 1804 stetisse
645 1744 754 1821 Opinio
783 1745 871 1802 etiam
900 1746 963 1802 sine
993 1753 1111 1802 auctore
1141 1745 1291 1816 exierattl

201 1866 255 1904 non
272 1849 303 1904 in
324 1849 477 1923 praesentis
498 1850 587 1907 modo
609 1852 748 1927 temporis
770 1869 821 1908 eos
842 1851 977 1908 iniuriam
997 1851 1188 1925 conspirasse,
1210 1851 1261 1907 sed

201 1951 289 2008 ioedus
311 1952 523 2016 clandestinum
544 1956 621 2013 inter
641 1957 722 2031 ipsos
740 1955 941 2014 iureiurando
963 1955 1061 2025 ictum,
1085 1975 1121 2012 ne
1143 1955 1262 2014 comitia

201 2059 349 2129 haberent,
368 2068 569 2135 perpetuoque
588 2062 785 2119 decemviratu
807 2079 972 2138 possessum
996 2060 1084 2118 semel
1095 2062 1262 2118 obtinerent

201 2163 357 2238 imperinm.
408 2163 659 2241 Circumspectare
679 2179 741 2224 turn
762 2168 951 2242 patriciorum
980 2166 1076 2223 vultus
1100 2166 1205 2243 plebeii
1234 2173 1262 2224 et
1284 2191 1289 2198 ·
1312 2157 1381 2226 37'

200 2269 264 2342 iude
282 2269 428 2326 libertatis
449 2279 568 2346 captare
590 2291 704 2344 auram,
724 2273 801 2330 unde
823 2273 990 2330 servitutem
1012 2272 1139 2328 timendo
1154 2271 1183 2326 in
1195 2289 1261 2326 eum

203 2383 302 2430 statum
333 2393 399 2432 rem
427 2375 575 2449 publicam
603 2379 795 2435 adduxerant.
842 2378 992 2435 Primores
1019 2385 1135 2451 patrum
1166 2374 1292 2438 odisse2

202 2479 386 2549 decemviros,
408 2481 505 2539 odisse
515 2483 643 2558 plebem;
663 2502 719 2541 nec
732 2484 868 2558 probare,
891 2503 955 2558 quae
969 2485 1078 2550 fierent,
1092 2487 1121 2536 et
1135 2479 1261 2550 credere,

201 2584 275 2640 baud
293 2585 423 2660 indignis
446 2587 590 2657 accidere;
617 2588 704 2645 avide
734 2589 845 2645 ruendo
876 2590 914 2644 ad
935 2589 1097 2644 libertatem
1119 2585 1149 2642 in
1171 2585 1261 2642 servi·

201 2697 284 2746 tutem
304 2690 425 2764 elapsos
445 2692 547 2749 iuvare
567 2693 654 2762 nolle,
676 2693 817 2750 cumulari
838 2709 955 2767 quoque
975 2691 1103 2762 iniurias,
1124 2699 1157 2747 ut
1176 2691 1292 2752 taedioa

203 2797 380 2868 presentium
407 2797 541 2854 consules
572 2798 629 2854 duo
651 2799 769 2856 tandem
790 2807 820 2854 et
840 2805 939 2854 status
955 2788 1091 2872 pristinus
1114 2817 1211 2854 rerum
1232 2797 1262 2854 in
1294 2807 1297 2816 ’

204 2900 370 2958 desiderium
395 2902 523 2958 veniant.
565 2904 631 2960 Iam
659 2914 689 2960 et
719 2910 902 2979 processerat
926 2920 996 2976 pars
1020 2903 1115 2970 maior
1139 2904 1207 2959 anni
1234 2910 1293 2963 et4

203 3005 260 3062 dnae
278 3006 390 3063 tabula
412 3007 507 3082 legum
532 3009 571 3065 ad
590 3008 696 3084 prioris
718 3007 786 3064 anni
802 3007 902 3064 decern
913 3006 1029 3063 tabulas
1041 3016 1123 3064 erant
1134 3009 1262 3079 adiectas,

202 3129 248 3166 nee
269 3113 429 3185 quicquam
450 3113 511 3170 iam
532 3121 699 3189 supererat,
725 3113 751 3169 si
774 3131 816 3169 esa
845 3129 962 3186 quoque
988 3111 1067 3186 leges
1096 3113 1262 3170 centuriatis

202 3217 318 3274 comitiis
339 3217 462 3292 perlatae
484 3227 595 3289 essent,
624 3238 676 3276 cur
705 3237 741 3275 eo
769 3216 940 3290 magistratu
967 3215 1010 3272 rei
1038 3217 1160 3292 publicae
1189 3235 1262 3290 opus

203 3330 278 3380 esset
322 3324 562 3398 Exspectabam,
591 3340 679 3397 quam
706 3342 776 3379 mox
803 3321 969 3378 consulibus
993 3322 1124 3378 creandis
1146 3321 1293 3386 comitia5

203 3427 385 3487 edicerentur.
424 3428 463 3484 Id
483 3429 573 3485 modo
594 3429 694 3503 plebea
715 3427 864 3502 agitabat,
888 3444 1015 3500 quonam
1037 3427 1125 3483 modo
1142 3427 1263 3484 tribuni·

203 3530 267 3588 ciam
278 3539 471 3607 potestatam,
482 3534 691 3589 munimentum
704 3532 839 3603 libertati,
858 3551 919 3590 rem
930 3532 1133 3603 intermissam,
1144 3551 1263 3607 repera-

202 3647 266 3708 rant,
288 3657 382 3712 quum
403 3637 521 3694 interim
543 3639 651 3694 mentio
675 3637 857 3694 comitiorum
879 3637 959 3694 nulla
979 3635 1049 3693 fieri.
1093 3637 1133 3694 Et
1150 3636 1294 3698 decem-e

204 3742 262 3812 viri,
293 3743 346 3817 qui
370 3742 468 3817 primo
489 3742 659 3801 tribunicios
680 3743 827 3811 homines,
859 3743 928 3817 quia
955 3743 986 3799 id
1013 3740 1154 3817 populare
1175 3742 1263 3798 habe-

205 3846 295 3919 batur,
325 3848 436 3904 circum
459 3865 491 3905 se
506 3855 729 3906 ostentaverant
749 3847 841 3922 plebi,
868 3846 997 3922 patriciis
1018 3845 1170 3902 iuvenibus
1191 3862 1264 3920 saep·

175 4001 176 4007 ,
205 3965 293 4010 serant
333 3953 441 4012 latera.
494 3955 605 4012 Eorum
641 3962 765 4010 catervae
795 3952 953 4010 tribunalia
984 3951 1167 4009 obsederant.
1224 3949 1293 4006 Hir

205 4055 271 4116 terre
292 4075 384 4134 agere
405 4058 521 4133 plebem
542 4060 693 4134 plebisque
702 4075 760 4127 res,
784 4075 873 4132 quum
884 4056 1002 4114 fortuna
1013 4074 1106 4130 aequa,
1129 4053 1265 4129 quicquid

207 4165 328 4237 mpitum
354 4163 448 4234 toret,
479 4162 650 4237 potentioris
680 4170 786 4220 esset..
814 4162 855 4218 Et
881 4162 940 4218 iam
970 4180 1007 4218 ne
1037 4170 1120 4236 tergo
1149 4159 1295 4234 quidemtl

208 4266 417 4338 abstinebatur;
444 4268 536 4344 virgis
557 4268 643 4338 cedi,
672 4267 722 4324 alii
743 4266 836 4324 securi
865 4267 981 4335 subiici;
1011 4276 1053 4337 et,
1081 4283 1118 4321 ne
1138 4261 1266 4340 gratuita
