3392 5084
433 528 471 583 24
856 524 934 573 Liber
954 522 976 573 1.

392 709 569 778 deliberatio,
591 708 640 782 qui
662 708 766 765 bellum
790 708 925 784 suscepit,
950 727 996 765 me
1015 709 1125 767 Albani
1145 709 1271 785 gerendo
1293 706 1369 765 ballo
1391 705 1451 763 du·

391 834 453 872 cem
475 833 618 873 creavere.
648 813 725 871 Illud
745 822 789 884 te,
821 814 921 885 Tulle,
954 816 1094 873 monitum
1119 816 1216 873 velim.
1255 814 1380 871 Etrusca
1401 830 1452 869 res

392 930 502 996 quanta
522 922 599 979 circa
617 937 671 977 nos
691 928 778 995 teque
805 920 930 977 maxime
957 920 1009 989 sit,
1038 940 1096 996 quo
1118 921 1237 997 propior
1269 936 1301 978 es
1333 918 1453 986 Tuscis,

391 1027 448 1083 hoc
469 1025 562 1100 magis
592 1024 658 1085 scis.
702 1025 826 1083 Multum
856 1024 898 1082 illi
927 1033 1020 1096 tarra,
1045 1028 1200 1102 plurimum
1227 1025 1301 1083 mari
1329 1024 1454 1099 pollent.

362 1134 507 1196 9Memor
527 1140 606 1202 esto,
632 1133 691 1191 iam
716 1139 803 1206 quum
827 1132 942 1206 signum
962 1150 1067 1207 pugnae
1089 1133 1181 1203 dabis,
1202 1134 1256 1191 has
1277 1131 1350 1187 duas
1372 1130 1454 1188 acies

393 1237 556 1314 spectaculo
578 1238 651 1306 fore,
673 1248 705 1297 ut
725 1239 818 1296 fessos
842 1235 1047 1312 confectosque
1068 1239 1153 1297 simul
1173 1241 1312 1299 victorem
1334 1254 1369 1293 ac
1389 1236 1454 1293 vic-

393 1353 454 1401 tum
476 1344 690 1421 aggrediant-ur.
733 1344 838 1418 Itaque
870 1344 894 1400 si
927 1350 985 1400 nos'
1011 1342 1051 1400 dii
1073 1352 1187 1414 amant,
1212 1343 1365 1419 quoniam,
1392 1360 1454 1399 non

393 1449 520 1506 contenti
543 1449 676 1507 libertate
698 1458 791 1518 certa,
821 1449 851 1505 in
874 1442 991 1506 dubiam
1019 1450 1132 1525 imperii
1161 1449 1327 1523 servitiique
1356 1448 1455 1505 aleam

393 1556 484 1624 imus,
511 1555 641 1611 ineamus
665 1555 792 1631 aliquam
814 1554 911 1623 viam,
939 1573 1012 1630 qua,
1034 1554 1090 1609 utri
1111 1554 1182 1611 utris
1203 1554 1360 1630 imperant,
1391 1554 1456 1611 sine

300 1695 304 1699 <
394 1679 500 1736 magna
520 1660 616 1730 clade,
650 1660 711 1717 sine
738 1660 828 1716 multo
856 1660 995 1735 sanguine
1023 1660 1172 1734 utriusque
1204 1660 1304 1736 populi
1336 1660 1456 1717 decerni

345 1768 513 1844 10possit.“
559 1765 649 1823 Haud
679 1763 811 1841 displicet
837 1784 884 1821 res
906 1766 1008 1836 Tullo,
1045 1784 1212 1840 quanquam
1245 1784 1334 1841 quum
1355 1766 1457 1823 indole

395 1872 482 1929 animi
502 1880 564 1928 tum
586 1890 638 1947 spe
665 1871 794 1928 victoriae
820 1869 954 1949 ferocior,
974 1879 1044 1927 erat
1096 1870 1295 1943 Quaerantibus
1317 1872 1457 1946 utrinque

299 1979 344 2052 24
395 1978 469 2036 ratio
490 1977 586 2047 initur,
609 1977 655 2035 cui
678 1986 707 2035 et
727 1977 845 2034 fortuna
865 1977 929 2052 ipsa
956 1976 1078 2052 praebuit
1100 1978 1263 2035 materiam
1310 1978 1403 2034 Forte
1425 1978 1457 2034 in

395 2084 508 2141 duobus
529 2092 590 2140 tum
611 2084 783 2142 exercitibus
805 2092 888 2139 erant
909 2082 1053 2157 trigemini
1080 2081 1199 2152 fratres,
1220 2101 1273 2141 nec
1295 2090 1381 2139 aetate
1401 2100 1459 2139 nac

394 2190 502 2247 viribus
533 2189 673 2265 dispares.
720 2190 862 2247 Horatios
887 2187 1091 2263 Curiatiosque
1117 2188 1206 2246 fuisse
1232 2189 1302 2245 satis
1330 2198 1458 2257 constat,

1540 4448 1541 4499 l

1540 4520 1541 4553 l

377 2316 447 2362 ‚nec
468 2296 626 2353 formares
648 2294 770 2369 antiqua
792 2294 909 2352 aliaest
930 2295 1067 2365 nobilior3
1089 2304 1183 2352 tamen
1205 2294 1280 2351 inre
1298 2304 1359 2351 tam
1375 2294 1459 2351 clara

395 2403 541 2461 nominum
567 2419 648 2457 error
670 2408 782 2469 manet,
809 2402 900 2459 utrius
924 2402 1024 2478 populi
1049 2378 1184 2472 Horatii,
1213 2400 1304 2457 utrius
1332 2398 1459 2457 Curiatii

395 2509 509 2567 fuerint.
545 2509 689 2564 Auctores
710 2516 835 2581 utroque
858 2509 990 2577 trahunt;
1019 2508 1116 2583 plures
1137 2517 1234 2565 tamen
1255 2506 1381 2576 invenio,
1405 2505 1459 2579 qui

395 2618 543 2674 Romanos
572 2612 713 2670 Horatios
738 2622 857 2683 vocent3
891 2615 944 2670 hos
977 2623 1008 2670 ut
1037 2632 1156 2688 sequar,
1185 2613 1304 2671 inclinat
1330 2611 1457 2673 animus.

365 2719 469 2785 2Cum
492 2718 649 2793 trigeminis
672 2727 762 2792 agunt
783 2736 884 2792 reges,
906 2728 937 2801 ut
956 2738 1010 2794 pro
1033 2736 1086 2776 sua
1107 2720 1230 2794 'quisque
1250 2718 1347 2793 patria
1369 2717 1459 2773 dimi-

396 2833 460 2882 cant
485 2824 576 2892 ferr03
605 2823 646 2880 ibi
674 2823 827 2897 imperium
857 2823 936 2895 fore,
973 2825 1048 2881 unda
1077 2826 1200 2883 victoria
1228 2824 1324 2883 fuerit.
1372 2822 1458 2880 Nihil

367 2939 561 2998 3recnsatur3
589 2939 702 3005 tempus
725 2938 753 2987 et
775 2929 857 2987 locus
883 2918 1026 2987 convenit.
1073 2931 1248 3005 Priusquam
1275 2930 1460 2997 dimicarent,

339 3044 345 3047 ’
397 3036 499 3094 foedus
527 3036 614 3092 ictum
635 3036 711 3091 inter
731 3036 881 3093 Romanos
912 3046 941 3093 et
961 3036 1094 3095 Albanos
1124 3044 1167 3093 est
1188 3035 1233 3093 his
1254 3036 1381 3111 legibus,
1415 3043 1460 3103 ut,

397 3142 477 3199 cuius
498 3140 598 3216 populi
620 3141 698 3199 cives
714 3160 749 3198 eo
765 3141 924 3209 certamine
945 3142 1089 3213 vicissent,
1111 3142 1136 3199 is
1154 3142 1236 3199 alteri
1256 3141 1366 3217 populo
1389 3160 1458 3199 cum

397 3250 475 3306 bona
499 3266 572 3323 pace
601 3248 787 3324 imperitaret.
834 3248 969 3304 Foedera
995 3247 1054 3305 alia
1082 3246 1145 3304 aliis
1172 3246 1299 3321 legibus,
1328 3256 1459 3304 ceterum

367 3355 499 3415 leodem
523 3355 609 3411 modo
632 3354 729 3410 omnia
754 3353 836 3409 finnt.
880 3354 957 3410 Tum
986 3354 1028 3411 ita
1057 3353 1166 3411 factum
1196 3353 1376 3427 accepimus,
1404 3372 1460 3410 nec

397 3461 482 3519 ullius
504 3460 644 3516 vetustior
664 3458 791 3516 foederis
814 3460 955 3517 memoria
977 3470 1029 3518 est.
1077 3458 1195 3517 Fetialis
1217 3475 1314 3531 regem
1337 3456 1457 3513 Tullum

396 3566 438 3623 ita
448 3566 577 3641 rogavit:
602 3565 744 3645 „iubesne
757 3585 812 3635 me,
828 3546 898 3636 rex,
920 3584 984 3623 cum
999 3574 1082 3641 patre
1096 3572 1212 3639 patrato
1231 3562 1331 3638 populi
1346 3562 1459 3620 Albani

398 3673 500 3730 foedus
511 3670 637 3729 ferire?“
652 3670 774 3727 lubente
790 3688 868 3745 rege,
887 3670 1062 3746 „sagmina”
1075 3670 1168 3743 inquit
1185 3678 1241 3737 „ta
1259 3688 1320 3734 rex,
1334 3672 1457 3742 posco.“

369 3776 463 3838 5Rex
482 3778 537 3835 ait:
561 3778 705 3851 „[puram]
721 3775 844 3833 tollito.“
888 3776 1007 3835 Fatiulis
1029 3796 1066 3833 ex
1088 3793 1153 3832 arce
1175 3774 1313 3849 graminis
1334 3774 1458 3831 herbam

389 3876 501 3962 'puram
523 3882 627 3941 attulit.
659 3882 768 3939 Postea
782 3900 882 3959 regem
896 3882 938 3939 ita
951 3881 1080 3957 rogavit:
1111 3881 1203 3949 „Rern
1225 3878 1335 3937 facisne
1356 3898 1404 3935 me
1425 3888 1460 3933 tu

398 3992 508 4067 regium
540 3988 670 4045 nuntium
697 3988 797 4063 populi
825 3989 951 4047 Romani
980 3985 1148 4061 Qniritium,
1180 4004 1253 4042 vasa
1279 3985 1459 4058 comitesque

402 4094 519 4154 meos?“
543 4095 607 4151 Rex
628 4093 791 4167 respondit:
818 4094 922 4167 „Quod
944 4094 1006 4150 sine
1025 4091 1129 4149 fraude
1148 4110 1212 4149 mea
1228 4090 1386 4166 populique
1397 4090 1460 4147 Ro-

371 4202 480 4259 6mani
501 4199 653 4273 Quiritium
676 4200 737 4268 fiat,
758 4199 864 4256 facio.“
910 4197 1029 4255 Fetialis
1051 4205 1114 4267 erat
1134 4197 1337 4265 M.Valerius;
1358 4196 1383 4251 is
1405 4214 1460 4271 pa·

402 4317 475 4365 tram
497 4314 642 4382 patratum
664 4304 717 4380 Sp.
745 4304 866 4361 Fusium
894 4302 976 4373 fecit,
1007 4303 1134 4360 verbena
1161 4308 1249 4377 caput
1279 4299 1460 4375 capillosque
