3392 5084
471 493 530 550 206
728 489 806 538 Liber
816 489 865 538 Ν.
894 489 978 573 (aa.
994 503 1015 538 c.
1030 487 1190 551 stu-sss.)

380 672 536 731 lavellum
559 672 700 732 obiecere.
744 671 830 745 Quod
852 672 904 730 ubi
924 674 1051 731 Romam
1072 681 1117 730 est
1143 673 1323 743 nuntiat-um,
1350 675 1482 748 extempio

428 779 470 836 M.
483 777 634 852 Geganius
656 778 757 836 consul
778 797 842 836 cum
865 778 995 838 exercitu
1016 777 1164 854 profectus
1183 779 1241 836 tria
1251 777 1344 836 millia
1358 794 1484 852 passuum

430 885 467 941 ab
489 885 573 940 hoste
594 885 689 941 locum
712 883 815 940 castris
838 886 924 960 oepit„
943 885 1144 960 praecipitique
1164 884 1225 940 iam
1245 883 1292 940 die
1313 901 1416 941 curare
1430 903 1484 941 eor·

429 1009 504 1066 pora
525 989 628 1046 milites
654 988 742 1047 iubet.
785 989 899 1062 Quarta
920 990 1023 1046 deiude
1043 990 1145 1065 vigilia
1166 989 1251 1065 sigma
1270 987 1398 1064 profert3
1420 1007 1485 1063 coep·

428 1103 547 1170 tumque
578 1111 652 1170 opus
684 1093 759 1152 adeo
791 1103 1018 1169 approperatum
1053 1105 1113 1166 est,
1143 1104 1179 1151 ut
1209 1095 1271 1152 soie
1302 1102 1371 1152 orto
1396 1094 1485 1151 Volsci
1522 1156 1524 1181 ἱ

428 1200 555 1256 firmiore
576 1218 608 1256 se
629 1200 807 1258 munimento
829 1201 868 1257 ab
889 1201 1031 1259 &manis
1053 1200 1287 1258 circumvallatos
1313 1217 1403 1273 qnam
1427 1217 1485 1256 ase
1522 1198 1524 1256 i

381 1307 416 1361 14
430 1305 531 1362 urbem
553 1304 699 1376 videremt3
729 1315 758 1362 et
785 1306 853 1362 alia
873 1316 957 1382 parte
984 1307 1085 1364 consul
1109 1324 1194 1362 muro
1216 1305 1326 1363 Ardeae
1346 1305 1484 1362 brachium

334 1404 376 1470 10
428 1411 608 1481 iniunxerat,
639 1429 698 1485 qua
726 1429 764 1468 ex
790 1411 899 1486 oppido
927 1412 981 1469 sui*
1004 1429 1168 1469 commeare
1193 1420 1324 1484 possent
1373 1411 1485 1468 Volsrm

372 1555 373 1560 κ
428 1515 597 1590 imperator,
619 1515 669 1590 qui
690 1516 728 1572 ad
749 1535 814 1573 eam
835 1516 912 1573 diem
932 1535 991 1574 nou
1013 1523 1177 1574 commeatu
1197 1525 1378 1591 praeparato,
1397 1516 1445 1574 sed
1458 1534 1486 1571 ex

427 1621 618 1700 pppnlatione
640 1639 777 1696 agrorum
798 1630 884 1696 rapto
903 1621 934 1676 iu
955 1621 1031 1677 diem
1051 1621 1197 1679 frumento
1220 1621 1342 1678 aluisset
1371 1621 1485 1688 mititem,

428 1735 584 1802 postquam
607 1734 713 1802 saeptus
734 1727 813 1784 vallo
835 1735 954 1802 repente
974 1727 1059 1802 inops
1082 1726 1210 1783 omnium
1232 1745 1330 1783 rerum
1352 1733 1433 1795 erat,
1457 1723 1486 1779 ud
1522 1758 1524 1785 ;

430 1831 605 1905 colloquium
628 1831 746 1888 consule
760 1841 894 1904 evocato,
915 1833 941 1889 si
952 1833 1099 1889 solvendae
1110 1831 1269 1889 obsidionis
1281 1847 1377 1887 cansa
1390 1828 1486 1887 rement
1522 1890 1524 1895 .

399 1939 595 2006 2Romanus‚
631 1937 822 1994 abducturum
854 1956 887 1994 se
918 1938 987 1995 inde
1015 1939 1142 1995 Volscos
1172 1938 1223 1996 ait.
1276 1937 1434 1995 Adversus
1460 1954 1486 1991 aa

430 2043 544 2114 consul,
582 2043 665 2102 victis
700 2044 886 2102 condiciones
918 2043 1103 2120 accipiendas
1139 2060 1219 2112 esse,
1257 2061 1317 2100 nou
1352 2041 1499 2109 ferendo·

390 2189 398 2203 .
428 2150 594 2225 respondit,
623 2167 732 2223 usqne,
763 2157 796 2206 ut
824 2149 957 2206 venerint
983 2149 1022 2205 ad
1044 2147 1257 2224 oppugnandos
1280 2147 1380 2204 socios
1401 2145 1486 2223 popuii
1522 2180 1524 2183 -

399 2255 556 2314 3R0mani
577 2273 630 2312 suo
654 2255 789 2326 arbitrio,
814 2255 858 2311 ita
882 2255 1013 2312 abituros
1034 2254 1160 2312 Volscos
1182 2271 1255 2311 csse.
1304 2253 1388 2310 Dedi
1408 2254 1486 2328 impe·
1522 2314 1524 2319 ,

428 2366 571 2434 retorem,
599 2377 683 2416 arma
708 2360 780 2434 poni
800 2360 895 2431 iubet3
922 2356 1046 2418 fatentes
1070 2360 1164 2417 victos
1186 2378 1218 2416 se
1238 2375 1302 2415 esse
1324 2368 1353 2415 et
1376 2357 1485 2434 imperio

387 2449 391 2454 ’
428 2480 532 2538 parere
562 2464 753 2534 dimissuram
784 2465 869 2522 aliter
899 2474 961 2522 tam
989 2466 1163 2523 abeuntibus
1193 2483 1282 2539 qnam
1312 2464 1485 2522 manentibus

428 2587 460 2626 se
481 2571 595 2626 hostem
615 2568 769 2640 infensum,
790 2570 943 2629 victoriam
964 2572 1062 2646 potius
1084 2589 1122 2628 ex
1142 2569 1260 2627 Volscis
1282 2587 1374 2644 qnam
1397 2586 1484 2645 pacem
1522 2634 1524 2637 ¹

398 2672 547 2730 tinfidam
569 2675 695 2732 Romam
716 2675 885 2737 relaturum.
931 2676 1034 2734 Volsci
1062 2675 1199 2751 exiguam
1227 2675 1311 2751 speui
1338 2675 1371 2730 in
1401 2673 1485 2740 armis,

430 2779 488 2836 alia
509 2778 635 2853 undique
656 2779 787 2854 ¹abscisa,
818 2794 908 2856 quum
929 2789 1105 2853 tentassent,
1127 2790 1233 2857 praeter
1253 2789 1352 2839 cetera
1374 2782 1486 2839 adversa
1522 2839 1524 2845 ,

428 2885 494 2940 loco
519 2901 636 2958 quoque
656 2884 756 2960 iniquo
779 2886 817 2943 ad
835 2869 964 2962 pugnam
988 2886 1145 2962 congressi,
1165 2887 1311 2962 iniquiore
1333 2886 1485 2961 adingam,

429 3006 518 3064 quum
540 2989 578 3045 ab
601 2990 680 3046 ommi
700 2997 784 3066 parte
805 2993 993 3064 caederentur,
1016 2994 1054 3049 ed
1074 3011 1177 3068 preces
1200 3012 1218 3050 a
1239 2993 1399 3051 certamine
1412 2989 1485 3056 versi

429 3095 526 3152 dedito
561 3093 738 3169 imperatore
767 3097 940 3172 traditisque
965 3099 1055 3181 armis
1083 3100 1138 3157 sub
1169 3099 1270 3174 iugum
1302 3098 1400 3168 missi,
1431 3112 1485 3153 enm

398 3200 548 3276 5singulis
570 3199 748 3258 vestimentis
770 3169 940 3276 ignominiae
967 3204 1117 3279 cladisque
1142 3205 1221 3280 pleni
1245 3170 1441 3271 dimittitntun
1463 3209 1485 3256 et

429 3324 518 3381 quum
539 3306 618 3363 haud
639 3306 741 3382 procul
762 3309 834 3364 urbe
857 3309 987 3367 Tusculo
1009 3308 1216 3379 consedissent,
1237 3317 1337 3366 vetere
1353 3306 1485 3366 Tuscula·

428 3430 531 3470 norum
554 3413 622 3470 odio
643 3412 768 3469 inermes
790 3413 923 3488 oppressi
936 3413 1078 3472 dederunt
1092 3432 1205 3489 poenas,
1227 3415 1279 3470 rix
1290 3414 1399 3472 mundis
1411 3411 1484 3470 cedit

397 3516 544 3574 drelictis.
587 3518 739 3574 Romanus
761 3517 870 3574 Ardea
895 3519 1029 3576 turbatas
1060 3519 1201 3576 seditione
1225 3535 1287 3588 res,
1317 3519 1483 3594 principibus
1522 3570 1523 3573 ,

428 3597 489 3678 eins
510 3610 723 3678 motus'securi
743 3622 888 3698 percussis
902 3623 1045 3698 bonisque
1057 3642 1160 3681 eorum
1175 3623 1205 3680 in
1219 3624 1369 3698 publicum
1380 3623 1483 3698 Ardea·
1522 3686 1523 3693 χ

427 3728 499 3784 tium
527 3725 667 3797 redactis,
695 3729 872 3802 composuit3
898 3728 1106 3803 demptamque
1131 3729 1267 3787 inimiam
1293 3730 1393 3788 iudicii
1413 3738 1482 3787 tauto
1522 3774 1523 3795 ἶ

427 3830 567 3889 beneficio
588 3833 690 3906 populi
704 3834 831 3892 Romami
846 3835 992 3893 Ardeates
1014 3835 1188 3906 credebent3
1208 3837 1324 3894 senatui
1344 3852 1484 3913 superesse
1522 3862 1524 3913 7

428 3937 542 4010 aliquid·
560 3937 598 3994 ad
620 3939 773 3997 delendum
794 3939 918 4016 publiea
939 3940 1070 3997 avaritiae
1091 3951 1311 4000 monumentum
1331 3943 1482 4001 videbatur.
1522 3918 1523 3927 ἵ

398 4040 539 4100 ῚΟοηευ1
567 4041 750 4121 triumphans
779 4047 810 4102 in
839 4045 941 4102 urbem
971 4047 1062 4117 redit,
1094 4045 1199 4104 Cluilio
1224 4049 1298 4106 duee
1319 4048 1482 4106 Volscorum

378 4138 383 4144 ’
428 4156 495 4204 ante
531 4167 646 4206 currum
682 4151 769 4209 ducto
804 4149 991 4225 praelatisque
1024 4151 1139 4228 spoliis,
1176 4152 1282 4227 quibus
1313 4155 1482 4212 dearmatum

429 4255 586 4312 exercitum
607 4252 734 4311 hostium
756 4254 810 4332 sub
831 4254 931 4330 iugum
952 4257 1080 4314 miserat
