3392 5084
585 525 663 576 muer
681 525 714 574 x.
733 526 798 589 qs.
812 523 862 575 ch.
875 531 947 589 aas.)
1196 533 1251 587 241

227 707 393 764 adimendae
414 709 545 766 Etruscis
574 707 683 783 (lapus
721 709 931 766 clandestinum
963 711 1108 784 cepissent
1136 710 1297 768 consilium.

229 811 383 871 Sacrificio
404 811 551 888 perfecto,
578 831 631 888 per
651 814 793 870 viatorem
815 815 977 890 imperator
996 816 1083 873 acciri
1103 815 1224 872 iubebat
1243 820 1327 874 no-7

228 918 402 976 bilissimum
424 935 568 992 quemque
594 935 698 992 genere
719 917 875 992 factisqu03
906 921 1010 996 singuli
1031 921 1296 991 introducebantur.
1397 905 1400 911 ¹

228 1024 306 1081 Erat
335 1043 422 1099 quum
451 1023 524 1080 alius
555 1031 714 1097 apparatus
750 1023 840 1094 sacri,
873 1025 923 1098 qui
954 1024 1128 1100 perfundere
1157 1025 1327 1103 religiooeS

229 1129 360 1186 ammom
382 1137 490 1205 posset,
511 1138 572 1186 tum
593 1129 624 1184 in
645 1129 709 1186 loco
732 1128 808 1184 circa
831 1129 908 1184 orooi
924 1137 1058 1187 contacto
1071 1151 1132 1189 arm
1155 1133 1185 1189 in
1201 1133 1295 1190 medio

229 1235 414 1309 victimaque
453 1235 530 1293 circa
559 1251 639 1290 caesae
675 1241 703 1290 et
737 1232 957 1291 circumstantes
983 1235 1165 1302 centuriones
1191 1238 1297 1295 strictis

229 1337 343 1414 gladiis.
395 1339 618 1397 Admovcbatur
646 1337 786 1395 altaribus
813 1338 908 1414 magis
941 1348 974 1396 ut
1004 1339 1123 1396 victima
1150 1359 1237 1415 quam
1264 1343 1326 1398 nt9

229 1444 308 1500 sacri
330 1445 490 1520 particeps,
520 1445 750 1519 adigebaturque
778 1443 1000 1514 iureiurando,
1035 1463 1100 1518 qnae
1120 1445 1186 1502 visa
1213 1447 1301 1504 andi·

229 1557 321 1623 taque
355 1549 384 1606 in
418 1567 453 1606 co
483 1548 548 1606 loco
581 1558 692 1618 essent,
728 1567 787 1606 non
819 1549 1041 1605 enuntiatorum.
1096 1549 1174 1606 Dein
1199 1550 1297 1608 iurare
1313 1554 1347 1608 10

231 1655 378 1728 cogebant
417 1655 481 1711 diro
518 1654 646 1728 quodam
679 1653 820 1723 carmine,
867 1654 897 1710 iu
932 1654 1159 1712 exsecrationem
1193 1657 1296 1732 capitis

229 1757 407 1832 familiasque
434 1769 463 1815 et
485 1759 582 1834 stirpis
611 1759 788 1833 composito,
819 1757 875 1815 nisi
901 1759 972 1818 isset
1002 1759 1033 1816 in
1055 1759 1205 1834 proelium,
1238 1779 1296 1834 quo

228 1865 422 1939 imperatores
444 1865 609 1934 duxissent,
639 1863 712 1921 etsi
735 1864 868 1937 autipsc
889 1883 927 1920 ex
947 1866 1011 1923 acic
1031 1865 1154 1940 fugisset
1175 1875 1242 1937 aut,
1271 1867 1296 1923 si

231 1989 318 2046 quem
340 1968 497 2044 fugismcm
519 1969 655 2039 vidisset,
685 1987 745 2024 non
766 1968 913 2043 extemplo
935 1965 1096 2027 occidisset.
1145 1971 1181 2027 Id
1201 1971 1296 2045 primo
1311 1975 1344 2028 11

231 2075 350 2149 quidam
374 2077 532 2132 abnuentes
560 2074 706 2130 iuraturos
729 2092 769 2143 se,
797 2074 962 2131 obtruncati
987 2073 1067 2130 circa
1088 2073 1196 2131 altaria
1214 2086 1296 2145 suut3

229 2177 358 2236 iacentes
388 2178 491 2236 dcinde
520 2177 747 2252 intcr'stragem
781 2179 965 2235 victimarum
994 2179 1168 2236 documento
1195 2180 1297 2236 ceteris

231 2283 329 2354 fuere,
358 2303 394 2341 ne
416 2286 583 2341 abnuerent.
633 2282 816 2341 Primoribus
838 2282 1010 2340 Samnitium
1041 2301 1079 2338 aa
1106 2283 1297 2340 detestatione
1313 2288 1346 2342 12

231 2389 387 2459 obstrictis,
415 2389 513 2446 decem
538 2388 680 2444 nominati
707 2389 745 2446 ab
766 2389 957 2463 imperatore3
987 2387 1029 2444 cis
1050 2387 1169 2457 dictum,
1195 2397 1228 2446 ut
1251 2390 1306 2446 vir'

228 2494 326 2550 virum
347 2494 491 2569 legerent,
520 2492 612 2548 donec
634 2493 756 2550 sedecim
780 2493 901 2549 millium
922 2511 1073 2549 numerum
1095 2491 1296 2551 coniecissent.

228 2599 280 2655 Ea
298 2597 375 2672 legio
396 2599 518 2654 linteata
540 2597 578 2654 ab
605 2597 802 2671 integumento
833 2595 985 2670 consaepti,
1017 2615 1077 2671 quo
1106 2607 1223 2654 sacrata
1243 2617 1295 2655 no-

228 2703 328 2759 bilitas
352 2712 423 2773 erat,
447 2701 593 2778 appellata
616 2709 673 2772 est3
703 2703 747 2759 bis
771 2721 855 2760 arma
875 2679 1091 2776 iusignia'data
1118 2710 1148 2758 at
1171 2703 1296 2759 cristatae

229 2807 332 2883 galea,
355 2817 386 2864 ut
407 2808 481 2864 iuter
502 2815 614 2864 cctcros
636 2807 802 2867 eminerent.
845 2805 941 2864 Paulo
965 2805 1031 2880 plus
1051 2805 1154 2880 viginti
1175 2807 1295 2864 millium
1312 2794 1352 2864 13'
1401 2854 1405 2858 Α

231 2913 306 2972 alius
324 2913 472 2970 exercitus
489 2909 559 2980 fuit,
590 2930 643 2968 uec
665 2931 818 2987 corporum
847 2911 944 2986 specie
963 2929 1017 2967 uec
1037 2911 1133 2985 gloria
1154 2911 1221 2968 belli
1243 2931 1298 2970 nec

231 3025 377 3092 apparatu
409 3017 535 3074 linteatae
567 3016 674 3091 legioni
712 3017 820 3092 dispar.
877 3017 935 3074 Hic
967 2998 1116 3074 hominum
1152 3034 1298 3088 numerus,

232 3122 312 3197 quod
332 3122 446 3180 roboris
468 3129 539 3189 erat,
561 3120 599 3175 ad
623 3121 811 3194 Aquiloniam
834 3123 973 3180 consedit.
1343 3096 1347 3111 ’

317 3223 457 3282 Consules
478 3223 602 3300 proiecti
623 3225 660 3281 ab
684 3225 764 3293 urbe,
786 3226 867 3300 prior
881 3227 932 3300 Sp.
946 3226 1100 3297 Carvilius,
1123 3227 1169 3284 cui
1183 3236 1297 3283 veteres
1344 3221 1390 3290 39

230 3330 370 3405 legiones,
393 3347 465 3403 quas
479 3331 520 3389 M.
534 3330 652 3399 Atilius,
674 3330 832 3404 superioris
852 3332 920 3388 anni
935 3331 1045 3401 consul,
1068 3333 1098 3388 in
1120 3350 1192 3406 agro
1203 3333 1296 3390 Inter·

232 3435 342 3494 ernusti
363 3435 528 3508 reliquerat,
559 3437 680 3492 decretae
703 3445 794 3492 erant.
844 3434 919 3493 Cum
940 3436 1033 3492 eisin
1056 3436 1207 3495 Samnium
1228 3439 1327 3511 pro-2
1379 3429 1388 3499 s

230 3543 340 3611 iectus,
375 3541 442 3598 dum
475 3542 574 3598 hostes
605 3542 717 3617 operati
748 3541 1002 3616 superstitionibus
1032 3543 1155 3598 concilia
1186 3552 1298 3598 secreta

231 3655 336 3721 agunt,
368 3646 550 3702 Amiternum
579 3647 717 3722 oppidum
748 3648 784 3704 dc
813 3646 991 3706 Samnitibus
1018 3646 1048 3702 vi
1077 3646 1162 3720 cepit.
1212 3645 1327 3704 Cassii

230 3752 272 3810 ibi
294 3749 384 3807 millia
405 3751 554 3808 homiuum
578 3753 636 3809 duo
657 3751 749 3809 ferme
764 3761 854 3827 atquc
867 3751 1033 3825 octingenti,
1058 3760 1145 3826 capta
1160 3760 1297 3825 quattuor

230 3857 323 3914 millia
344 3855 460 3913 ducenti
481 3856 673 3930 septuaginta.
722 3857 868 3931 Papirius,
897 3875 974 3914 novo
997 3856 1124 3912 exercitu
1147 3855 1200 3928 (ita
1221 3857 1327 3913 enimi

231 3965 379 4019 decretum
410 3961 484 4033 erat)
512 3963 629 4036 scripto,
658 3961 823 4018 Duroniam
846 3963 946 4018 urbem
976 3959 1171 4037 expugnavit3
1204 3961 1297 4017 minus

231 4085 322 4143 quam
344 4067 457 4142 collega
478 4067 554 4141 cepit
582 4067 745 4136 homiuum,
777 4067 842 4140 plus
871 4067 1020 4141 aliquanto
1046 4066 1166 4136 occidit3
1198 4067 1298 4142 pracda

232 4172 371 4248 opulenta
392 4171 555 4258 utrobique,
569 4181 613 4226 est
634 4180 727 4246 parta.
777 4172 849 4228 Inde
881 4171 1033 4248 pervagati
1055 4171 1206 4229 Samnium
1229 4173 1327 4229 con-5

231 4279 323 4348 eules,
353 4278 480 4334 maxime
501 4277 677 4352 depopulato
699 4275 820 4332 Atinate
848 4295 936 4352 agro,
969 4275 1114 4334 Carvilius
1137 4279 1176 4334 ad
1197 4277 1296 4336 Comi-

259 4391 324 4428 livius
341 4388 532 4435 exseclladvlgli.
562 4388 585 4426 ΙΙ,
1064 4383 1096 4427 16
