3392 5084
512 557 591 608 Liber
606 556 642 608 11.
685 555 957 618 (hembil—⁴68.)
1169 560 1224 618 128

293 741 333 799 Et
353 741 384 798 in
404 741 522 801 Volscis
543 760 591 800 res
611 742 728 818 publice
751 743 867 818 egregie
889 751 972 818 geste
994 759 1081 818 quum
1105 743 1186 801 ducis
1205 748 1297 802 tumb

220 845 330 904 militum
352 866 450 922 opere„
493 848 625 906 Primum
646 865 731 924 aquo
753 865 858 924 cumpo
871 848 961 924 signis
975 848 1267 926 collutispugnstum,

220 953 318 1028 ingenti
347 954 426 1012 eade
455 954 606 1029 utrinque,
634 954 760 1030 plurime
786 955 943 1030 sunguine
975 965 1004 1013 et
1030 954 1170 1026 Romani,
1200 955 1299 1030 quieti

219 1058 342 1132 pereites
362 1059 471 1117 demno
489 1058 640 1117 sentiendo
660 1060 781 1135 propior
805 1070 877 1124 eret,
899 1061 1021 1136 medum
1045 1061 1217 1130 retulissent,
1239 1061 1269 1116 ni

220 1164 319 1221 salubri
339 1165 493 1223 mendacio
514 1165 624 1236 consul,
644 1165 746 1241 fugere
766 1167 865 1224 hostes
888 1167 926 1224 ub
947 1185 1037 1226 cornu
1059 1166 1150 1224 eltero
1170 1165 1269 1224 clemi-

219 1279 286 1339 tuns,
306 1271 481 1329 concitasset
501 1273 603 1331 eciem.
648 1274 762 1348 Impetu
782 1271 871 1341 fecto,
893 1272 962 1330 dum
984 1290 1016 1330 se
1033 1272 1270 1348 putuntvineere,

220 1375 315 1436 vicere.
357 1375 468 1435 Consul
488 1387 627 1451 mausus,
648 1397 686 1436 ne
702 1378 788 1437 nimis
797 1379 933 1436 instando
946 1387 1101 1436 rennueret
1115 1387 1269 1447 certamen,
1284 1377 1298 1430 7

221 1481 324 1555 signum
344 1485 474 1560 receptui
497 1484 587 1543 dedit
632 1485 826 1542 Intercessere
851 1484 937 1559 peuci
963 1485 1040 1554 dies,
1070 1484 1149 1542 velut
1175 1481 1301 1541 tecitieb

220 1588 328 1646 indutiis
348 1589 484 1664 utrinque
504 1590 600 1664 quiete
620 1598 745 1665 sumptu,
766 1607 819 1665 per
840 1609 914 1665 quos
935 1591 1036 1666 ingens
1057 1592 1101 1649 vis
1122 1590 1269 1649 hominum
1302 1610 1307 1628 ¹

221 1713 253 1750 ex
271 1695 405 1752 omnibus
427 1694 542 1752 Volscis
563 1695 728 1771 AEqnisque
749 1695 863 1772 populis
884 1696 914 1754 iu
941 1707 1039 1782 cespes
1067 1695 1162 1766 venit,
1192 1695 1270 1753 haud

222 1801 357 1873 dubitans,
379 1801 405 1858 si
423 1800 577 1870 senserint,
603 1802 754 1859 Romanos
774 1811 859 1860 nocte
881 1802 1019 1864 obituros.
1062 1803 1167 1878 Itaque
1187 1800 1302 1860 tertiel

222 1906 275 1965 fere
294 1908 395 1984 vigilie
419 1908 458 1965 sd
479 1916 575 1965 cosme
596 1910 793 1984 oppugnanda
813 1910 953 1982 veniunt,
989 1908 1149 1983 Quinctius,
1171 1905 1272 1966 sedete
1287 1906 1323 1961 10

222 2014 347 2083 tumultu,
368 2032 454 2088 quem
475 2022 571 2072 terror
591 2014 703 2071 subitus
724 2015 886 2088 exciverat,
911 2035 998 2092 quum
1021 2033 1138 2074 munere
1158 2015 1186 2073 in
1210 2021 1273 2072 ten·

223 2119 295 2176 toriis
319 2119 446 2194 quietum
470 2119 589 2177 militem
610 2119 749 2191 iussisset,
772 2121 966 2180 Hernicorum
988 2121 1136 2180 cohortem
1159 2119 1188 2176 in
1214 2128 1273 2176 ste·

223 2224 321 2282 tionem
342 2226 448 2296 educit,
470 2225 628 2284 cornicines
650 2227 847 2304 tubicinesque
862 2229 891 2286 in
907 2245 998 2303 equos
1009 2227 1159 2302 impositos
1171 2245 1274 2283 cunero

225 2339 284 2387 unte
313 2320 423 2389 vussuui
452 2332 533 2390 iubet
569 2331 781 2409 sollicitumque
817 2335 930 2391 hostem
970 2333 1008 2391 ed
1039 2334 1132 2390 lucem
1167 2341 1273 2390 tenere.

226 2437 370 2512 Reliquum
396 2438 490 2495 noetis
519 2438 594 2495 odeo
620 2439 776 2514 trunquills
804 2440 903 2498 omnis
930 2439 960 2496 in
989 2439 1091 2498 cestris
1117 2437 1214 2509 fuere,
1242 2446 1275 2494 ut
1289 2437 1322 2492 fl

227 2544 310 2599 somni
331 2562 447 2619 qnoque
467 2544 609 2601 Romanis
637 2545 723 2620 copie
753 2553 838 2605 esset.
884 2545 1011 2602 Volscos
1039 2544 1148 2621 species
1161 2611 1166 2618 ,
1180 2563 1275 2601 urme-

228 2660 311 2706 tornm
340 2629 485 2724 peditum,
521 2668 594 2725 quos
625 2659 653 2707 et
679 2650 775 2724 plures
801 2667 865 2707 esse
892 2660 922 2708 et
946 2652 1096 2710 Romanos
1124 2652 1275 2728 putebant,

229 2753 347 2812 fremitus
367 2755 553 2830 hinnitusque
573 2773 723 2831 equorum,
745 2756 794 2830 qni
815 2766 845 2813 et
865 2757 977 2814 insueto
1000 2757 1117 2815 sedente
1138 2757 1233 2831 equite
1248 2768 1276 2814 et

232 2860 335 2937 insuper
359 2881 446 2920 eures
473 2851 602 2938 agitente
633 2861 729 2918 sonitu
761 2862 935 2932 saeviebunt,
967 2863 1092 2922 intentos
1128 2865 1207 2921 velut
1239 2864 1275 2921 ud

232 2965 354 3042 inpetum
375 2969 502 3026 hostium
523 2967 623 3025 tenuit.
671 2967 732 3028 Ubi
752 2968 1033 3040 illuxit‚1Romsnus
1055 2971 1166 3047 integer
1187 2970 1275 3030 setie-
1327 2955 1370 3024 65

231 3082 321 3147 tueque
346 3092 449 3131 somno
477 3073 637 3153 productus
661 3074 691 3131 in
718 3073 809 3131 eciem
840 3072 948 3130 fessum
976 3075 1079 3132 stende
1113 3085 1142 3131 et
1171 3074 1276 3150 vigiliis

231 3177 356 3238 Volscum
377 3181 473 3257 primo
493 3181 602 3256 impetu
624 3180 762 3256 perculit;
784 3198 949 3254 quenquam
962 3199 1073 3238 cessere
1084 3181 1176 3256 magis
1189 3173 1306 3254 quem2

231 3283 296 3357 pulsi
321 3286 421 3342 hostes
450 3297 532 3357 sunt,
563 3285 633 3360 quie
663 3287 701 3343 ab
728 3294 810 3361 tergo
840 3296 923 3342 erent
945 3285 1026 3357 elisi,
1054 3286 1084 3343 in
1111 3303 1184 3361 quos
1210 3296 1277 3361 post

232 3389 358 3466 principia
377 3391 497 3466 integris
526 3391 674 3449 omfinibus
702 3399 780 3448 tutus
808 3401 940 3466 receptus
969 3390 1031 3452 fuit.
1075 3391 1198 3461 Consul,
1228 3391 1277 3448 ubi

234 3493 265 3549 sd
281 3495 407 3572 iniquum
427 3497 524 3555 locum
546 3506 663 3555 ventum
685 3506 737 3566 est,
758 3495 833 3552 sistit
855 3496 955 3554 eciem.
988 3497 1073 3554 Miles
1089 3515 1164 3573 aegre
1178 3498 1278 3567 teneri,

235 3598 345 3659 elsmsre
364 3611 393 3660 et
414 3621 544 3678 poscere,
565 3613 598 3660 ut
611 3602 751 3678 perculsis
765 3602 874 3660 instere
892 3601 989 3659 liceat.
1028 3603 1167 3660 Ferocius
1189 3601 1308 3678 egunt3

236 3704 344 3782 equites3
369 3707 537 3766 circumfusi
570 3707 637 3766 duci
664 3706 877 3779 vociferentur,
908 3727 940 3766 se
966 3717 1033 3765 ente
1064 3709 1148 3784 signe
1175 3709 1278 3768 ituros.

235 3809 301 3868 Dum
327 3823 481 3872 cunctetur
509 3816 624 3886 consul,
656 3813 762 3872 uirtute
794 3813 915 3871 militum
945 3813 1051 3878 fretus,
1083 3815 1147 3872 loco
1175 3833 1277 3890 perum

235 3917 324 3991 flens,
356 3920 541 3978 conclement
571 3939 603 3978 se
636 3920 743 3990 ituros,
782 3919 996 3995 clamoremque
1022 3937 1070 3977 ree
1098 3929 1142 3977 est
1170 3929 1278 3978 secute.

236 4021 304 4081 fixis
328 4026 358 4084 in
382 4036 491 4084 terrem
520 4025 600 4102 pilis,
628 4043 686 4100 quo
715 4025 839 4082 leviores
868 4026 963 4083 srdue
989 4027 1159 4098 evaderent,
1194 4043 1278 4084 cursu

237 4128 349 4192 subeunt.
383 4133 522 4202 Volscus,
544 4130 643 4189 effusis
664 4131 701 4187 sd
721 4130 847 4206 primum
868 4130 1007 4207 impetum
1029 4130 1184 4188 missilibus
1206 4129 1309 4200 telis,l

237 4250 297 4292 sexu
314 4237 477 4296 obiacentia
497 4238 621 4313 pedibus
635 4235 741 4312 ingerit
749 4236 779 4292 in
790 4237 955 4307 subeuntes,
976 4237 1166 4313 turbetosque
1175 4235 1278 4295 ictibus

235 4340 326 4399 crebris
356 4352 441 4418 urget
472 4362 509 4400 ex
542 4343 691 4419 superiore
721 4340 796 4401 loco.
851 4340 900 4400 Sic
929 4362 1021 4419 prope
1053 4350 1203 4416 oneratum
1237 4351 1279 4398 est
