3392 5084
1266 469 1276 497 t

408 577 415 596 s
513 501 591 568 urna
609 519 657 568 1v.
694 520 740 582 (A.
754 517 972 582 cuma-mo.)
1170 525 1228 580 2:37

209 717 234 758 et
252 703 364 777 aliquot
388 704 548 777 interreges
574 702 780 760 certaminibus
806 711 939 760 extrema
967 713 1058 775 esset,
1086 678 1174 764 modo
1203 723 1272 783 pro·
1283 710 1449 827 23⁰¹&

207 805 367 863 bibentibus
389 806 513 865 tribunis
539 807 678 882 patricios
707 808 786 865 eoire
816 807 855 865 ad
882 808 1063 883 prodendum
1089 810 1272 886 interregem,

209 910 286 966 modo
314 909 495 986 interregem
522 912 785 987 interpellantibus,
820 932 858 969 ne
892 923 1010 971 senatus
1042 916 1205 973 consultum
1237 918 1273 974 de

208 1015 321 1072 comitiis
346 1016 550 1076 consularibus
571 1017 690 1088 faceret,
711 1028 860 1093 postremo
882 1020 917 1079 L.
935 1019 1073 1094 Papirius
1094 1021 1304 1096 Mugillannstl

207 1120 330 1193 proditus
354 1121 495 1191 interrex,
517 1122 687 1196 castigando
707 1140 783 1180 nuno
805 1133 915 1199 patres,
936 1143 1013 1182 nuno
1033 1126 1166 1184 tribunos
1185 1127 1273 1204 plebi,

207 1226 344 1282 desertam
379 1225 577 1301 omissamque
603 1229 641 1284 ab
664 1227 829 1284 hominibus
857 1246 919 1285 rem
952 1229 1116 1304 publicam,
1152 1231 1273 1290 deorum
1317 1253 1322 1272 ¹

206 1332 388 1404 providentia
410 1349 539 1405 curaque
561 1339 730 1406 exceptam,
760 1334 944 1390 memorabat
964 1334 1136 1392 Veientibus
1156 1333 1275 1392 indutiis

207 1449 230 1491 et
248 1437 439 1496 cunctatione
454 1437 621 1511 AEquorum
642 1446 730 1494 stare.
772 1437 860 1496 Unde
873 1437 900 1494 si
915 1438 986 1513 quid
999 1439 1128 1514 increpet
1146 1440 1274 1510 terroris,
1290 1439 1325 1492 10

206 1542 259 1597 sine
278 1543 411 1617 patricio
434 1542 606 1616 magistratu
633 1541 749 1616 placere
776 1542 1014 1616 rempublicam
1042 1543 1186 1619 opprimi?
1214 1563 1274 1602 non

207 1648 378 1718 exereitum,
410 1665 469 1703 non
497 1646 599 1704 duoem
629 1645 781 1704 seribendo
811 1647 950 1704 exercitui
979 1647 1062 1706 esse?
1099 1650 1162 1707 ·An
1196 1650 1273 1707 bello

206 1753 334 1810 intestino
367 1751 477 1810 bellurn
505 1759 656 1808 externum
685 1749 928 1826 propulsaturos?
974 1753 1047 1825 Qua
1074 1753 1101 1810 si
1126 1754 1157 1810 iu
1184 1774 1272 1812 uuum
1289 1754 1321 1808 ll

207 1859 393 1928 conveniant,
422 1857 474 1914 vix
495 1858 615 1914 deorum
643 1855 767 1930 opibus,
793 1857 864 1931 quin
892 1858 1035 1915 obruatur
1054 1860 1191 1918 Romana
1216 1877 1273 1930 res,

206 1963 290 2020 resisti
312 1975 417 2038 posse.
467 1962 545 2035 Quin
571 1961 627 2033 illi,
658 1961 829 2018 remittendo
851 1962 1024 2026 desummo
1044 1963 1168 2038 quisque
1193 1965 1273 2035 iuris,

206 2068 298 2124 mediis
321 2067 500 2142 copularent
521 2065 716 2136 concordiam,
738 2075 836 2140 patres
851 2067 990 2142 patiendo
1005 2067 1136 2125 tribunos
1151 2070 1272 2126 militum
1288 2068 1325 2125 12

205 2190 250 2245 pro
271 2173 447 2230 oonsulibus
469 2172 541 2244 fieri,
562 2172 670 2252 tribuni
690 2171 768 2247 plebi
789 2191 848 2231 non
868 2172 1082 2243 intercedendo,
1103 2188 1165 2247 quo¹
1179 2175 1273 2232 minus

206 2288 338 2349 quattuor
363 2287 523 2354 quaestores
545 2278 689 2352 promisee
710 2277 747 2334 de
770 2277 855 2352 plebe
878 2295 914 2334 ee
933 2277 1065 2352 patribus
1093 2277 1186 2336 libero
1213 2278 1274 2336 euf-

205 2380 292 2456 iragio
315 2382 425 2458 populi
444 2384 555 2444 fierent.
1087 2423 1099 2438 .

280 2486 460 2544 Tribunicia
487 2482 612 2562 primum
640 2486 758 2543 comitia
785 2498 853 2544 suut
877 2487 988 2544 habita.
1039 2484 1138 2545 Creeti
1166 2488 1274 2545 tribuni
1326 2483 1370 2553 44

206 2592 347 2650 consulari
378 2601 524 2668 potestate
555 2610 656 2649 omnes
684 2591 815 2666 patrioii,
847 2593 883 2650 L.
905 2591 1057 2666 Quinctius
1085 2590 1273 2660 ,Cincinnatus

206 2697 325 2768 tenum,
349 2695 423 2755 sex.
437 2680 545 2754 Furius
566 2696 742 2756 nerduinus
762 2695 878 2768 rarum,
900 2698 943 2758 M.
967 2697 1104 2768 Meua,
1127 2699 1167 2761 A.
1190 2697 1274 2756 sem-

206 2804 319 2874 pronius
341 2799 509 2860 Atratinus.
555 2802 624 2859 Hoo
652 2802 767 2859 tribuno
795 2802 914 2860 eomitia
940 2812 1116 2877 quaestorum
1140 2805 1305 2873 bebental
1376 2869 1384 2880 ,

207 2908 428 2980 petentibusque
449 2906 529 2964 inter-
546 2907 658 2980 aliquot
678 2907 808 2981 plebeios
828 2908 889 2965 filio
911 2908 1033 2965 Antistii
1053 2906 1160 2964 tribuni
1181 2907 1275 2982 plebis

207 3025 230 3066 et
255 2987 350 3069 fratre
384 3010 502 3068 alterius
531 3011 639 3068 tribuni
663 3011 757 3086 plebis
788 3011 858 3070 Sex.
880 3012 1035 3086 Pompilii,
1062 3030 1116 3068 neo
1144 3021 1274 3086 potestas

207 3133 253 3174 nee
272 3115 453 3190 suffragatio
481 3118 586 3177 horum
615 3115 721 3186 veluit,
750 3115 834 3190 quin,
863 3134 988 3190 quorum
1015 3124 1115 3191 patres
1144 3134 1276 3190 avosque

208 3223 334 3278 eonsules
366 3221 517 3290 videraut,
544 3239 594 3278 eus
625 3221 775 3279 nobilitate
806 3219 985 3295 praeferrent.
1032 3221 1144 3298 Furere
1173 3224 1305 3280 omnent

207 3326 310 3383 tribuni
346 3325 441 3402 plebi,
478 3336 545 3384 aute
581 3344 681 3383 omnes
710 3325 874 3400 Pompilius
901 3324 1123 3399 Antistiusque,
1157 3325 1275 3399 repulsa

209 3451 323 3490 suornm
347 3431 473 3490 ascensi.
518 3430 665 3514 Quidnam
685 3429 716 3486 id
738 3430 780 3486 rei
802 3428 887 3488 esse?
907 3412 909 3414 V
930 3431 1000 3488 Non
1028 3429 1089 3487 suis
1119 3428 1307 3499 beneflciis,4

208 3557 259 3594 non
290 3547 412 3613 petrum
438 3535 567 3607 iniuriis,
581 3554 655 3592 ⁴non
684 3535 808 3609 denique
838 3535 999 3610 usurpandi
1027 3534 1158 3613 libidine,
1185 3553 1274 3609 quum

209 3642 305 3714 liceat,
329 3643 411 3717 quod
433 3651 500 3698 ante
521 3659 581 3698 non
601 3640 728 3710 licuerit,
750 3640 776 3697 si
797 3659 857 3697 non
877 3641 1025 3698 tribunum
1047 3640 1217 3710 militarem,
1237 3659 1276 3696 ne

210 3760 379 3822 questorem
403 3745 521 3822 quidem
544 3762 719 3819 quemquam
742 3764 779 3802 ex
800 3744 886 3820 plebe
906 3744 1032 3802 laetum!
1064 3747 1135 3820 Non
1148 3746 1306 3808 valuisses

210 3853 296 3925 patris
320 3870 376 3927 pro
397 3849 474 3920 filio,
503 3848 602 3906 fratris
631 3869 685 3924 pro
706 3849 797 3908 iretre
818 3868 935 3926 preces,
966 3851 1149 3909 tribunorum
1171 3852 1274 3927 plebis,

210 3958 359 4028 potestatis
381 3962 583 4022 sacrosancte,
606 3953 644 4010 ad
659 3954 799 4012 auxilium
812 3955 955 4012 libertatis
968 3965 1082 4014 creatae.
1127 3957 1275 4014 Frondem

210 4061 338 4132 profecto
363 4061 393 4118 in
416 4081 448 4118 re
469 4077 545 4130 esee,
563 4069 592 4116 et
613 4060 652 4117 Α.
674 4045 877 4134 Sempronium
900 4060 1024 4118 comitiis
1045 4063 1110 4136 plus
1132 4061 1204 4118 artis
1223 4064 1278 4119 ed·-

212 4165 335 4224 bibuisse
356 4185 446 4240 quam
468 4165 546 4222 fidei.
589 4164 661 4222 Eius
682 4164 789 4222 iniuria
809 4167 892 4240 queri
915 4184 985 4224 suos
1005 4150 1274 4229 honore'deieetos.

213 4267 314 4343 ltaque
336 4289 425 4345 quum
448 4269 478 4326 in
500 4269 611 4344 ipsum,
633 4279 662 4328 et
677 4268 847 4330 'innocentia
870 4280 963 4328 tutum
987 4281 1015 4329 et
1036 4273 1222 4348 magistratu,
1244 4274 1306 4330 ind
