3392 5084
547 499 624 550 Liber
640 499 687 548 tx.
723 500 770 562 (A,
780 497 826 550 Ch.
837 497 910 562 32⁰.)
1161 501 1215 556 157

209 686 359 757 virtutem,
381 705 467 761 quam
497 703 550 742 nec
571 684 679 742 vallum
701 702 754 741 nec
781 683 868 742 fossus
889 693 1029 751 arcerent,
1057 692 1259 754 memorantes,

208 792 317 848 cadunt
339 793 448 867 pariter
475 791 639 849 resistentes
669 790 822 864 fusosque,
853 789 976 845 inermes
1004 797 1093 864 atque
1122 798 1260 860 armatos,
1275 775 1330 844 ll'

208 914 319 965 servos,
343 896 464 964 liberos,
488 899 620 972 puberes,
648 897 795 971 impubes,
824 894 954 951 homines
981 893 1178 970 iumentaque;
1208 913 1261 953 nec
1276 895 1310 951 12

210 1002 291 1059 ullum
315 1002 503 1078 superfuisset
524 1002 648 1072 animal,
670 1002 700 1058 ui
721 999 853 1058 consules
880 1000 1008 1075 receptui
1028 1001 1139 1076 signum
1166 1003 1261 1060 dedis-

208 1117 265 1163 sent
296 1109 457 1183 avidosque
489 1109 574 1166 cadis
595 1109 699 1165 milites
732 1126 749 1164 e
780 1105 882 1163 castris
915 1106 1040 1162 hostium
1069 1105 1190 1181 imperio
1226 1127 1261 1166 ac

209 1214 286 1270 minis
309 1213 494 1289 expulissent.
539 1215 644 1288 Itaque
665 1213 742 1288 apud
757 1212 885 1270 infensos
906 1214 944 1269 ob
965 1211 1173 1288 interpellatam
1197 1214 1261 1270 dul·
1275 1211 1311 1267 13

208 1320 331 1376 cedinem
353 1320 404 1376 irae
426 1319 574 1376 confestim
602 1320 697 1376 oratio
718 1319 818 1377 habita
841 1328 900 1386 est,
932 1328 964 1374 ut
992 1319 1143 1376 doceretur
1169 1318 1260 1387 miles,
1275 1319 1311 1373 14

208 1425 318 1481 minime
342 1424 475 1500 cuiquam
498 1424 618 1482 militum
641 1425 772 1482 consules
800 1424 868 1481 odio
899 1423 929 1478 in
949 1423 1048 1479 hostes
1070 1406 1192 1480 cessisse
1210 1433 1263 1480 aut

208 1547 351 1599 cessuros3
385 1530 453 1605 quin
475 1530 561 1586 ducas
594 1530 667 1587 sicut
688 1531 764 1601 belli,
795 1531 837 1587 ita
857 1528 1028 1586 insatiabilis
1055 1528 1186 1603 supplicii
1215 1527 1261 1585 fn·
1343 1524 1344 1527 ’

208 1645 282 1694 turos
307 1635 412 1706 fuisse,
441 1636 470 1692 ni
493 1645 638 1710 respectus
667 1636 797 1710 equitum
816 1645 1032 1704 sexcentorum,
1062 1634 1112 1709 qui
1134 1635 1262 1692 Lucerias

209 1742 319 1799 obsides
346 1751 526 1811 tenerentur,
558 1740 742 1815 praepedisset
775 1741 901 1810 animos,
931 1759 969 1796 ne
997 1734 1151 1816 desperata
1175 1741 1261 1797 venia
1277 1741 1311 1795 15

207 1847 299 1904 hostes
322 1866 414 1904 caeoos
439 1847 469 1903 in
490 1845 632 1921 supplicia
655 1863 754 1902 eorum
785 1857 899 1920 ageret,
931 1847 1051 1921 perdere
1072 1845 1151 1920 prius
1172 1863 1259 1920 quam

209 1953 297 2026 perire
318 1962 461 2028 optantes.
509 1953 644 2010 Laudare
671 1970 706 2008 ea
727 1951 832 2008 milites
852 1953 1016 2027 laetarique,
1044 1953 1160 2010 obviam
1188 1951 1260 2008 itum
1275 1953 1311 2007 16

206 2057 250 2113 ira
266 2079 329 2116 suoe
344 2078 416 2127 ease,
437 2077 473 2116 ac
484 2058 580 2127 fateri,
600 2057 697 2114 omnia
712 2057 848 2133 patienda
862 2058 968 2132 potius,
990 2076 1076 2133 quam
1092 2057 1262 2132 proderetur

206 2166 278 2222 salus
300 2174 348 2222 tot
365 2165 525 2240 principum
546 2166 686 2221 Romanae
707 2163 871 2219 iuventutis.

283 2272 418 2328 Dimissa
448 2271 590 2340 contione,
622 2270 771 2327 consilium
806 2268 952 2336 habitum,
979 2267 1149 2325 omnibusne
1169 2268 1261 2352 copiis
1313 2260 1353 2328 15

208 2375 359 2434 Luceriam
383 2384 562 2452 premerent,
590 2393 628 2431 en
649 2374 740 2431 altero
763 2374 890 2432 exercitu
918 2384 947 2431 et
967 2373 1040 2432 duce
1061 2374 1152 2449 Apuli
1173 2374 1260 2444 eirca,

207 2497 271 2554 gens
302 2482 398 2540 dubiae
424 2483 462 2539 ad
490 2481 520 2544 id
547 2480 718 2548 voluntatis,
753 2487 939 2536 tentarentur.
991 2479 1132 2537 Publilius
1160 2479 1291 2537 eonsu12

207 2588 240 2642 ad
267 2589 483 2664 peragrandam
511 2585 657 2660 proiectus
688 2585 826 2660 Apuliam
856 2587 968 2660 aliquot
995 2586 1177 2662 expeditione
1203 2605 1261 2643 una

208 2669 328 2767 populos
350 2704 401 2750 aut
421 2693 451 2749 vi
473 2691 586 2766 subegit
600 2700 651 2748 aut
672 2689 887 2748 condicionibus
907 2692 937 2747 in
952 2691 1120 2748 societatem
1142 2692 1260 2766 accepit

208 2798 325 2873 Papirio
356 2817 485 2873 quoque,
520 2797 569 2872 qui
601 2797 736 2854 obsessor
766 2797 896 2854 Lucerias
921 2797 1081 2867 restiterat,
1110 2797 1191 2854 brevi
1222 2796 1290 2855 add

208 2921 282 2978 spem
307 2913 428 2962 eventus
447 2903 609 2977 respondit;
630 2921 697 2960 nam
721 2901 838 2958 insessis
860 2904 993 2961 omuibus
1013 2903 1082 2974 viis,
1114 2923 1167 2979 per
1188 2921 1262 2978 quas

207 3019 382 3068 commeatus
409 3027 446 3066 ex
468 3008 587 3067 Samnio
609 3009 857 3077 subvehebautur,
882 3009 960 3067 fame
985 3011 1087 3068 domiti
1108 3009 1262 3079 Samnitas,

211 3116 256 3187 qui
277 3116 409 3173 Luceriae
440 3115 470 3170 in
492 3114 625 3189 prasidio
660 3123 759 3183 erant,
786 3115 898 3188 legatos
920 3115 1024 3185 misere
1052 3117 1090 3174 ad
1116 3117 1262 3174 consulem

208 3221 379 3291 Romanum,
401 3231 442 3288 ut,
463 3219 585 3299 receptis
608 3219 760 3293 equitibus,
784 3220 833 3294 qui
856 3237 945 3277 causa
966 3222 1033 3279 belli
1054 3230 1163 3290 emant,
1185 3221 1261 3277 absi·

208 3336 292 3384 steret
324 3327 484 3384 obsidione.
542 3325 584 3382 Iis
612 3325 748 3399 Papirius
781 3327 823 3383 ita
850 3325 1012 3400 respondit,
1043 3325 1177 3384 debuisse
1211 3331 1291 3384 eost

208 3431 343 3490 Pontium
365 3431 504 3490 Herennii
534 3430 641 3499 filiurn,
674 3448 731 3505 quc
760 3439 878 3488 auctore
902 3432 1051 3488 Romanos
1083 3434 1136 3490 sub
1163 3433 1262 3508 iugum

209 3537 356 3609 misissent,
380 3537 543 3604 consulere,
566 3535 635 3610 quid
656 3536 739 3593 victis
772 3536 939 3611 patiendum
967 3531 1292 3609 censeretss⁸oeterum5

209 3645 342 3716 quoniam
367 3646 406 3701 ab
426 3644 556 3700 hostibus
577 3643 608 3699 in
629 3660 660 3698 se
682 3659 766 3716 aqua
787 3643 876 3699 statui
899 3661 986 3717 quam
1006 3643 1036 3700 in
1057 3662 1090 3700 se
1110 3644 1166 3721 ipsi
1186 3644 1263 3704 ferre

210 3750 371 3820 maluerint,
393 3749 525 3804 nuntiare
546 3747 699 3805 Luceriam
720 3749 816 3819 iussit,
846 3768 937 3819 arma,
965 3750 1103 3829 sarcinas,
1125 3751 1263 3822 iumenta,

210 3854 413 3912 multitudinem
436 3873 550 3911 omnem
570 3854 714 3912 imbellem
735 3855 811 3912 intra
832 3855 940 3912 moenia
960 3856 1167 3930 relinquerent;
1188 3858 1293 3915 mili-6

210 3965 264 4014 tem
290 3979 322 4037 se
345 3978 410 4018 cum
439 3960 557 4034 siugulis
584 3960 761 4019 vestimentis
783 3963 836 4018 sub
868 3961 968 4036 iugum
999 3961 1166 4036 missurum,
1192 3964 1263 4022 ulei-

210 4075 330 4122 scentem
359 4065 486 4133 illatam,
517 4083 574 4123 non
602 4083 709 4122 novam
741 4066 909 4124 inferentem
944 4067 1139 4142 ignominiam.
1181 4069 1292 4129 Nihil'l

210 4180 378 4234 recusatum.
409 4168 546 4246 'Septem
573 4170 663 4228 millia
683 4171 804 4229 militum
825 4173 999 4249 subiugum
1021 4175 1124 4247 missa,
1149 4178 1264 4253 praeda·

211 4291 263 4346 que
284 4277 384 4353 ingens
409 4275 538 4332 Luceria
565 4283 665 4350 capta,
693 4277 814 4352 receptis
836 4279 969 4336 omuibus
990 4279 1081 4354 signis
1108 4282 1263 4357 armisque,
