3392 5084
492 528 571 578 Liber
588 528 648 581 VH.
684 529 732 593 (Δ.
744 529 790 579 cn
800 527 960 593 stt-sou.)
1175 534 1211 590 51

203 713 284 770 misso
316 712 420 770 deinde
454 731 549 784 more,
580 715 669 790 digna
697 714 784 772 etiem
813 733 866 790 por
897 731 929 772 se
949 714 1013 772 visa
1042 733 1104 783 res,
1134 724 1254 790 propter
1328 713 1331 726 ⁴

202 837 282 893 quam
304 819 435 876 dictator
455 828 610 877 crearetur.

276 925 347 998 Qua
369 925 406 980 de
427 941 516 980 causa
536 935 649 982 creatus
670 925 705 982 L.
721 924 857 996 Manlius,
877 925 996 1001 perinde
1010 943 1046 984 ao
1065 926 1107 984 rei
1121 927 1254 1002 gerenda
1266 925 1291 981 9,

200 1050 228 1089 ac
247 1051 309 1088 non
332 1029 480 1088 solvendas
499 1029 645 1106 religionis
664 1032 759 1107 gratia
780 1040 893 1090 creatus
915 1040 998 1101 osset,
1020 1031 1124 1088 bellum
1147 1032 1255 1090 Hemi-

199 1157 254 1196 cum
283 1135 433 1194 affectans
461 1136 566 1194 dilectu
592 1139 697 1195 acerbo
718 1138 895 1196 iuventutem
918 1139 1052 1214 agitavit;
1082 1139 1256 1213 tandemque

197 1243 330 1302 omnibus
351 1243 385 1300 in
405 1262 470 1300 eum
492 1244 614 1301 tribunis
636 1246 729 1321 plebis
750 1245 866 1312 coortis,
889 1262 940 1302 seu
960 1245 990 1302 vi
1011 1263 1062 1302 seu
1083 1245 1256 1302 verecundia

196 1351 296 1420 rictus,
322 1349 472 1406 dictatura
492 1350 571 1408 abiit.
617 1351 722 1425 Neque
743 1370 777 1408 eo
798 1350 892 1408 minus
914 1351 1053 1427 principio
1080 1351 1255 1426 insequentis
1326 1343 1348 1412 4

196 1457 267 1526 suni,
290 1455 338 1529 Q.
359 1454 485 1514 Servilio
507 1456 614 1525 Ahala,
637 1457 671 1516 L.
695 1456 826 1514 Genucio
848 1456 1028 1524 consulibus,
1061 1456 1121 1514 dies
1143 1455 1253 1512 Manlio
1265 1431 1430 1550 2353}

194 1561 296 1620 dicitur
313 1563 390 1619 aM.
402 1561 567 1637 Pomponio
581 1561 697 1618 tribuno
710 1560 811 1642 plebis.
854 1562 1009 1620 Acerbitas
1023 1563 1053 1620 in
1068 1563 1181 1632 dilectu,
1195 1581 1254 1619 non
1267 1537 1300 1628 2·
1352 1536 1358 1549 .
1419 1534 1427 1550 .

195 1670 299 1726 damno
337 1668 428 1724 modo
457 1668 576 1736 civium,
610 1667 661 1724 sed
692 1667 778 1724 etiam
800 1667 976 1726 laceratione
998 1687 1150 1744 corporum
1179 1668 1253 1738 laste,

193 1775 297 1850 partim
322 1773 417 1848 virgis
438 1774 533 1840 caus,
555 1773 605 1848 qui
627 1773 665 1829 ad
685 1773 803 1830 nomina
822 1792 881 1830 non
903 1765 1126 1850 respondissent,
1148 1775 1253 1850 partim

192 1880 366 1938 invincula
387 1879 497 1949 ductis,
522 1879 716 1948 inviscerat,
745 1888 774 1936 et
796 1887 864 1936 ante
885 1880 982 1936 omnis
1010 1880 1133 1938 invisum
1159 1881 1284 1956 ipsum3

190 1985 342 2062 ingenium
367 1996 454 2043 atrox
475 2003 693 2060 cognomenque
714 1983 875 2060 Imperiosi,
899 2003 990 2059 grave
1016 1986 1113 2044 liberae
1136 1987 1254 2059 civitati,
1327 1989 1335 2002 ’

192 2094 225 2149 ab
247 2086 454 2150 ostentatione
474 2092 590 2149 saevitia
611 2092 767 2160 adscitum,
796 2109 883 2164 quam
906 2109 964 2148 non
989 2092 1082 2166 magis
1095 2093 1132 2161 ,iu
1155 2092 1254 2150 alienis

190 2219 278 2274 quam
301 2198 336 2255 in
359 2199 502 2272 proximis
523 2216 558 2256 ac
586 2197 727 2272 sauguine
750 2197 813 2272 ipse
840 2215 894 2253 suo
916 2207 1072 2255 exerceret.
1121 2196 1285 2258 Crimini-4

189 2325 244 2380 que
267 2306 298 2362 ei
320 2304 458 2362 trrbunus
478 2305 554 2362 inter
574 2313 670 2362 cetera
691 2303 794 2373 dabat,
816 2302 894 2377 quod
915 2301 1005 2368 filium
1027 2303 1169 2372 iuvenem,
1192 2302 1254 2358 nul·

187 2412 241 2468 lius
263 2409 377 2486 probri
398 2419 585 2486 compertum,
606 2419 750 2466 extorrem
773 2411 853 2478 urbe,
873 2408 969 2477 domo,
990 2408 1158 2483 penatibus,
1180 2408 1254 2480 foro,

187 2517 261 2587 luce,
285 2533 451 2590 congressu
474 2514 625 2590 equalium
646 2515 832 2590 prohibitum,
864 2514 894 2571 in
923 2532 996 2588 opus
1019 2515 1136 2585 servile,
1162 2534 1254 2590 prope
1296 2515 1300 2528 ’

186 2623 215 2678 in
244 2639 406 2680 carcerem
428 2633 515 2696 atque
542 2623 571 2678 in
604 2621 780 2696 ergastulum
810 2620 934 2689 dederit,
965 2620 1015 2676 ubi
1048 2639 1160 2680 summo
1188 2621 1284 2682 locob

188 2740 275 2786 natus
299 2727 477 2784 dictatorius
496 2727 608 2784 iuvenis
629 2727 799 2802 quotidiana
821 2725 936 2782 miseria
958 2725 1088 2794 disceret,
1109 2743 1177 2781 vere
1200 2725 1255 2781 im·

188 2835 313 2909 perioao
338 2842 426 2907 patre
451 2851 483 2890 se
509 2841 609 2889 natum
638 2849 709 2893 esse.
750 2834 810 2888 -At
841 2814 929 2904 quam
962 2831 999 2887 ob
1020 2830 1149 2888 noxam?
1179 2831 1256 2904 Quia
1321 2848 1325 2858 ¹

186 2939 385 2998 infacundior
410 2938 448 2995 sit
468 2947 497 2995 et
521 2937 620 3012 lingna
640 2938 844 3013 impromptus:
877 2938 955 3012 quod
982 2945 1092 2994 natura
1119 2937 1286 2999 damnumss

186 3057 288 3104 uuum
313 3044 501 3101 nutriendum
522 3043 607 3118 patri,
628 3043 654 3100 si
676 3042 830 3117 quicquam
851 3043 880 3099 in
901 3063 937 3101 eo
958 3043 1077 3101 humani
1098 3054 1189 3114 esset,
1218 3063 1256 3101 an

187 3149 402 3228 castigandum
425 3169 459 3207 ac
479 3150 633 3207 vexatione
653 3149 764 3224 insigne
783 3147 945 3206 faciendum
967 3147 1075 3207 fuisse?
1096 3150 1142 3206 Ne
1161 3158 1257 3206 mutus

189 3261 316 3333 quidem
350 3255 459 3312 bestias
488 3256 581 3312 minus
613 3255 690 3312 alere
717 3273 752 3312 ac
772 3254 887 3324 fovere,
921 3254 946 3346 εξ
968 3254 1038 3328 quid
1061 3273 1096 3310 ex
1118 3253 1256 3330 progenis

186 3385 244 3422 sua
279 3358 407 3439 parum'
424 3379 593 3435 prosperum
628 3359 679 3429 sit3
711 3370 743 3417 at
773 3360 888 3418 hercule
919 3359 954 3418 L.
976 3359 1116 3416 Manlium
1146 3359 1284 3418 maluml

187 3471 272 3528 malo
303 3484 416 3540 augere
436 3466 486 3523 lilii
513 3476 542 3523 et
566 3466 730 3538 tarditatem
752 3465 859 3541 ingenii
879 3464 996 3540 insuper
1015 3484 1145 3540 premere
1172 3475 1209 3536 et,
1230 3466 1255 3522 si

188 3577 265 3652 quid
285 3575 321 3631 in
344 3590 381 3628 eo
402 3572 538 3646 exiguum
557 3571 697 3628 naturalis
717 3571 826 3646 vigoris
847 3571 898 3640 sit,
927 3571 957 3627 id
984 3571 1166 3645 exstinguere
1194 3571 1256 3629 vita

186 3681 308 3760 agresti
331 3688 362 3736 et
382 3677 490 3737 rustico
511 3677 588 3734 cultu
609 3677 684 3734 inter
703 3677 828 3752 pecudes
848 3676 992 3732 habendo.
1045 3675 1181 3735 Omnium
1203 3697 1256 3754 po·
1325 3671 1347 3740 5

186 3791 251 3846 tius
273 3787 324 3844 his
347 3782 593 3841 criminationibus
615 3801 701 3857 quam
722 3783 812 3857 ipsius
838 3781 950 3838 iuuenis
980 3779 1108 3838 irritatus
1130 3792 1173 3840 est
1195 3783 1257 3848 aui·

187 3911 275 3962 mus3
310 3891 382 3965 quin
403 3898 513 3958 contre,
541 3905 573 3944 se
594 3906 709 3962 quoqne
741 3888 855 3964 parenti
876 3903 992 3944 causam
1023 3887 1138 3944 invidia
1170 3901 1256 3964 etque

188 4001 354 4058 criminum
377 4012 449 4062 esse,
470 4011 546 4068 aegre
567 4011 678 4067 passus,
700 4003 733 4051 ut
753 4011 852 4050 omnes
873 3991 913 4048 dii
933 3991 1121 4067 hominesque
1141 3969 1285 4064 scireut‚2

188 4126 225 4165 se
249 4100 371 4180 parenti
403 4117 487 4174 opem
508 4100 598 4156 latam
620 4118 707 4174 quam
728 4097 850 4155 inimicis
873 4097 933 4154 eius
955 4097 1057 4167 malle,
1088 4100 1165 4175 capit
1190 4119 1258 4158 con-

188 4213 295 4270 silium
318 4207 401 4266 rudis
423 4206 537 4281 quidem
565 4215 652 4279 atque
680 4203 801 4280 masna
831 4203 919 4265 animi
945 4211 994 4272 et‚·
1014 4221 1179 4279 quenquam
1201 4225 1259 4264 nou

189 4319 293 4378 civilis
317 4311 458 4388 exempli,
479 4322 576 4368 tamen
598 4310 706 4385 pietate
727 4309 883 4367 laudabile.
927 4309 1118 4367 inscientibus
1141 4310 1289 4383 cunctis‚3

1031 4411 1063 4462 4*
