3392 5084
491 528 549 582 :ltu
799 522 876 571 Liber
891 523 922 570 V.
959 523 1001 585 (A.
1012 538 1037 570 u.
1049 538 1071 571 e.
1083 525 1156 585 sut)

448 712 616 777 Romanos,
644 724 697 763 vus
726 706 863 763 Veientes
890 706 975 764 esse?
1012 725 1050 763 au
1087 707 1193 763 malitis
1223 708 1301 765 haue
1331 706 1496 763 solitudinem

450 821 576 871 vestrum
601 829 688 887 quam
710 812 810 869 urbem
833 811 959 870 hostium
974 811 1056 869 esse?
1078 812 1147 869 Non
1169 812 1300 885 equidem
1324 812 1424 886 video,
1444 810 1499 885 quid

450 918 544 993 magis
567 892 649 974 selas
671 916 716 977 sit.
767 917 839 974 Haeu
859 916 984 987 seelera,
1009 916 1078 991 quia
1098 917 1178 992 piget
1197 917 1362 986 aedifianm,
1383 918 1442 975 hee
1459 917 1498 971 de-

418 1021 557 1081 8deuore
578 1023 639 1099 pati
661 1021 756 1097 parati
779 1020 868 1079 estis?
892 1022 924 1081 Si
946 1031 1009 1079 tota
1029 1023 1101 1080 urbe
1114 1022 1223 1079 nullum
1238 1022 1345 1079 melius
1356 1021 1500 1095 ampliusve

452 1137 557 1186 tectum
579 1127 640 1185 fieri
662 1110 763 1203 possit,
783 1146 870 1202 quam
892 1145 962 1183 uass
981 1127 1032 1184 illa
1053 1127 1210 1185 conditoris
1221 1135 1266 1183 est
1278 1127 1386 1195 nostri
1407 1126 1500 1183 nonin

450 1234 525 1293 nasis
558 1234 615 1290 ritu
646 1242 795 1308 pastorum
830 1232 1045 1308 agrestiumque
1076 1231 1208 1291 habitare
1239 1240 1285 1287 est
1316 1232 1414 1307 satius
1441 1232 1501 1288 iuter

417 1338 534 1399 inaura
554 1347 731 1415 penatesque
752 1346 869 1395 nostros
891 1357 978 1412 quam
993 1337 1155 1395 exsulatum
1167 1337 1285 1413 publice
1298 1336 1367 1394 ire?
1388 1337 1500 1393 Maiores

448 1446 554 1514 nostri,
582 1460 718 1502 convenae
738 1452 944 1519 pastoresque,
972 1462 1059 1519 quum
1086 1444 1117 1500 iu
1142 1443 1188 1500 his
1218 1443 1292 1500 loeis
1313 1443 1391 1500 nihil
1413 1451 1518 1517 preter·

449 1552 538 1611 silvas
559 1550 736 1626 paludesque
758 1557 848 1618 esset,
877 1566 983 1605 novam
1011 1549 1111 1607 urbem
1131 1556 1193 1605 turn
1215 1548 1299 1605 brevi
1322 1550 1518 1622 aedifiemunn:

447 1676 511 1728 nos,
534 1655 689 1731 Capitolio,
712 1672 779 1711 eree
799 1654 945 1723 incolumi,
967 1655 1109 1711 stantibus
1130 1640 1246 1750 templis
1268 1655 1407 1723 deornm,
1427 1655 1518 1718 edit

449 1780 516 1821 oure
536 1761 654 1818 incensa
684 1758 781 1837 piget?
810 1768 852 1829 et,
881 1759 959 1833 quod
982 1760 1087 1835 singuli
1107 1737 1212 1817 fseturi
1233 1757 1363 1831 fuimus,
1395 1760 1420 1817 si
1439 1721 1518 1824 adul

448 1877 554 1927 nostrae
575 1867 797 1941 deflagrassent‚
823 1866 930 1923 houm
950 1864 1067 1941 publico
1088 1866 1221 1923 incendio
1242 1865 1379 1923 universi
1400 1882 1500 1921 reeusa-

354 1964 397 2033 54
447 1990 511 2029 mus
532 1969 649 2029 faeere?
691 1970 768 2043 Quid
790 1970 928 2029 tandem?
965 1969 1131 2042 siireude,
1159 1972 1185 2029 si
1211 1988 1283 2030 cusu
1304 1971 1394 2029 Veiis
1420 1971 1499 2028 ineen-

448 2078 526 2136 dium
556 2085 651 2134 ortum
681 2076 733 2147 sit,
770 2084 931 2152 ventoque,
963 2086 995 2134 ut
1022 2077 1083 2134 fleri
1114 2084 1224 2152 potest,
1256 2075 1373 2135 diffusa
1400 2080 1500 2135 flamna

376 2165 381 2173 .
376 2201 583 2275 magnam
614 2171 726 2258 purtem
757 2182 838 2240 urbis
866 2184 1016 2254 absumat,
1057 2182 1184 2239 Fidenas
1216 2182 1285 2239 inde
1316 2192 1374 2241 ant
1404 2184 1499 2243 Gabios

448 2290 572 2348 aliamve
600 2308 688 2363 quam
716 2290 815 2347 urbem
846 2289 993 2364 quaesituri
1020 2306 1135 2358 sumus,
1164 2306 1223 2363 quo
1249 2286 1500 2365 transmigremus?

416 2394 534 2455 uedeo
555 2395 626 2453 nihil
646 2402 723 2452 tenet
745 2394 836 2452 aulum
862 2395 964 2470 patrias
989 2412 1042 2451 neu
1068 2396 1130 2451 hoee
1148 2405 1241 2465 terra,
1272 2414 1369 2470 quum
1394 2406 1497 2453 marren

447 2501 641 2577 appellamus,
670 2499 721 2556 sed
750 2499 779 2555 iu
808 2500 959 2575 superfiuis
985 2501 1131 2575 tignisque
1160 2499 1266 2558 uarius
1297 2502 1388 2560 nobis
1414 2500 1497 2576 patris

414 2604 570 2681 ilpendet?
618 2604 760 2679 Equidem
791 2604 908 2663 fatebor
934 2606 1034 2676 vobis,
1064 2606 1119 2662 etsi
1146 2605 1242 2663 minus
1271 2606 1392 2665 iniuriae
1412 2618 1497 2663 vesus

447 2728 534 2785 quem
559 2706 659 2787 [meae]
682 2709 855 2767 salernitatis
877 2710 1040 2768 meminisse
1050 2711 1146 2768 iuvet:
1169 2728 1257 2785 quum
1269 2713 1420 2781 abessem,
1440 2728 1497 2786 que

446 2813 613 2889 tieseunque
634 2815 730 2889 patria
750 2816 780 2873 in
801 2824 925 2875 mentem
947 2816 1072 2888 veniret,
1099 2817 1161 2874 haee
1188 2817 1289 2875 omnia
1310 2815 1498 2876 occurrebant.

447 2919 536 2977 colles
556 2920 709 2997 campique
731 2929 759 2977 et
780 2920 895 2977 Tiberis
917 2928 948 2977 et
967 2910 1084 2978 assueta
1093 2922 1185 2980 oeulis
1198 2922 1282 2999 regio
1293 2932 1324 2979 et
1334 2925 1396 2982 hoe
1405 2922 1498 2981 esrum.

446 3028 500 3083 sub
524 3042 582 3099 quo
604 3035 688 3083 nutus
711 3027 908 3100 educatusque
933 3043 1039 3096 essem3
1068 3046 1133 3101 qua
1160 3044 1229 3099 vos,
1259 3028 1410 3101 Quirites,
1437 3042 1498 3083 nune

352 3148 359 3156 ·
447 3138 584 3189 moveant
606 3131 703 3206 potius
725 3132 845 3190 ueritate
867 3148 930 3200 sua,
949 3140 981 3187 ut
1001 3134 1142 3191 maneatis
1156 3133 1186 3190 iu
1205 3134 1275 3191 sede
1289 3144 1405 3207 vestra,
1427 3149 1497 3207 quan

416 3241 557 3313 lposma,
580 3254 668 3311 quum
691 3236 865 3313 reliqueritis
886 3255 962 3307 eam,
983 3245 1131 3294 manerent
1152 3238 1309 3299 desiderio.
1360 3240 1432 3297 Non
1450 3236 1498 3292 ein

446 3362 536 3401 seusa
566 3344 605 3400 dii
635 3342 823 3417 hominesque
854 3345 931 3400 huuc
958 3342 1022 3399 urbi
1048 3342 1205 3401 condenda
1231 3343 1332 3401 locum
1356 3345 1499 3419 elegerunt

447 3449 652 3507 saluberrimos
673 3448 770 3520 eolles,
793 3450 900 3505 flumen
921 3455 1126 3523 opportunum,
1150 3466 1208 3523 quo
1230 3466 1268 3505 ex
1290 3444 1498 3507 mediterraneis

400 3540 405 3552 ’
446 3554 517 3611 loeis
538 3552 637 3628 fruges
660 3554 854 3624 devehantur,
884 3571 942 3627 quo
964 3552 1106 3609 maritimi·
1121 3564 1301 3612 commeatus
1323 3555 1498 3629 accipiantur.

448 3678 527 3716 mare
547 3658 671 3715 vicinum
695 3659 732 3716 ad
756 3659 976 3717 commoditates
1002 3676 1056 3717 neo
1080 3660 1244 3734 expositum
1272 3661 1369 3719 nimia
1396 3658 1498 3738 propiu-

447 3766 557 3840 quitnte
594 3764 631 3821 ad
666 3764 795 3839 pericula
832 3765 966 3822 eleusium
1000 3771 1202 3834 externarum,
1235 3766 1394 3842 regionum
1423 3764 1499 3825 leuis

417 3870 589 3943 Suedium,
619 3871 656 3928 ad
677 3872 882 3930 incrementum
910 3869 991 3927 urbis
1017 3879 1116 3927 natum
1144 3870 1228 3929 unius
1256 3872 1367 3933 locum.
1417 3876 1498 3946 Argu·

393 3956 396 3965 ’
448 3984 544 4033 mento
552 3970 578 4051 1)
610 3985 654 4034 est
674 3976 929 4051 ipse‘magniudo
950 3985 1009 4032 tem
1032 3989 1116 4033 novae
1138 3973 1227 4035 urbis.
1276 3978 1498 4036 'srecentesimus

1099 4119 1114 4131 ς
1516 4043 1518 4198 l

432 4226 435 4233 ’
475 4230 500 4297 ¹)
520 4236 641 4297 Fortasse
660 4236 833 4283 soribidebet:
854 4233 1018 4297 regionem
1037 4235 1142 4284 Italiae
1159 4236 1306 4288 medium.
1341 4237 1394 4286 Ad
1413 4238 1496 4286 incre·

519 4312 657 4353 mentum
679 4304 775 4353 urbis
794 4312 903 4352 uatum
922 4306 1022 4353 uuiee
1038 4306 1154 4364 losum,
1174 4314 1373 4367 argumento
1393 4315 1439 4355 eut
