3392 5084
517 547 597 597 Liber
612 547 648 598 11.
684 547 958 613 (actast-too.)
1187 555 1225 611 93

224 747 305 802 qnam
322 729 449 787 intestina
470 731 603 806 corporis
625 731 729 790 seditio
750 732 853 790 similis
874 735 952 792 esset
972 733 1024 792 irse
1051 735 1144 810 plebis
1165 736 1195 792 in
1216 755 1268 812 pa·

223 844 285 902 tres,
303 835 407 892 flexisse
427 843 539 893 mentes
560 838 718 896 bominum.
762 838 822 912 Agt
833 835 937 894 deinde
956 837 993 894 de
1010 840 1167 898 concordia
1183 859 1268 918 coep·
1315 843 1361 913 33

222 947 290 1008 turn,
318 956 537 1015 concessumque
557 941 588 998 in
610 942 810 1012 condiciones,
842 951 875 1000 nt
901 941 979 1018 plebi
1007 943 1053 1001 sui
1080 945 1268 1020 magistratus

222 1052 305 1100 asem
322 1046 506 1116 sacrosancti,
529 1047 634 1120 quibus
655 1047 757 1106 auxilii
777 1046 849 1104 latio
865 1045 1005 1104 adversus
1028 1050 1160 1107 consules
1182 1060 1267 1122 esset,

220 1166 284 1204 neve
302 1149 345 1206 cui
364 1160 480 1225 patrum
504 1170 608 1227 capere
631 1171 696 1210 eum
719 1152 920 1227 magistratum
943 1152 1051 1214 liceret.
1098 1156 1147 1214 Ita
1161 1157 1297 1221 tubuni2

219 1253 300 1327 plebei
319 1256 407 1314 mesti
428 1257 502 1328 duo,
533 1256 567 1315 C.
590 1257 719 1316 Licinius
741 1266 771 1314 et
793 1257 827 1314 L.
849 1257 986 1316 Albinus.
1037 1259 1078 1316 Hi
1101 1267 1158 1317 tres
1180 1260 1266 1320 colle·

219 1376 267 1433 gas
282 1360 332 1418 sibi
352 1370 533 1420 creaverunt.
556 1362 593 1418 In
607 1361 653 1418 his
669 1361 808 1421 Sicinium
824 1361 923 1434 fuisse,
938 1362 1087 1422 seditionis
1102 1373 1250 1423 auctorem
1258 1387 1266 1440 ;

219 1465 251 1520 de
269 1465 382 1536 duobus,
407 1467 457 1540 qui
479 1465 595 1536 luerint,
617 1466 711 1523 minus
735 1467 880 1524 convenit.
925 1468 1013 1539 Sunt,
1037 1470 1086 1544 qui
1107 1471 1181 1528 duos
1203 1451 1297 1538 tan-3

219 1580 269 1627 tun
290 1571 319 1627 in
345 1589 432 1628 sacro
453 1578 552 1628 monte
585 1581 701 1629 creatos
728 1572 861 1638 tribunos
888 1589 952 1631 esse
974 1574 1073 1632 dicant
1101 1575 1198 1650 ibique
1220 1594 1266 1634 sa-

219 1684 312 1732 cratam
333 1676 428 1751 legem
449 1675 550 1735 latam.

285 1783 342 1839 Per
362 1781 557 1839 secessionem
577 1780 671 1855 plebis
686 1779 738 1857 Sp.
759 1771 879 1840 Cassius
900 1792 930 1841 et
944 1785 1101 1842 Postumus
1116 1783 1266 1842 Cominius
1277 1761 1313 1878 ἒ
1322 1775 1376 1879 “eff
1389 1767 1448 1882 {33

218 1887 380 1945 comulatam
401 1886 537 1942 inierant.
584 1885 642 1942 His
663 1885 830 1945 consulibus
857 1905 923 1945 cum
954 1889 1066 1946 Latinis
1088 1890 1203 1965 populis
1224 1890 1296 1958 ic·4

218 2002 267 2049 tun
290 1993 400 2051 foedus.
457 1991 509 2048 Ad
538 1991 569 2048 id
597 1988 758 2048 feriendum
788 1993 889 2050 consul
917 1991 991 2050 alter
1018 1995 1119 2054 Romae
1146 1994 1265 2064 mensit3

219 2097 279 2154 alter
302 2099 338 2155 ad
365 2097 508 2154 Volscum
529 2095 636 2153 bellum
658 2095 764 2154 misem
791 2095 928 2155 Antiates
950 2099 1076 2157 Volscos
1104 2099 1200 2157 fundit
1218 2099 1264 2158 iu·

219 2210 322 2276 gatqne;
342 2201 510 2277 compulsos
532 2201 562 2258 in
584 2200 722 2276 oppidem
737 2202 901 2278 Longulam
924 2211 1092 2279 persecutus
1114 2203 1264 2260 moenibus

218 2306 316 2378 potitur.
357 2307 432 2364 inde
452 2305 585 2382 protinus
606 2305 774 2377 Poluscam,
795 2307 865 2366 item
880 2308 1066 2378 Volscorum,
1088 2307 1180 2383 cepit3
1203 2317 1296 2372 tum5

219 2427 308 2485 magna
326 2411 357 2469 vi
379 2410 501 2468 adortus
522 2416 568 2466 est
588 2406 731 2469 Coriolos.
775 2413 851 2470 Erat
870 2421 932 2470 tum
953 2414 983 2470 in
999 2411 1102 2472 cesttis
1116 2412 1191 2470 inter
1205 2412 1264 2488 pri-
1370 2457 1374 2464 ,

219 2533 296 2573 nores
317 2516 453 2575 iuvenum
480 2516 533 2576 Cn.
556 2517 704 2585 Marcius,
727 2517 896 2575 adolescens
920 2528 948 2576 et
974 2519 1096 2576 consilio
1120 2527 1149 2576 at
1175 2536 1263 2576 mann

219 2630 358 2696 promptus,
380 2623 426 2681 cui
448 2641 611 2698 cognomen
631 2632 735 2698 postea
756 2621 915 2681 Coriolano
937 2623 1000 2685 luit.
1049 2625 1146 2698 Quum
1168 2623 1294 2690 subitoss

220 2728 354 2786 exercitum
377 2731 546 2788 Romanam
569 2727 704 2788 Coriolos
725 2728 905 2789 obsidentem
929 2737 1018 2805 atque
1038 2730 1069 2788 in
1091 2731 1264 2806 oppidanos,

220 2847 276 2902 qnos
294 2833 370 2892 intus
391 2835 507 2892 clausos
529 2835 666 2905 habebat,
688 2835 828 2892 intentum
840 2833 902 2890 sine
913 2834 972 2892 ullo
992 2844 1070 2892 metu
1086 2833 1263 2893 extrinsecus

219 2931 370 2995 inminentis
404 2938 490 3009 belli,
517 2939 634 2998 Volscae
661 2939 806 3015 legiones,
828 2937 967 3013 profectae
990 2942 1027 2998 ab
1050 2939 1158 3009 Antio,
1180 2939 1264 2996 inva-

219 3038 311 3114 sissent,
331 3043 492 3118 eodemque
514 3053 647 3121 tempore
668 3063 706 3100 ex
727 3044 836 3119 oppido
859 3045 1022 3121 erupissent
1042 3047 1157 3114 hostes,
1187 3043 1263 3102 forte

219 3143 241 3199 in
258 3148 373 3206 statione
394 3151 525 3208 Marcius
547 3149 611 3213 luit.
657 3151 778 3207 iscam
800 3150 913 3208 delecta
941 3151 1063 3208 militum
1091 3167 1179 3207 manu
1202 3159 1291 3210 nont
1349 3155 1353 3160 '

220 3251 289 3309 modo
309 3255 449 3330 impetum
463 3255 674 3330 erumpentium
694 3255 816 3324 retudit,
837 3255 889 3312 sed
903 3274 956 3330 per
977 3263 1124 3331 patentem
1146 3261 1261 3330 portam

219 3352 286 3414 ferox
303 3360 405 3436 irrupit
426 3361 456 3417 in
478 3361 614 3436 proxima
634 3359 725 3430 urbis,
746 3361 883 3434 caedeque
903 3361 1000 3432 facta,
1035 3361 1131 3436 ignem
1154 3369 1262 3417 temere

220 3471 343 3537 arreptum
370 3465 586 3523 imminentibus
614 3483 697 3522 muro
724 3465 852 3523 aediiiciis
868 3443 989 3523 iniecit.
1049 3463 1168 3524 Clamor
1195 3466 1293 3528 inde8

220 3567 408 3640 oppidanorum
431 3570 539 3628 mixtus
566 3570 700 3628 muliebri
726 3571 888 3645 puerilique
908 3571 1024 3647 ploratu
1049 3572 1087 3628 ad
1114 3581 1263 3643 terrorem,

222 3677 246 3724 ut
261 3673 340 3746 solet,
361 3677 488 3750 primum
510 3684 575 3734 orto
597 3685 626 3733 ct
646 3677 788 3736 Romanis
810 3677 893 3734 auxit
925 3677 1053 3734 animum
1087 3685 1115 3734 et
1136 3678 1264 3735 turbavit

221 3770 338 3852 Volscos,
358 3789 461 3857 utpote
482 3789 569 3856 capta
589 3783 675 3859 urbe,
708 3781 814 3839 suiad
837 3780 986 3840 ferendam
1009 3801 1093 3857 opem
1116 3793 1263 3840 venerant.

222 3877 257 3937 lts
272 3881 324 3943 insi
344 3885 447 3945 Volsci
468 3887 615 3958 Antiates,
637 3884 747 3944 Corioli
769 3886 908 3962 oppidum
930 3895 1064 3963 captum3
1093 3897 1294 3962 tantumque9

223 4000 263 4043 sua
278 3989 357 4050 laude
378 3992 491 4050 obstitit
511 3992 598 4050 lamas
619 3991 745 4048 consulis
766 3991 906 4062 Marcius,
929 4001 975 4062 ut,
996 3991 1052 4048 nisi
1073 3990 1176 4048 foedus
1198 4009 1263 4048 cnm
1312 3997 1313 4000 ’

224 4088 322 4166 Latina,
341 4098 490 4155 columma
510 4116 602 4155 aenea
622 4097 806 4172 insculptum,
828 4105 1015 4154 monumento
1038 4103 1128 4168 esset,
1151 4097 1189 4153 ab
1210 4096 1262 4171 Sp.

224 4193 306 4258 Cassio
325 4221 391 4264 uno,
417 4202 488 4277 quia
509 4202 622 4277 college
644 4202 768 4271 afuerat,
790 4203 888 4271 ictum,
911 4202 1083 4259 Postumum
1099 4199 1264 4259 Cominium

224 4299 308 4363 belum
327 4307 451 4383 gessisse
473 4326 537 4365 cum
561 4307 688 4377 Volscis,
710 4306 852 4364 memoria
874 4308 1016 4364 cessisset.
1268 4302 1270 4305 ’
