3392 5084
483 481 540 538 142
771 476 851 526 Liber
867 473 915 525 ΠΙ.
944 473 990 538 (Δ.
1009 491 1035 527 u.
1052 491 1074 525 c.
1090 476 1162 541 att.)

409 666 426 721 3
439 672 528 739 atque
535 662 704 720 introductis
715 660 830 730 nuntiis,
849 679 957 736 magno
971 679 1059 736 opere
1070 670 1175 732 censet,
1190 681 1228 719 ne
1239 671 1414 738 exspectent,
1429 665 1483 720 dun

438 771 476 827 ab
497 771 594 828 Roma
614 767 703 842 legati
730 766 870 824 auxilium
900 774 1030 841 petentes
1057 766 1188 837 veniant3
1218 768 1378 843 periculum
1404 770 1483 845 ipsum

439 876 647 950 discrimenque
669 891 704 930 ac
725 872 848 930 sociales
870 872 940 928 daos
965 871 1108 946 fidemque
1137 871 1279 932 foederum
1307 874 1337 929 id
1364 893 1485 949 poscere;

439 982 604 1041 demerendi
625 979 763 1038 beneficio
784 987 844 1036 tam
865 985 1028 1052 potentem,
1054 987 1115 1034 tam
1136 978 1332 1055 propinquam
1353 980 1484 1038 civitaten

409 1093 585 1163 lnunquam
607 1103 706 1162 parem
728 1084 910 1142 occasionem
933 1084 1052 1140 daturos
1074 1085 1154 1142 deos.
1199 1085 1303 1143 Placet
1324 1085 1395 1144 ferri
1418 1087 1485 1143 auxi-

438 1193 523 1262 lium3
544 1192 677 1249 iuventus
700 1189 898 1259 conscribitur,
918 1208 1000 1246 arma
1022 1189 1135 1249 dantur.
1179 1192 1304 1250 Romam
1326 1193 1423 1268 prima
1434 1192 1485 1250 luca

437 1298 585 1356 venientes
605 1295 708 1372 procul
730 1295 857 1371 speciem
879 1295 1005 1354 hostium
1026 1297 1189 1372 praebuere3
1211 1297 1305 1371 AEqui
1326 1307 1379 1355 aut
1400 1299 1486 1356 Volso'

437 1404 536 1461 venire
549 1401 605 1459 visi
619 1408 697 1470 sunt3
719 1399 831 1470 deinde,
853 1400 903 1458 ubi
917 1417 1010 1476 sanus
1024 1410 1119 1458 terror
1133 1402 1214 1474 abiit,
1236 1405 1347 1479 accepti
1356 1405 1388 1462 in
1400 1405 1485 1462 urbem

409 1509 554 1585 5agmine
574 1509 604 1565 in
625 1507 722 1565 forum
743 1505 930 1566 descendunt.
972 1505 1019 1564 Ibi
1040 1507 1099 1564 iem
1121 1507 1157 1568 P.
1171 1507 1318 1580 Valerius,
1339 1511 1439 1569 relicto
1458 1511 1487 1567 ad

409 1623 589 1690 eportarum
610 1611 746 1688 praesidia
767 1611 894 1686 collega,
920 1599 1081 1668 instruebat
1104 1614 1205 1672 aciem.
1253 1617 1425 1674 Auctoritas
1443 1617 1486 1674 viri

438 1725 586 1790 moverat,
609 1715 795 1788 affirmantis,
823 1714 969 1791 Capitolio
990 1729 1161 1793 recuperato
1183 1722 1305 1779 et‘urbe
1325 1733 1448 1798 pecata,
1469 1722 1486 1778 si

439 1824 553 1882 edoceri
572 1841 604 1879 se
624 1823 737 1892 sissent,
755 1841 820 1898 quas
840 1821 922 1879 fraus
936 1823 973 1881 ab
989 1823 1109 1880 tribunis
1121 1826 1235 1886 occulta
1246 1828 1276 1884 in
1289 1827 1354 1902 lege
1368 1827 1487 1894 ferretur,

438 1949 594 1989 memorem
626 1948 658 1986 se
687 1929 829 1986 maiorum
861 1945 994 1999 auorum,
1026 1949 1183 1989 memorem
1216 1933 1412 2008 cognominis,
1442 1951 1486 2008 quo

438 2035 539 2112 populi
558 2035 671 2094 colendi
691 2034 771 2092 velut
792 2035 969 2092 hereditaria
990 2053 1061 2092 cura
1082 2036 1136 2094 sibi
1161 2057 1179 2094 a
1206 2039 1365 2097 maioribus
1395 2040 1487 2098 tradita

410 2147 523 2213 lenset,
546 2143 697 2201 concilium
719 2141 811 2219 plebia
832 2159 890 2198 non
912 2141 1125 2228 impediturum.
1169 2144 1256 2202 Hunc
1278 2146 1382 2202 ducem
1403 2143 1486 2205 secuti,

439 2250 631 2325 nequicquam
664 2247 889 2306 reclamantibus
922 2247 1058 2320 tribunis,
1101 2251 1131 2307 in
1163 2251 1268 2308 clivum
1304 2249 1487 2327 Capitolinum
1518 2267 1519 2306 t

439 2355 552 2430 erigtmt
574 2355 675 2416 aciem.
719 2353 897 2428 Adiungitur
918 2362 946 2409 et
967 2353 1133 2412 Tusculana
1156 2357 1242 2432 legio.
1290 2355 1412 2414 Cartare
1430 2355 1486 2412 socii

439 2461 584 2535 civesque,
604 2461 662 2518 utri
682 2469 860 2536 recuperatae
881 2459 955 2516 arcis
977 2479 1059 2516 suum
1082 2461 1169 2519 decus
1184 2461 1326 2532 lacerent3
1349 2463 1410 2519 dux
1424 2471 1487 2518 uter·

408 2569 497 2642 8que
518 2585 587 2622 suos
609 2567 788 2623 adhortatur.
832 2563 995 2638 Trepidare
1016 2573 1078 2622 tum
1099 2568 1197 2625 hostes
1218 2587 1272 2625 noc
1294 2569 1345 2625 ulli
1366 2569 1438 2626 satis
1455 2565 1486 2622 rei
1517 2583 1518 2606 ἢ

438 2681 630 2747 praeterquam
654 2672 719 2729 loco
740 2671 846 2738 fidere3
877 2669 1087 2744 trepidantibus
1114 2672 1240 2730 inferunt
1269 2673 1354 2748 signa
1374 2671 1486 2732 Romani

438 2778 575 2857 sociique.
627 2779 692 2835 lum
721 2777 751 2833 in
777 2774 951 2832 vestibulum
978 2789 1168 2854 perruperant
1195 2779 1310 2855 templi,
1348 2799 1436 2854 quum
1459 2778 1485 2834 P.

407 2877 575 2941 9Valerius
596 2884 670 2941 inter
689 2882 832 2958 primores
854 2899 982 2956 pugnam
1004 2882 1082 2939 ciens
1104 2883 1281 2942 interficitur.
1321 2859 1359 2944 ,R
1375 2885 1485 2942 Volunt·
1516 2915 1517 2950 ,

363 3060 366 3064 Δ
438 2990 502 3047 nius
526 2990 684 3048 consularis
702 2988 776 3046 vidit
789 2990 949 3048 cadentem.
983 2989 1023 3060 Is,
1044 2990 1113 3046 dato
1128 2991 1245 3065 negotio
1260 2990 1329 3061 suis,
1352 3001 1384 3047 ut
1394 3007 1485 3067 corpus

438 3097 623 3173 obtegerent,
649 3097 712 3172 ipse
737 3095 767 3152 in
794 3095 890 3152 locum
918 3094 1068 3171 vicemque
1092 3095 1218 3153 consulis
1238 3097 1385 3171 provolat.
1432 3099 1484 3154 Pro

438 3205 543 3263 ardore
562 3204 729 3279 impetuque
748 3210 837 3260 tantae
857 3200 900 3258 rei
920 3219 1033 3258 sensus·
1050 3219 1108 3258 non
1136 3203 1268 3277 pervenit
1296 3203 1335 3260 ad
1366 3203 1484 3263 militem:

390 3311 425 3367 10
438 3312 518 3388 prins
539 3310 623 3378 vicit,
653 3327 740 3384 quam
761 3328 794 3366 se
819 3315 950 3384 pugnare
977 3308 1038 3366 sine
1065 3309 1137 3366 duce
1164 3308 1291 3368 sentiret.
1334 3308 1421 3366 Multi
1446 3325 1484 3364 ex·
1515 3329 1516 3374 ,

437 3419 531 3475 aulum
549 3416 627 3473 esde
641 3433 695 3471 sua
712 3412 861 3471 foedavere
875 3414 1031 3490 templum,
1053 3414 1134 3472 multi
1145 3415 1205 3473 vivi
1216 3414 1308 3490 capti=;
1330 3414 1483 3494 Herdonius

436 3521 612 3583 interfectus.
665 3521 714 3577 Ita
744 3518 920 3596 Capitolium
950 3529 1162 3594 recuperatum.
1214 3522 1261 3578 Dc
1292 3522 1431 3598 captivis,
1460 3527 1483 3574 ut
1514 3569 1515 3610 ἶ

438 3630 559 3705 quisque
578 3628 653 3684 liber
676 3635 727 3683 aut
747 3638 848 3682 servus
870 3633 953 3696 essct,
975 3643 1034 3682 sues
1054 3624 1178 3684 fortunae
1190 3646 1209 3684 e
1222 3637 1482 3704 quoquesumptun

437 3734 607 3810 supplicium
630 3742 683 3794 est.
725 3731 898 3790 Tusculanis
919 3732 1020 3807 gratiae
1041 3739 1122 3801 actae,
1144 3730 1321 3808 Capitolium
1342 3742 1481 3811 purgatum

388 3836 421 3891 ll
437 3850 524 3916 atque
544 3840 707 3899 lustratum.
756 3841 792 3898 In
814 3837 939 3896 consulis
968 3839 1085 3896 domum
1112 3837 1211 3914 plebes
1242 3841 1431 3913 quadrantes,
1458 3844 1482 3893 ut

436 3944 537 4004 funere
558 3946 697 4022 ampliore
718 3942 878 4014 efferretur,
898 3943 1023 4001 iactasse
1043 3943 1144 4004 fertur.
1457 3999 1461 4004 .

342 4041 381 4109 ill
424 4056 427 4060 ’
489 4056 491 4059 ’
520 4055 612 4112 Parta
632 4069 720 4127 pace,
749 4049 857 4107 instare
883 4058 944 4107 tum
966 4051 1074 4108 tribuni
1094 4049 1243 4126 patribus,
1273 4059 1306 4108 ut
1327 4053 1363 4112 P.
1385 4045 1480 4107 Valerii

435 4160 520 4217 fidem
551 4157 748 4228 exsolverent,
777 4156 887 4212 instare
915 4154 1053 4230 Claudio,
1085 4164 1117 4212 ut
1149 4156 1267 4233 collegae
1298 4157 1368 4214 deos
1395 4169 1480 4213 manas

435 4264 540 4323 fraude
559 4263 704 4334 liberaret,
727 4261 776 4337 agi
796 4261 834 4317 de
854 4260 918 4337 legs
939 4261 1053 4322 sineret.
1091 4259 1209 4334 Consul,
1231 4270 1387 4338 antequam
1407 4259 1478 4319 colc-
1512 4311 1513 4338 ξ
