3392 5084
480 529 538 586 242
754 529 831 578 Liber
848 529 896 578 w.
934 528 1013 590 (nu.
1028 543 1050 576 c.
1064 531 1227 591 aas-sao.)

435 711 553 779 Prisco,
576 709 655 783 quod
676 729 735 765 non
759 709 964 784 degenerasset
984 713 1022 768 ab
1043 712 1134 786 stirpe
1156 711 1300 782 Claudia,
1322 714 1485 772 collaudante

434 818 577 884 iuvenem,
599 815 746 889 negotium
769 817 865 886 datur,
887 827 928 887 ut,
952 835 1025 890 quos
1048 817 1171 891 quisque
1191 830 1302 892 posset,
1324 839 1364 876 ex
1384 821 1486 895 collegio

387 927 418 982 11
435 921 617 978 tribunorum
639 921 676 977 ad
698 903 933 984 intercessionem
952 921 1129 996 pellicerent.
1172 923 1264 980 Misso
1281 938 1397 991 senatu,
1417 945 1486 1000 preu-

434 1035 537 1084 santur
557 1010 601 1083 ab'
615 1027 793 1102 principibus
809 1026 926 1085 tribuni.
970 1025 1136 1096 Suadendo,
1159 1029 1305 1084 monendo
1327 1030 1487 1104 pollicendo·

435 1152 500 1206 que,
522 1143 638 1207 gratum
660 1130 689 1187 id
711 1131 831 1206 singulis
853 1131 1000 1206 privatim,
1022 1140 1137 1206 gratum
1154 1131 1291 1189 universo
1303 1134 1419 1191 senatui
1430 1135 1486 1200 lore,

386 1241 420 1298 12
434 1257 486 1294 sex
508 1237 546 1294 ad
566 1215 801 1294 interscisionem
824 1255 1041 1311 comparavere.
1084 1238 1268 1310 Posteroqne
1290 1238 1340 1294 die
1362 1259 1446 1314 quum
1460 1261 1487 1296 er
1520 1234 1521 1241 '

434 1343 597 1417 composito
618 1343 742 1399 relatum
765 1342 803 1398 sd
823 1352 955 1399 senatum
977 1354 1054 1399 esset
1075 1343 1111 1400 de
1129 1343 1280 1413 seditione,
1304 1363 1397 1418 quam
1408 1345 1487 1402 Mari·

385 1452 420 1508 13
433 1448 489 1505 lius
512 1447 699 1522 Metiliusque
722 1448 877 1522 largitione
897 1448 1016 1522 pessimi
1039 1447 1164 1522 exempli
1188 1449 1348 1520 concirent,
1373 1470 1415 1507 ea
1436 1471 1488 1507 ora·
1520 1482 1521 1511 3

433 1553 527 1610 tiones
552 1573 570 1610 s
591 1554 767 1628 primoribus
788 1564 904 1628 patrum
928 1553 1035 1610 hdbitae
1058 1563 1141 1623 sunt,
1171 1563 1204 1609 ut
1232 1572 1288 1628 pro
1317 1573 1353 1612 se
1386 1558 1488 1631 quisque

432 1659 491 1715 iam
514 1677 567 1714 nec
588 1658 740 1715 consilium
764 1658 821 1716 sibi
847 1665 1003 1732 suppetere
1023 1659 1146 1729 diceret,
1174 1677 1228 1716 nec
1249 1677 1281 1716 se
1304 1660 1398 1718 ullam
1419 1674 1497 1737 open‘

433 1781 550 1820 cernere
579 1763 665 1820 aliam
696 1781 819 1836 usquam
851 1772 1043 1837 praeterquam
1073 1765 1103 1820 in
1131 1764 1285 1820 tribunicio
1318 1767 1487 1836 auxili03in

432 1865 493 1923 eius
521 1867 673 1942 potestatis
703 1868 789 1924 fidem
817 1869 1043 1925 circumventam
1074 1889 1133 1926 rem
1166 1869 1331 1943 publicam,
1364 1881 1488 1946 tanquan
1520 1902 1522 1907 ·

383 1978 417 2030 14
430 1973 577 2047 privatum
601 1973 728 2046 inopem,
751 1971 922 2046 confugere3
944 1974 1115 2046 praeclarum
1128 1975 1200 2049 ipsis
1215 1976 1418 2051 potestatique
1431 1995 1489 2035 essa

430 2097 489 2134 non
511 2078 549 2133 ad
570 2077 736 2138 vexandum
759 2088 891 2133 senatum
913 2077 1147 2152 discordiamque
1167 2079 1302 2136 ordinum
1325 2081 1489 2137 movendam
1520 2140 1522 2143 ,

429 2184 495 2259 plus
522 2183 551 2239 in
579 2182 729 2240 tribunatu
755 2181 861 2240 virium
889 2200 1063 2256 essequam
1086 2183 1123 2238 ad
1144 2182 1338 2239 resistendum
1364 2185 1489 2261 improbis
1520 2241 1522 2244 ,

381 2294 416 2347 15
431 2289 558 2364 collegis
607 2288 753 2344 Fremitus
782 2287 887 2344 deinde
913 2286 1040 2344 universi
1068 2297 1186 2344 senatus
1217 2296 1314 2355 ortus,
1347 2307 1438 2362 quum
1462 2307 1489 2342 er

431 2395 563 2451 omnibus
592 2393 723 2468 partibus
752 2393 837 2450 curiae
868 2391 976 2448 tribuni
1005 2391 1228 2466 appellarentur.
1278 2368 1362 2450 Tum
1392 2395 1489 2451 silentio
1520 2430 1522 2435 -

429 2499 508 2558 facto
531 2500 560 2566 ii,
586 2497 635 2572 qui
656 2497 813 2570 praeparati
836 2507 919 2552 erant
939 2497 1035 2570 gratia
1056 2495 1233 2570 principum,
1257 2515 1350 2570 quam
1374 2499 1489 2573 rogatio·

429 2623 494 2660 nem
518 2622 536 2659 a
558 2601 676 2676 collegis
705 2601 920 2674 promulgatam
948 2611 1065 2657 senatus
1091 2611 1209 2657 censeat
1237 2601 1436 2660 dissolvendae
1458 2602 1490 2658 rei
1520 2638 1521 2643 κ

380 2719 421 2772 ιδ’
429 2707 551 2784 publicae
574 2723 653 2776 esse,
681 2707 708 2761 ei
732 2724 764 2762 se
784 2707 993 2763 intercessuros
1014 2707 1178 2762 ostendunt.
1201 2746 1203 2749 -
1226 2705 1343 2764 Gratiae
1367 2709 1489 2764 interces-
1520 2746 1522 2783 ,

428 2813 543 2870 soribus
560 2812 597 2868 ab
613 2819 714 2866 senatu
731 2821 812 2868 aotee.
857 2811 982 2866 Latores
991 2810 1161 2884 rogationis,
1183 2810 1320 2866 contione
1345 2813 1490 2878 adrosa
1520 2786 1522 2887 l

428 2917 591 2992 proditores
615 2915 708 2990 plebis
730 2917 950 2990 commodorum
982 2934 1016 2971 ac
1044 2933 1146 2970 servos
1172 2913 1373 2972 consularium
1403 2915 1491 2992 appel·
1520 2908 1521 2917 ¹

428 3023 521 3078 lantes
557 3021 673 3094 aliaque
702 3022 777 3077 truci
809 3022 940 3077 oratione
974 3021 1005 3076 in
1037 3019 1165 3094 collegas
1194 3019 1319 3088 invecti,
1357 3023 1490 3078 actionem

429 3127 599 3202 deposuere.

333 3233 375 3300 49
454 3279 456 3284 .
513 3234 581 3290 Duo
603 3231 681 3288 bella
701 3231 856 3304 insequens
883 3250 977 3288 annus
1006 3229 1171 3296 habuisset,
1202 3247 1261 3302 quo
1283 3231 1320 3286 P.
1346 3229 1492 3288 Cornelius

255 3322 416 3438 2¹¹3&ssss
430 3338 556 3406 Cossus,
579 3335 610 3394 C.
634 3336 771 3392 Valerius
793 3336 919 3402 Potitus,
943 3335 980 3407 Q.
1003 3334 1154 3406 Quinctius
1176 3331 1389 3405 Cincinnatus,
1413 3339 1492 3394 Num.

342 3426 348 3440 ⁸
410 3423 540 3500 'Fabius
561 3443 725 3499 Vibulanus
754 3441 861 3496 tribuni
891 3439 1012 3496 militurn
1036 3439 1183 3495 consulari
1204 3448 1353 3513 potestate
1375 3442 1492 3499 fuenut

397 3553 457 3610 2ni
479 3549 589 3604 Veiens
609 3545 715 3603 bellum
738 3545 839 3620 religio
867 3544 1029 3618 principum
1056 3544 1227 3613 distulisset,
1256 3563 1386 3618 quornm
1415 3563 1492 3620 agros

428 3650 545 3709 Tiberis
573 3667 660 3723 super
687 3650 767 3725 ripas
796 3649 905 3706 effusus
934 3649 1063 3704 maxime
1089 3649 1180 3704 ruinis
1201 3648 1339 3706 villarum
1360 3650 1491 3707 vastarit.

398 3755 522 3815 ssimul
543 3744 661 3827 AEquos
687 3753 811 3812 triennio
839 3765 907 3810 ante
933 3763 1054 3827 accepta
1074 3751 1172 3809 clades
1192 3753 1344 3826 prohibuit
1368 3755 1493 3821 Bolanis,

398 3865 488 3919 dsuae
517 3859 610 3934 gentis
640 3859 767 3934 populo,
805 3859 971 3935 praesidium
1002 3857 1088 3914 ferre.
1140 3857 1339 3914 Excursiones
1368 3859 1441 3915 inde
1469 3858 1494 3913 in

428 3967 569 4022 confinem
608 3981 711 4038 agrum
749 3963 930 4020 Lauicanam
966 3962 1052 4019 factae
1087 3972 1170 4016 eraut
1204 3961 1348 4035 novisque
1388 3962 1494 4018 colonia

393 4074 415 4126 ·5
428 4071 534 4127 bellum
565 4069 688 4126 illatum.
745 4067 840 4140 Quam
872 4086 981 4124 noxam
1013 4084 1101 4139 quum
1128 4051 1165 4121 'se
1193 4083 1336 4122 consensu
1367 4067 1494 4124 omniun

427 4176 593 4250 AEquorum
619 4171 789 4229 defensuros
810 4180 992 4246 sperassent,
1013 4171 1119 4226 deserti
1140 4171 1179 4226 ab
1200 4170 1270 4240 suis,
1292 4189 1329 4228 ne
1349 4189 1494 4230 memora·
1520 4166 1522 4255 Ι

426 4280 477 4336 bili
501 4279 617 4352 quidem
640 4255 733 4346 bdllo,
755 4295 808 4350 per
830 4275 1009 4346 obsidionem
1030 4275 1183 4348 levemque
1203 4293 1294 4331 unam
1316 4293 1451 4350 pugnam
1470 4286 1494 4330 et
