3392 5084
474 537 511 588 70
769 530 847 579 Liber
862 529 896 579 11.
934 530 979 588 (A.
998 545 1024 582 u.
1044 544 1064 579 o.
1085 529 1156 592 246.)

429 713 499 770 cilis.
547 712 628 770 Nihil
651 713 730 770 aliud
752 709 789 771 ad
803 713 869 771 euni
885 713 1014 770 nuntium
1037 733 1055 771 a
1077 713 1227 790 proposito
1253 729 1383 781 aversus,
1407 729 1484 785 quam

428 829 461 874 ut
483 820 610 875 cadaver
631 817 727 875 efferri
747 819 874 888 iuberet,
907 829 1007 876 tenens
1029 833 1142 895 postem
1164 819 1361 895 precationem
1383 815 1485 891 peragit
1528 805 1529 858 i

431 934 460 979 et
480 925 595 980 dedicat
614 923 760 997 templum.

398 1027 416 1081 9
514 1030 586 1086 Haee
614 1038 681 1103 post
711 1038 830 1084 exactos
862 1048 945 1105 reges
976 1030 1055 1086 domi
1087 1030 1252 1104 militiaque
1286 1037 1370 1104 gesta
1400 1027 1484 1101 primo

246 1105 412 1228 {ffiggg
430 1154 516 1192 anno.
564 1134 637 1192 Inde
658 1135 694 1192 P.
718 1134 854 1190 Valerius
875 1135 996 1202 iterum,
1025 1136 1062 1193 T.
1086 1137 1237 1194 Lucretius
1260 1133 1392 1191 eonsules
1413 1131 1483 1188 tacti.
1528 1157 1529 1171 ,

334 1240 355 1307 9
428 1241 493 1297 Iam
516 1239 671 1314 Tarquinii
691 1239 729 1295 ad
752 1239 870 1296 Lartem
893 1241 1081 1310 Porsinnam,
1104 1239 1253 1298 Clusinum
1268 1257 1377 1314 regem,
1398 1237 1484 1312 perfu-
1528 1247 1529 1278 i

428 1356 540 1419 gerant.
596 1345 644 1402 Ibi
664 1344 811 1401 miscendo
835 1345 985 1402 consilium
1006 1363 1166 1419 precesque
1188 1363 1265 1401 nuno
1286 1345 1426 1413 orabant,
1455 1361 1485 1397 ne
1528 1351 1529 1385 2

428 1467 469 1517 se,
485 1450 622 1506 oriundos
638 1469 675 1506 ex
690 1450 830 1519 Etruscis,
854 1451 982 1508 eiusdem
998 1450 1146 1524 sanguinis
1165 1449 1357 1522 nominisque,
1380 1458 1484 1522 egentes
1528 1459 1529 1490 ³

397 1555 563 1618 2exsuiare
585 1563 746 1628 pateretnr3
767 1573 843 1610 nuno
867 1557 1024 1612 monebant
1045 1555 1141 1624 etiarn,
1163 1573 1200 1610 ne
1222 1553 1362 1610 orientem
1386 1571 1484 1610 morem
1528 1560 1529 1598 ἒ

428 1660 554 1733 pellendi
574 1677 658 1733 reges
681 1658 801 1716 inultum
825 1659 940 1717 sineret.
985 1659 1063 1718 Satis
1085 1660 1246 1716 libertatem
1264 1659 1361 1733 ipsam
1388 1660 1484 1715 habere
1528 1673 1529 1678 ¹

398 1773 414 1828 3
428 1765 597 1821 dulcedinis.
645 1765 720 1833 Nisi,
743 1774 854 1837 quanta
868 1763 898 1820 vi
913 1763 1044 1820 civitates
1059 1783 1123 1821 eam
1139 1772 1286 1838 expetant,
1308 1773 1392 1820 tanta
1405 1782 1484 1838 regna
1528 1787 1529 1810 1

427 1887 511 1942 reges
533 1869 705 1939 defendant,
727 1870 836 1943 aequari
859 1887 973 1926 summa
994 1869 1112 1938 infimis;
1134 1868 1205 1925 nihil
1227 1869 1388 1938 excelsum,
1415 1868 1484 1936 nihii,
1528 1885 1529 1916 ;

428 1974 508 2047 quod
529 1992 620 2049 supra
641 1987 737 2032 cetera
758 1975 899 2044 emineat,
933 1974 962 2030 in
983 1974 1149 2030 civitatibus
1171 1973 1247 2042 fore,
1284 1975 1388 2031 adesse
1408 1976 1483 2030 finem

397 2081 540 2154 dregnis,
571 2081 614 2136 rei
645 2081 719 2136 inter
750 2081 820 2136 deos
851 2079 1040 2152 hominesque
1074 2079 1282 2154 pulcherrima.
1339 2081 1483 2148 Porsinna,
1528 2095 1529 2127 t

428 2202 516 2256 quum
536 2204 634 2259 regem
657 2203 720 2241 esse
741 2186 852 2253 Romae,
876 2195 936 2242 tum
961 2185 1092 2241 Etruscae
1118 2184 1211 2259 gentis
1233 2203 1343 2266 regem,
1365 2185 1483 2258 amplum
1528 2211 1529 2232 i

397 2289 532 2345 5Tuscis
561 2302 652 2356 ratus,
674 2292 799 2347 Romam
831 2290 937 2348 infesto
967 2291 1093 2346 exercitu
1122 2289 1208 2345 venit.
1266 2290 1335 2346 Non
1367 2307 1483 2364 unquam

427 2394 500 2450 alias
523 2405 589 2452 ante
609 2408 707 2452 tantus
729 2404 823 2451 terror
844 2405 976 2452 senatum
997 2395 1120 2463 invasit3
1148 2395 1222 2451 adeo
1244 2395 1344 2452 valida
1364 2414 1411 2451 res
1432 2405 1483 2450 tum
1528 2411 1529 2444 t

428 2497 547 2555 Clusina
567 2509 630 2557 erat
650 2520 846 2575 magnumque
874 2501 1026 2558 Porsinnae
1054 2518 1167 2556 nomen.
1210 2499 1273 2556 Nec
1288 2501 1387 2558 hostes
1403 2499 1481 2556 modo
1528 2513 1529 2546 t

386 2597 392 2608 '
428 2604 577 2674 timebant,
600 2606 651 2661 sed
673 2616 802 2662 suosmet
821 2606 878 2678 ipsi
900 2605 993 2677 cirea,
1010 2623 1046 2660 ne
1067 2605 1201 2662 Romana
1222 2605 1304 2679 plebs
1327 2617 1406 2662 metu
1427 2625 1482 2680 por·
1528 2621 1529 2654 t

429 2707 518 2768 culsa,
540 2711 663 2783 receptis
684 2711 714 2766 in
737 2712 836 2766 urbem
859 2711 986 2784 regibus,
1008 2710 1054 2765 vel
1076 2729 1141 2764 oum
1165 2710 1304 2768 servitute
1318 2730 1422 2786 paoem
1442 2728 1482 2766 ao·
1528 2725 1529 2758 t

398 2814 545 2887 dciperet.
594 2813 689 2871 Multa
720 2815 809 2888 igitur
838 2813 1037 2870 blandimenta
1063 2815 1140 2889 plebi
1170 2833 1223 2889 per
1251 2815 1280 2871 id
1308 2823 1422 2891 tempus
1452 2816 1482 2870 ab
1528 2831 1529 2862 1

427 2930 530 2973 senatu
552 2919 629 2977 data.
677 2921 811 2975 Annonae
833 2919 974 2994 imprimis
1003 2920 1104 2975 habita
1131 2938 1216 2988 eura,
1246 2928 1276 2976 et
1303 2922 1341 2977 ad
1362 2920 1482 2990 frumen·
1528 2937 1529 2974 t

426 3032 488 3079 tum
512 3025 740 3097 comparandum
768 3025 849 3082 missi
882 3025 930 3081 alii
962 3026 992 3080 in
1014 3025 1149 3094 Volscos,
1171 3025 1221 3080 alii
1248 3023 1367 3084 Cumas.
1415 3025 1482 3084 Salis

426 3147 542 3202 quoque
564 3128 706 3185 vendendi
728 3129 897 3200 arbitrium,
928 3130 996 3204 quia
1023 3130 1155 3204 impenso
1181 3131 1275 3205 pretio
1298 3132 1429 3201 venibat,
1458 3131 1482 3185 in

425 3235 572 3310 publicum
596 3253 681 3291 onrne
702 3244 864 3308 sumptum,
892 3235 1058 3308 ademptum
1080 3235 1217 3310 privatis;
1249 3237 1443 3311 portoriisque
1460 3242 1483 3290 et

425 3340 533 3396 tributo
555 3340 653 3414 plebes
667 3340 800 3409 liberate,
823 3349 855 3396 ut
876 3338 979 3395 divites
1001 3339 1173 3409 conferrent,
1198 3341 1248 3415 qni
1270 3340 1351 3396 oneri
1373 3338 1481 3396 ferendo

425 3453 536 3500 essentt
568 3463 712 3520 pauperes
739 3433 811 3500 satis
832 3444 967 3518 stipendii
988 3445 1130 3528 pendere,
1152 3445 1178 3501 si
1198 3446 1305 3503 liberos
1328 3446 1480 3504 educerent.

395 3550 529 3623 71taque
553 3551 615 3607 haeo
639 3549 818 3624 induigentia
847 3558 963 3623 patrum
995 3550 1106 3624 asperis
1134 3551 1321 3625 post-modum
1348 3552 1433 3608 rebus
1457 3548 1481 3603 in

425 3655 576 3711 obsidione
599 3675 633 3712 ac
654 3653 734 3711 fame
756 3656 830 3711 adeo
846 3654 1019 3712 concordem
1035 3655 1181 3712 civitatem
1204 3655 1304 3724 tenuit,
1327 3665 1359 3712 ut
1378 3656 1480 3729 regium

394 3761 530 3815 8n0men
551 3776 610 3813 non
631 3759 737 3814 summi
759 3760 852 3834 magis
868 3778 954 3833 quam
978 3760 1068 3816 infimi
1079 3761 1239 3828 horrerent,
1260 3779 1314 3817 nec
1336 3761 1479 3835 quisquan

426 3881 497 3919 unus
520 3863 604 3919 malis
626 3863 736 3920 artibus
758 3873 861 3938 postea
880 3873 939 3920 tam
955 3864 1104 3939 populeris
1123 3875 1207 3934 esset,
1230 3876 1393 3938 quamtum
1416 3868 1481 3921 bena

423 3969 593 4043 imperando
614 3967 766 4024 universus
789 3980 906 4026 sanatus
927 3969 991 4029 fuit.

328 4068 368 4134 10
508 4072 605 4144 Quum
627 4073 725 4129 hostes
748 4073 891 4144 adessent,
913 4093 967 4149 pro
988 4091 1020 4130 se
1038 4074 1161 4148 quisque
1182 4074 1212 4130 in
1233 4075 1335 4131 urbem
1357 4095 1393 4134 ex
1410 4075 1480 4149 agris

424 4178 602 4251 demigrant3
630 4179 730 4234 urbem
759 4178 853 4252 ipsam
875 4179 997 4254 saepiunt
1018 4178 1167 4254 praesidiis.
1216 4178 1286 4236 Alia
1308 4181 1407 4251 muris,
1429 4179 1480 4236 alia

393 4282 525 4363 2Tiberi
546 4283 659 4340 obiecto
681 4283 855 4340 videbantur
876 4293 954 4357 tuta3
989 4301 1063 4358 pons
1089 4283 1226 4340 sublicius
1257 4285 1312 4341 iter
1336 4304 1417 4360 paene
1432 4286 1478 4342 ho·
