3392 5084
480 513 516 571 16
649 522 652 529 ’
777 506 855 557 Iubar
872 504 921 557 Vl.
957 504 1002 568 (Δ.
1012 517 1037 553 u.
1047 501 1153 565 cett)

434 665 570 756 incolumi
588 712 625 751 ex
646 691 789 751 thesauris
800 690 932 760 Gallicis,
954 689 1034 765 qood
1054 688 1196 765 primores
1211 692 1326 762 patrum
1340 682 1483 749 occultent,

435 800 574 859 creditum
595 797 670 856 solvi
690 814 788 874 posse.
842 794 897 855 cui
923 796 1051 871 ego-rei
1075 803 1188 853 tentum
1217 794 1301 850 abest
1318 799 1352 847 ut
1372 788 1484 864 impedi·

435 912 532 963 mento
553 902 623 974 sim,
655 912 688 961 ut
709 910 811 961 contra
831 910 877 973 te,
897 902 939 962 M.
960 902 1071 973 Manli,
1094 900 1248 969 adhortor,
1268 897 1375 953 liberes
1394 894 1484 951 fenore

434 1008 548 1085 plebem
577 1010 740 1069 Romanam
773 1018 802 1065 et
833 1009 906 1067 istos
931 1008 1101 1065 incubantes
1127 1002 1251 1081 publicis
1282 1000 1426 1059 thesauris
1454 1017 1485 1054 ex

405 1122 423 1177 6
434 1114 534 1190 preda
555 1114 732 1175 clandestine
753 1113 884 1176 evolvas.
930 1113 1017 1187 Quod
1044 1112 1100 1169 nisi
1123 1110 1212 1178 facis,
1240 1108 1304 1165 sive
1323 1116 1357 1165 ut
1378 1115 1408 1163 et
1433 1106 1485 1179 ipse

434 1219 465 1277 iu
485 1228 569 1295 parte
589 1221 694 1296 praedsc
716 1219 772 1289 sis,
802 1219 865 1277 sive
885 1219 955 1293 quia
975 1238 1082 1277 vanum
1103 1215 1242 1275 indicium
1262 1222 1320 1283 est,
1347 1213 1381 1269 in
1401 1211 1486 1269 vincla
1521 1203 1523 1222 '

435 1335 464 1383 te
484 1326 550 1384 duci
570 1326 677 1385 iubebo
707 1343 760 1384 nec
782 1325 888 1383 diutius
911 1325 1024 1401 patior,
1056 1343 1076 1381 a
1104 1332 1134 1381 te
1164 1320 1378 1379 multitudinem
1400 1318 1484 1376 fedari

406 1442 487 1508 tspe
508 1431 674 1492 concitari.“
722 1431 774 1489 Ad
795 1450 830 1489 ea
850 1431 979 1489 Manlios
999 1448 1054 1487 nec
1074 1448 1107 1487 se
1125 1427 1265 1486 fefellisse
1286 1428 1337 1497 ait,
1365 1444 1425 1483 nou
1443 1424 1485 1480 cd·

435 1555 536 1615 versus
558 1538 692 1609 Volscos,
713 1537 799 1596 toties
819 1539 934 1609 hostes,
966 1535 1080 1611 quoties
1106 1534 1239 1611 patribus
1263 1530 1419 1608 expediet,
1443 1547 1487 1585 nec

436 1643 575 1699 adversus
597 1642 719 1701 Latinos
739 1643 951 1717 Hernicosque,
973 1660 1046 1717 quos
1069 1641 1152 1699 fulsis
1172 1638 1341 1697 criminibus
1363 1637 1396 1693 iu
1417 1654 1488 1693 erma

407 1776 410 1782 ·
435 1756 533 1823 egent,
555 1748 606 1805 sed
622 1748 761 1805 adversus
774 1767 814 1807 se
828 1767 865 1805 ac
875 1748 989 1824 plebem
1001 1750 1165 1807 Romanam
1179 1747 1355 1803 dictatorem
1370 1752 1487 1801 creatum

405 1868 514 1925 gesse;
546 1854 606 1911 iam
627 1853 734 1911 omisso
756 1852 847 1925 bello,
876 1853 955 1928 quod
976 1853 1140 1911 simulatum
1162 1853 1217 1922 sit,
1247 1852 1279 1909 iu
1302 1868 1335 1907 se
1358 1849 1489 1924 impetum

434 1960 510 2030 fieri3
549 1960 608 2017 iam
638 1959 806 2017 dictatorem
842 1958 973 2036 profiteri
999 1959 1193 2035 patrocinium
1220 1957 1423 2015 feneratorum
1444 1952 1489 2008 ad·

381 2068 385 2074 '
434 2085 535 2125 versus
566 2065 695 2142 plebcm;
731 2066 790 2123 iam
817 2065 874 2125 sibi
907 2084 946 2123 ex
975 2064 1079 2122 favore
1107 2062 1299 2121 multitudinis
1332 2062 1445 2118 crimen
1468 2069 1491 2113 ct

405 2190 422 2245 9
434 2171 590 2248 perniciem
612 2171 711 2246 quaeri.
762 2168 930 2241 „offendis
952 2170 1046 2245 iuquit
1069 2179 1131 2242 „te,
1157 2173 1197 2229 A.
1219 2168 1354 2238 Corneli,
1376 2154 1490 2241 vosque,
1521 2215 1523 2218 .

434 2287 533 2353 potres
554 2276 722 2353 conscripti,
756 2273 932 2335 circumfusa
958 2276 1045 2333 turba
1070 2275 1156 2333 lateri
1186 2272 1272 2332 meo?
1322 2273 1404 2348 Quin
1434 2290 1490 2329 eam

435 2383 568 2441 diducitis
586 2400 665 2440 eme
684 2381 789 2457 singoli
808 2381 914 2439 vestris
931 2381 1086 2452 beneficiis,
1106 2381 1322 2450 intercedendo,
1343 2377 1490 2435 eximendo

435 2489 472 2545 de
492 2508 581 2547 nervo
604 2488 681 2546 cives
704 2498 827 2559 vestros,
847 2488 1028 2562 prohibendo
1048 2487 1192 2562 iudicatos
1213 2486 1409 2559 addictosque
1425 2481 1492 2549 duci,

307 2672 309 2679 y
436 2614 473 2652 ox
505 2614 556 2665 eo,
591 2595 669 2670 quod
702 2594 797 2652 effluit
827 2593 931 2670 opibus
962 2593 1076 2661 vestris,
1092 2591 1277 2648 'sustinendo
1309 2590 1493 2647 necessitates

387 2707 422 2762 10
436 2698 579 2757 aliorum?
627 2700 687 2759 Sed
709 2700 778 2775 quid
799 2716 854 2775 ego
875 2718 948 2769 vos,
979 2699 1016 2756 de
1041 2706 1140 2755 vestro
1159 2696 1351 2773 impendatis,
1380 2691 1493 2751 hortor?

437 2806 550 2866 Sortem
573 2805 717 2881 reliquam
737 2805 829 2875 ferte3
861 2804 1013 2881 decapite
1033 2804 1181 2874 deducite,
1211 2802 1293 2877 quod
1311 2802 1412 2859 usuris
1432 2820 1492 2876 per-

435 2920 617 2969 numeratum
640 2921 699 2983 est3
720 2912 779 2970 iem
800 2910 891 2969 nihilo
911 2930 979 2968 mea
998 2913 1085 2973 turba
1106 2928 1193 2983 quem
1215 2907 1302 2965 ullius
1316 2906 1492 2983 conspectior

387 3028 420 3082 ιι
436 3016 498 3073 erit.
540 3022 584 3075 At
605 3018 681 3075 enim
703 3017 773 3092 qnid
792 3016 834 3073 its
854 3016 934 3074 selus
955 3034 1010 3091 ego
1032 3016 1137 3074 civium
1159 3034 1258 3073 curam
1275 3013 1354 3089 ago?
1399 3012 1490 3071 Nihilo

435 3122 538 3198 magis,
572 3124 651 3197 quod
671 3122 873 3197 respondeam,
900 3123 1010 3193 habeo,
1044 3140 1131 3196 quam
1152 3122 1178 3179 si
1199 3138 1331 3196 quaeras,
1350 3122 1439 3195 uquid
1457 3120 1491 3175 ita

434 3229 513 3287 solus
526 3228 703 3305 Capitolium
720 3246 875 3303 arcemque
892 3228 1081 3287 servaverim.
1122 3229 1163 3285 Et
1172 3237 1233 3286 tum
1243 3227 1401 3296 universis,
1413 3245 1490 3301 quam
1521 3243 1523 3278 ;

386 3341 421 3398 12
434 3334 525 3411 potui,
548 3354 633 3409 opem
654 3335 716 3407 tuli,
741 3344 769 3391 et
790 3353 866 3393 nunc
886 3334 1007 3409 singulis
1029 3332 1130 3392 feram.
1177 3333 1257 3391 Nam
1269 3333 1352 3406 quod
1372 3333 1415 3390 ed
1434 3333 1490 3388 the·
1521 3331 1523 3367 ἱ

434 3458 537 3497 sauros
560 3440 691 3499 Gallicos
713 3441 831 3512 attinet,
861 3459 923 3498 rem
949 3451 1053 3515 suopte
1078 3448 1184 3497 notura
1209 3436 1327 3496 facilem
1350 3438 1490 3497 difficilem

433 3546 621 3621 interrogatio
644 3546 723 3607 fecit.
767 3546 827 3605 Cur
847 3546 932 3607 enim.
945 3546 1081 3621 queritis,
1106 3545 1184 3619 quod
1205 3544 1306 3602 scitis?
1334 3564 1396 3616 cur,
1421 3543 1489 3620 quod

227 3710 234 3722 ,
329 3670 332 3680 ’
432 3654 463 3709 in
484 3652 548 3709 sinu
570 3661 668 3710 vestro
690 3662 749 3725 est,
781 3654 878 3711 excuti
896 3652 1002 3709 iubetis
1023 3651 1141 3733 potius,
1168 3669 1257 3725 quem
1278 3650 1416 3726 ponetis,
1442 3649 1489 3707 nisi

386 3767 420 3823 13
434 3756 533 3831 aliqua
565 3755 646 3815 fraus
679 3758 798 3816 subest?
857 3759 924 3833 Quo
955 3759 1049 3835 magis
1081 3758 1166 3833 argui
1195 3756 1361 3833 prestigias
1394 3756 1489 3814 iubetis

433 3872 561 3934 vestrm,
595 3882 629 3921 eo
658 3864 724 3940 plus
751 3882 868 3936 vereor,
899 3884 937 3923 oe
964 3864 1140 3923 abstuleritis
1161 3863 1388 3922 observantibus
1409 3864 1488 3920 etiam

434 3968 542 4031 oculos.
589 3971 694 4046 ltaque
715 3990 773 4029 non
795 3988 849 4047 ego
871 3969 965 4042 vobis,
985 3979 1018 4028 ut
1031 3971 1154 4028 indicem
1169 3970 1284 4046 praedss
1302 3979 1429 4040 vestras,
1444 3965 1488 4023 sed

435 4093 490 4132 vos
511 4075 542 4132 id
563 4076 686 4151 cogendi
707 4076 785 4149 estis,
807 4085 839 4135 ut
862 4077 892 4135 in
912 4077 1039 4135 medium
1061 4076 1247 4153 proferetis.“

340 4183 382 4253 16
521 4181 617 4255 Quum
639 4183 751 4241 mittere
774 4185 912 4261 ambages
935 4184 1060 4241 dictetur
1087 4184 1200 4247 iuberet
1224 4192 1253 4240 et
1277 4192 1329 4239 aut
1355 4197 1487 4258 peragere

435 4307 536 4347 verum
566 4287 702 4347 iudicium
731 4298 847 4363 cogeret
886 4301 937 4350 aut
967 4289 1055 4350 fateri
1086 4290 1199 4350 facinus
1231 4288 1392 4346 insimulati
1420 4286 1486 4345 falso
