3392 5084
501 521 579 608 ussa
596 556 644 606 1v.
681 555 963 621 (acuam-soe.)
1163 561 1223 618 rte

208 741 305 798 diversi
337 748 471 799 auctores
500 739 625 809 faciunt,
655 739 707 796 illa
735 757 789 815 pro
820 749 901 798 certo
927 742 1080 812 habenda,
1105 742 1135 798 in
1163 743 1267 816 quibus
1298 764 1302 768 ’

208 865 257 902 uon
278 845 467 916 dissentiunt,
501 847 539 903 ab
561 864 629 903 arce
650 842 847 915 Carventana,
879 864 969 920 quum
997 847 1047 904 ciu
1076 847 1267 921 nequicquam

208 959 371 1026 oppugnata
403 960 493 1022 esset,
527 969 690 1018 recessum,
722 949 916 1026 Verruginem
949 953 980 1009 in
1015 951 1132 1008 Volscis
1167 952 1267 1008 eodem

209 1057 327 1112 exercitu
349 1041 513 1131 receptam,
535 1055 798 1132 populationesque
820 1067 849 1114 et
870 1058 984 1132 predas
1010 1064 1040 1114 et
1060 1056 1091 1112 in
1111 1056 1220 1130 AEquis
1241 1067 1270 1113 et

207 1159 231 1216 in
250 1159 362 1218 Volsco
384 1179 458 1236 egro
479 1161 611 1236 ingentes
631 1159 734 1219 factas.

280 1267 387 1322 Romae
398 1267 473 1326 sicut
483 1268 576 1343 plebis
587 1265 711 1326 victoria
722 1264 777 1322 fuit
787 1267 817 1322 in
828 1284 874 1335 eo,
886 1274 927 1335 ut,
938 1284 1003 1340 quse
1013 1266 1141 1337 mallent,
1153 1266 1271 1324 comitia
1319 1261 1363 1329 56

207 1371 350 1440 haberent,
372 1370 414 1428 ita
435 1382 541 1430 eventu
563 1373 745 1431 comitiorum
768 1379 867 1447 patres
887 1372 999 1440 vicere,
1020 1389 1147 1445 namque
1161 1371 1298 1428 tribuni2

208 1477 320 1536 militum
344 1477 494 1536 consulari
515 1485 660 1554 potestate
681 1485 784 1536 contra
805 1493 887 1551 spem
909 1475 1039 1533 omnium
1067 1484 1126 1532 tres
1154 1475 1269 1551 patricii
1281 1459 1444 1581 mm}-

208 1583 288 1639 creati
308 1589 390 1651 sunt,
413 1580 448 1640 C.
471 1583 563 1640 lulius
585 1582 676 1652 Iulus,
696 1583 731 1640 Ρ.
754 1560 906 1640 cornelius
925 1577 1052 1650 Cossus,
1073 1579 1108 1640 C.
1130 1579 1270 1639 Servilius

207 1685 306 1746 Ahala.
354 1689 461 1754 Artem
490 1687 650 1746 adhibitam
672 1687 770 1745 ferunt
801 1705 819 1744 a
845 1685 989 1760 patriciis,
1015 1685 1096 1742 cuius
1125 1703 1175 1743 eos
1197 1682 1301 1744 Icilii3

208 1802 260 1850 tum
271 1765 394 1868 qioque
405 1793 621 1862 insimulabant,
633 1793 722 1866 quod,
733 1792 847 1849 turbam
855 1790 1039 1865 indignorum
1051 1791 1270 1850 candidatorum

207 1898 426 1954 intermiscendo
435 1895 541 1971 dignis,
551 1895 638 1953 taedio
651 1894 778 1954 sordium
791 1895 821 1972 in
830 1895 1003 1970 quibusdam
1015 1897 1168 1971 insignium
1177 1917 1273 1974 popu·
1306 1962 1309 1968 ,

206 2003 258 2058 lum
280 2022 297 2058 a
316 2000 443 2080 plebeiis
457 2000 639 2058 avertissent.
682 2001 809 2058 Volscos
824 2001 928 2058 deinde
943 2011 972 2058 et
985 2002 1112 2077 AEquos,
1134 2020 1184 2059 seu
1200 2000 1302 2061 car-4

207 2117 327 2164 ventana
350 2125 408 2163 arx
429 2113 542 2162 retenta
563 2105 593 2162 iu
614 2095 695 2180 spem
710 2123 761 2162 eeu
776 2105 940 2180 Verrugine
955 2106 1093 2164 amissum
1108 2109 1272 2182 praesidium

207 2213 334 2270 adirem
360 2229 450 2284 quum
472 2209 648 2284 impulisset,
673 2208 755 2266 fama
777 2208 899 2266 affertur
920 2227 1034 2266 summa
1053 2211 1084 2266 vi
1106 2212 1144 2268 ad
1166 2212 1271 2268 bellum

207 2327 334 2388 coortoe3
367 2322 456 2390 caput
477 2333 573 2372 rerum
596 2299 732 2372 Antiates
763 2332 839 2383 esse3
868 2332 968 2370 eorum
991 2315 1103 2389 legatos
1124 2315 1303 2390 utriusque5

210 2423 296 2496 gentis
319 2419 450 2496 populos
473 2419 647 2490 circumisse,
674 2418 849 2493 castigantes
866 2421 1095 2493 increpantcsque
1116 2421 1273 2495 ignaviam,
1308 2482 1311 2489 ¹

209 2528 279 2600 quod
303 2525 400 2584 abditi
421 2523 499 2582 iutra
520 2542 619 2580 muros
641 2523 866 2600 populabundos
889 2524 918 2580 in
941 2524 1020 2598 aguis
1041 2525 1145 2599 vagari
1166 2525 1275 2581 Roma·

209 2645 255 2688 uoe
277 2632 380 2742 pqiore
402 2649 479 2686 anno
501 2639 530 2685 et
549 2629 674 2704 opprimi
689 2628 862 2702 Verruginis
883 2630 1054 2704 praesidium·
1068 2629 1148 2704 paesi
1169 2639 1275 2689 essent.
1381 2618 1385 2624 ¹

210 2736 266 2793 Iam
288 2755 352 2794 non
375 2734 520 2792 exercitus
537 2729 631 2790 'modo
655 2741 794 2804 armatos,
819 2734 872 2790 sed
895 2734 1024 2792 colonias
1045 2735 1132 2799 etiam
1155 2735 1185 2790 in
1206 2733 1306 2790 suoeti

210 2843 274 2898 tuas
292 2841 386 2911 mitti;
420 2858 473 2896 nec
494 2839 574 2914 ipsos
594 2838 681 2894 modo
703 2839 853 2894 Romanos
875 2857 930 2896 sua
951 2841 1045 2897 divisa
1067 2841 1193 2909 habere,
1215 2839 1275 2894 sed

212 2947 396 3007 Ferentinum
420 2928 507 3002 etiam
541 2945 577 3000 de
606 2961 637 2998 se
666 2949 783 3016 captum
806 2943 942 3002 Hernicis
963 2946 1098 3004 donasse.
1142 2945 1193 3001 Au
1214 2945 1304 3001 hoecl

211 3069 293 3123 quum
327 3051 580 3108 inflammarentur
616 3046 719 3113 animi,
757 3056 789 3102 ut
821 3048 860 3103 ed
892 3068 1025 3124 quosque
1043 3059 1170 3106 -sentum
1204 3059 1276 3117 erat,

211 3175 344 3214 numerus
380 3154 526 3212 iuniorum
559 3151 807 3210 conscribebatur.
860 3153 909 3210 Ita
940 3129 1069 3210 omnium
1102 3152 1275 3228 populorum

211 3260 340 3318 iuventus
364 3259 486 3318 Antium
510 3263 675 3320 contracta;
697 3255 737 3313 ibi
760 3257 863 3315 castris
885 3259 988 3332 positis
1009 3259 1122 3315 hostem
1145 3257 1276 3331 opperie-

211 3365 321 3422 bantur.
367 3364 441 3437 Quoe
462 3362 512 3418 ubi
534 3361 657 3418 tumultu
679 3360 790 3418 maiore
811 3361 910 3431 etiam,
931 3381 1019 3436 quam
1041 3379 1088 3419 res
1110 3369 1182 3430 erat,
1202 3355 1306 3417 nun-8

211 3468 316 3527 tiantur
337 3464 476 3537 Romam,
499 3473 626 3540 senatus,
638 3466 794 3540 extemplo,
817 3467 896 3540 quod
909 3467 939 3524 in
960 3469 1047 3524 rebus
1069 3466 1189 3540 trepidis
1209 3466 1276 3522 ulti·

213 3592 285 3630 mum
309 3573 462 3630 consilium
486 3580 558 3641 erat,
580 3571 750 3629 dictatorem
774 3569 830 3626 dici
852 3569 944 3626 iussit.
992 3569 1088 3642 Quam
1116 3589 1177 3626 rem
1199 3565 1305 3643 segrei)

212 3696 311 3751 pessos
332 3678 441 3736 Iulium
462 3675 687 3748 Corneliumque
706 3673 816 3745 ferunt,
846 3691 1012 3748 magnoque
1034 3675 1190 3731 certamine
1211 3673 1274 3729 aui-

214 3801 321 3840 morum
345 3802 406 3839 rem
429 3790 535 3851 actam,
559 3799 647 3854 quum
671 3781 812 3854 primores
833 3787 964 3854 petrum,
991 3779 1185 3853 nequicquam
1207 3797 1276 3835 cou-
1293 3779 1328 3832 10

215 3889 314 3960 questi,
335 3906 395 3944 non
417 3905 482 3944 esse
503 3887 532 3942 in
555 3885 728 3946 auctoritate
758 3893 876 3942 senatus
899 3884 1031 3941 tribunos
1060 3883 1192 3952 militum,
1222 3902 1277 3957 po-

214 4002 318 4050 stremo
341 3993 429 4050 etiam
453 3992 586 4048 tribunos
615 3991 693 4065 plebi
722 3987 906 4064 appellarent
923 3995 952 4044 et
973 3986 1140 4044 consulibus
1161 4003 1305 4080 quoque!

214 4097 249 4154 ab
279 4117 320 4156 ea·
343 4105 489 4174 potestate
510 4095 569 4152 vim
602 4113 689 4168 super
719 4093 771 4150 tali
803 4113 835 4149 re
867 4091 1019 4148 inhibitam
1043 4090 1201 4159 referrent,
1228 4089 1278 4146 tri-
1294 4095 1326 4147 ll

215 4205 280 4262 buni
302 4204 396 4279 plebi,
423 4202 483 4260 laeti
505 4199 651 4258 discordia
672 4207 803 4273 patrum,
835 4197 907 4254 nibil
936 4214 1001 4253 esse
1020 4196 1051 4252 in
1072 4214 1102 4251 sc
1121 4195 1158 4252 iis
1178 4193 1279 4250 auxilii

217 4309 353 4378 dicarent,
384 4307 491 4382 quibus
518 4324 577 4364 non
599 4304 722 4372 civium,
753 4320 811 4358 non
841 4301 965 4375 denique
986 4299 1136 4358 homiuum
1158 4316 1279 4354 numero
