3392 5084
477 504 515 559 68
773 496 852 546 Liber
870 495 903 545 11.
938 497 983 558 (A.
1003 512 1028 544 u.
1046 511 1068 544 e.
1088 494 1160 558 act.)

365 677 369 682 ’
432 682 517 738 varia
546 680 669 737 victoria
698 691 728 738 et
757 681 837 738 velut
867 697 951 754 aequo
979 679 1076 736 Marte
1105 687 1265 754 pugnatum
1288 688 1349 748 est;
1378 678 1491 735 dextera

384 793 416 848 ll
434 788 568 861 utrinque
589 805 699 844 cornua
724 786 836 856 vicere,
871 785 946 841 loeva
973 792 1119 858 superata.
1168 783 1324 854 Veientes,
1353 784 1431 842 vinci
1459 785 1491 842 ab

432 894 566 950 Romano
596 891 686 947 milite
715 890 842 959 assueti,
875 888 933 946 iusi
961 887 1125 962 iugatiqnet
1148 889 1379 962 Tarquiniensis,
1404 908 1491 946 novus

432 995 539 1064 hostis,
562 1013 622 1050 non
644 995 724 1052 stetit
744 995 859 1062 solum,
888 993 1047 1050 sedetiam
1078 990 1115 1050 ab
1146 988 1201 1050 sua
1227 1004 1311 1068 parte
1332 996 1491 1054 Romanum
1528 1045 1529 1072 ἶ

338 1102 360 1168 ‘l
433 1100 552 1175 pepulit.
594 1100 643 1156 Ita
666 1075 757 1174 quum⁸
777 1107 937 1174 pugnatum
959 1109 1051 1169 esset,
1071 1109 1169 1156 tantus
1189 1108 1284 1157 terror
1304 1099 1492 1174 Tarquinium

434 1216 521 1280 atque
537 1206 678 1262 Etruscos
696 1204 822 1274 incessit,
841 1213 882 1273 ut,
904 1203 1012 1262 omissa
1033 1203 1177 1274 irritare,
1199 1215 1284 1262 nocte
1306 1207 1394 1262 ambo
1416 1222 1491 1260 exer·

432 1312 520 1382 citus,
542 1311 650 1368 Veiens
674 1309 969 1385 Tarquiniensisque,
999 1327 1068 1364 suas
1099 1309 1221 1384 quisque
1248 1310 1362 1368 abirent
1386 1310 1491 1366 domos.
1528 1305 1529 1312 '

401 1415 583 1476 2Adiiciunt
604 1415 744 1472 miracula
775 1414 841 1471 huic
873 1431 993 1488 pugnae:
1023 1413 1136 1472 silentio
1166 1413 1307 1488 proximat
1333 1414 1428 1472 noctis
1461 1431 1491 1467 ex
1528 1391 1529 1396 ἵ

432 1521 507 1577 silva
528 1521 619 1578 Arsia
639 1520 784 1593 ingentem
805 1518 912 1576 editam
936 1537 1057 1589 vocem3
1088 1518 1199 1577 Silvani
1222 1537 1323 1576 vocem
1346 1537 1414 1576 eam
1438 1536 1492 1574 cre·
1528 1492 1529 1510 i

432 1626 539 1692 ditam3
561 1625 623 1681 haec
644 1624 741 1680 dicta:
764 1643 822 1681 nno
844 1624 910 1699 plus
935 1625 1098 1682 Tusculum
1121 1624 1258 1682 cecidisse
1278 1625 1309 1680 in
1334 1623 1415 1692 eaie3
1436 1621 1491 1678 vin·
1528 1599 1529 1631 ³

402 1737 497 1792 3cere
518 1729 595 1786 bello
617 1729 792 1787 Romanum.
839 1730 889 1786 Ita
919 1738 995 1786 certe
1022 1729 1089 1786 inde
1117 1729 1215 1786 abiere
1237 1729 1365 1788 Romani
1386 1737 1420 1784 ut
1439 1727 1491 1784 vic·
1528 1705 1529 1737 ³

431 1844 519 1902 tores,
540 1834 657 1890 Etrusci
678 1853 732 1909 pro
755 1834 858 1904 victia;
883 1852 950 1890 nem
973 1844 1127 1909 postquam
1152 1829 1247 1894 illuxit
1268 1853 1322 1892 nec
1344 1833 1490 1909 quisquam
1528 1813 1529 1846 ³

431 1939 557 1996 hostium
588 1940 618 1995 in
645 1950 801 2014 conspectu
833 1947 916 2009 erat,
952 1940 988 1996 P.
1017 1938 1152 1996 Valerius
1179 1939 1280 1997 consul
1304 1939 1401 2014 spolia
1421 1937 1490 2011 legit,
1528 1919 1529 1948 ³

402 2044 671 2119 ltriumphansque
696 2043 763 2101 iude
790 2045 916 2102 Romam
942 2042 1036 2102 rediit.
1094 2043 1221 2120 Collega
1253 2043 1357 2114 funus,
1390 2052 1490 2120 quanto
1528 2025 1529 2055 ³

432 2159 491 2205 tum
515 2147 611 2224 potuit
633 2158 787 2223 apparatu,
809 2147 894 2218 fecit3
916 2147 967 2204 sed
989 2148 1185 2206 multomaius
1207 2147 1293 2205 morti
1315 2149 1405 2207 decus
1425 2149 1489 2225 pub·
1528 2157 1529 2160 ’

430 2254 488 2312 lica
511 2253 565 2312 luit
587 2253 742 2323 maestitia,
766 2271 801 2309 eo
824 2262 892 2309 ante
914 2253 1012 2310 omnia
1030 2253 1171 2328 insignis,
1193 2254 1263 2328 quia
1284 2262 1426 2310 matronae
1447 2270 1489 2308 au-
1528 2239 1529 2268 ³

431 2379 501 2416 num
522 2370 554 2417 ut
575 2367 725 2435 parentem
749 2377 817 2414 eum
837 2357 993 2428 luxerunt,
1017 2360 1095 2432 quod
1116 2368 1177 2416 tam
1199 2377 1267 2416 acer
1284 2358 1364 2415 ultor
1383 2357 1489 2414 violata
1528 2367 1529 2374 ’

430 2465 575 2540 pudicitiae
596 2463 707 2520 fuisset.

400 2577 418 2630 5
514 2567 634 2626 Consuli
657 2544 769 2637 deiude,
791 2568 841 2642 qui
863 2567 1065 2642 superfuerat,
1096 2523 1130 2625 up
1154 2577 1221 2626 suut
1242 2567 1397 2626 mutabiles
1419 2568 1487 2642 vulgi
1528 2547 1529 2586 ³

431 2667 533 2744 animi,
567 2693 604 2730 ex
625 2672 728 2729 favore
749 2689 808 2728 non
829 2672 939 2730 invidia
965 2673 1052 2730 modo
1082 2673 1133 2729 sed
1159 2673 1286 2748 suspicio
1315 2675 1404 2732 etiam
1432 2689 1487 2730 eum

400 2778 524 2842 6atroci
554 2778 674 2835 crimine
703 2787 777 2837 orta.
837 2778 970 2852 Regnum
1001 2797 1066 2834 eum
1094 2777 1232 2835 affectare
1260 2777 1342 2836 fama
1375 2779 1487 2846 ferebat,
1528 2755 1529 2804 i

431 2884 500 2957 quia
522 2903 575 2941 nec
595 2883 737 2958 collegam
759 2885 973 2958 subrogaverat
994 2885 1025 2940 in
1046 2885 1142 2941 locum
1164 2884 1250 2940 Bruti
1280 2893 1309 2940 et
1334 2886 1488 2944 aedificabat

430 2988 460 3044 iu
482 3006 596 3046 summa
618 2990 735 3067 Velia:⁸
754 2989 815 3046 alto
842 3007 878 3045 ac
901 2988 1011 3046 munito
1031 2988 1097 3045 loco
1119 3007 1215 3045 arcem
1241 2990 1486 3067 inexpugnabilem

400 3093 502 3155 lfore.
552 3095 625 3152 Haec
646 3095 724 3152 dicta
746 3094 835 3169 vulgo
864 3093 1030 3167 creditaque
1053 3112 1142 3167 quum
1164 3095 1335 3170 indignitate
1358 3101 1486 3171 angerent

430 3199 556 3257 consulis
577 3200 714 3267 animum,
735 3209 842 3255 vocato
865 3188 904 3254 ad
923 3195 1074 3254 concilium
1085 3200 1205 3274 populo,
1227 3201 1388 3260 summissis
1410 3198 1486 3258 iasci-

429 3306 484 3362 bus
504 3305 535 3361 in
556 3304 720 3362 contionem
744 3303 880 3359 escendit.
939 3302 1064 3360 Gratum
1092 3300 1122 3356 id
1149 3294 1324 3361 multitudini
1343 3316 1485 3381 spectacu-

428 3410 487 3465 lum
510 3409 573 3480 fuit,
595 3405 749 3466 summissa
772 3407 827 3464 sibi
848 3423 912 3462 esse
938 3406 1052 3481 imperii
1076 3406 1201 3482 insignia
1227 3408 1486 3483 confessionemque

427 3512 554 3583 factam,
590 3512 691 3588 populi
724 3532 812 3587 quam
840 3511 966 3568 consulis
996 3510 1176 3568 maiestatem
1206 3511 1324 3587 vimque
1355 3517 1485 3574 maiorem

398 3621 502 3677 besse.
570 3618 618 3674 Ibi
653 3602 753 3675 audire
778 3617 873 3686 iussis,
901 3617 1002 3674 consul
1028 3614 1148 3672 laudare
1186 3615 1333 3676 fortunam
1369 3621 1485 3694 collega,

428 3724 508 3796 quod
529 3723 653 3780 liberata
672 3724 782 3799 patria,
804 3723 834 3778 in
855 3739 969 3779 summo
992 3721 1119 3790 honore,
1140 3740 1194 3794 pro
1214 3724 1385 3798 republica
1406 3723 1484 3781 dimi-

427 3847 507 3900 cans,
530 3840 647 3886 matura
674 3828 770 3902 gloria
791 3827 913 3884 necdum
941 3843 973 3882 se
994 3833 1124 3881 vertente
1144 3825 1174 3880 in
1196 3825 1350 3898 invidiam,
1371 3839 1483 3886 mortem

427 3935 626 4002 occubuissem
656 3952 688 3988 se
709 3932 892 4007 superstitem
920 3931 1021 4006 gloriae
1047 3947 1107 3986 suae
1139 3930 1177 3986 ad
1209 3931 1318 3988 crimen
1340 3944 1427 4008 atque
1446 3933 1483 3988 iu·

427 4041 536 4097 vidium
558 4055 726 4114 superesse3
767 4055 803 4092 ex
825 4035 981 4093 liberatore
1002 4035 1104 4110 pat-rim
1131 4036 1169 4092 ad
1192 4037 1327 4110 Aquilios
1349 4057 1381 4096 se
1400 4035 1484 4096 Vitel-

397 4145 540 4219 9liosque
560 4142 707 4201 recidisse.
762 4121 977 4214 „Nunquamne
1007 4145 1095 4215 ergo“
1125 4140 1219 4215 inquit
1246 4143 1324 4212 „nlla
1345 4144 1419 4200 adeo
1439 4159 1483 4198 vo·

428 4249 473 4306 bis
495 4256 627 4324 spectata
642 4247 734 4304 virtus
756 4246 820 4316 erit,
836 4246 1048 4321 ⁴utsuspicione
1059 4245 1163 4304 violari
1180 4247 1327 4321 nequest?
1349 4249 1416 4324 Ego
1437 4263 1481 4308 mo
