3392 5084
475 541 535 600 214
659 495 670 512 ⁵
782 539 861 590 Liber
876 540 911 590 x.
946 540 1146 605 (aucam.)

433 722 511 781 dium
543 723 700 800 collegam,
738 725 902 801 eloquentia
931 725 1119 801 civilibusque
1152 725 1262 783 artibus
1293 722 1370 781 haud
1396 720 1471 777 dubie

432 837 625 905 praestantem.

339 931 378 999 16
515 931 645 993 Comitiis
667 935 801 1011 perlectis
822 945 934 994 veteres
955 937 1086 994 musuleo
1107 936 1179 994 iussi
1199 936 1305 994 bellum
1322 935 1352 990 in
1367 932 1472 992 Samnio
1529 925 1531 931 ’

402 1043 546 1114 lgerere,
575 1051 733 1118 prorogato
760 1043 789 1100 in
814 1063 867 1102 sex
888 1059 1000 1100 menses
1020 1043 1151 1118 imperio.
1194 1041 1300 1114 Itaque
1327 1037 1473 1112 insequenti
1529 1022 1531 1092 ζ

265 1157 420 1208 succos.
434 1153 548 1220 quo'que
560 1165 645 1216 anno,
657 1148 691 1204 L.
703 1149 871 1218 Volumnio,
892 1150 972 1225 App.
985 1148 1108 1207 Claudio
1126 1148 1301 1217 consulibus,
1323 1147 1358 1203 P.
1369 1142 1474 1212 Decios,
1529 1138 1531 1169 ³

265 1224 420 1282 A'Ch·²⁹⁶·
434 1252 483 1326 qui
504 1253 603 1310 consul
621 1254 651 1310 in
666 1253 785 1312 Samnio
807 1251 922 1313 relictus
945 1275 963 1312 a
984 1255 1096 1330 collega
1118 1253 1222 1324 fuerat,
1243 1251 1474 1329 proccmuliden

432 1357 566 1432 populari
587 1378 645 1416 non
667 1359 775 1418 destitit
801 1379 902 1436 agros,
934 1361 1025 1418 donec
1047 1361 1220 1419 Samnitium
1242 1359 1397 1416 exercitum
1417 1373 1474 1411 nus·
1529 1406 1531 1415 .

403 1465 520 1537 dquam
542 1481 573 1520 se
594 1465 695 1539 proelio
717 1466 940 1524 committentem
962 1475 1108 1544 postremo
1123 1465 1235 1543 expulit
1247 1464 1361 1521 finibus.
1401 1461 1476 1518 Enu-
1529 1508 1531 1545 3

432 1568 504 1626 riam
527 1569 602 1644 pulsi
622 1571 765 1646 petierunt
791 1581 835 1643 et,
867 1573 946 1647 quod
971 1571 1164 1648 legationibus
1191 1571 1384 1645 nequicquam
1412 1584 1476 1641 sape
1529 1552 1531 1555 ¹

432 1682 629 1746 tentaverant,
661 1677 691 1734 id
723 1695 754 1734 se
780 1686 862 1734 tanto
889 1680 1004 1754 agmine
1022 1686 1229 1746 armatorum,
1262 1676 1360 1732 mixtis
1381 1685 1477 1731 terrore

432 1781 575 1855 precibus,
596 1791 711 1841 acturos
732 1782 877 1842 efficacius
898 1786 964 1855 rati,
986 1785 1205 1861 postulaverunt
1224 1780 1389 1858 principum
1402 1779 1477 1836 Etru-

402 1886 482 1944 ‹lriae
511 1887 670 1946 concilium.
732 1889 796 1962 Quo
827 1900 943 1960 coacto,
975 1909 1028 1965 per
1056 1899 1127 1963 quot
1154 1906 1245 1946 annos
1272 1906 1327 1962 pro
1358 1885 1477 1943 libertate

432 1990 567 2049 dimicent
595 2013 659 2052 cum
688 1996 841 2067 Romanis,
873 2004 1034 2071 exponunt:
1066 1995 1164 2051 omnia
1190 2001 1328 2069 expertos
1357 2009 1432 2061 esse,
1459 1988 1478 2043 si

433 2096 551 2154 suismet
571 2099 699 2175 ipsorum
728 2100 835 2158 viribus
857 2101 982 2158 tolerare
1007 2109 1119 2158 tantam
1140 2100 1246 2157 molem
1266 2099 1335 2157 belli
1358 2105 1479 2173 possent3

404 2205 560 2261 btentasse
590 2205 676 2262 etiam
714 2207 793 2264 haud
831 2207 930 2282 magni
967 2207 1105 2264 momenti
1140 2205 1326 2263 finitimarum
1364 2202 1479 2280 gentium

434 2310 552 2369 auxilie.
609 2311 723 2369 Petisse
751 2331 854 2387 pacem
886 2333 905 2370 a
936 2312 1045 2389 populo
1075 2315 1225 2380 Romano,
1267 2329 1356 2386 quum
1386 2308 1480 2366 bellum
1529 2318 1531 2371 i

434 2415 558 2474 tolerare
571 2436 630 2474 non
648 2427 779 2493 possent;
799 2419 965 2489 rebellasse,
986 2418 1064 2493 quod
1078 2437 1139 2495 pax
1159 2417 1351 2475 servientibus
1374 2415 1481 2492 gravior

404 2522 523 2595 dquam
545 2522 642 2580 liberis
663 2524 769 2581 bellum
792 2534 882 2595 essem
905 2543 992 2582 unam
1015 2524 1070 2581 sibi
1084 2543 1164 2598 spem
1186 2523 1330 2597 reliquam
1350 2521 1384 2578 in
1404 2519 1481 2577 Etru·

377 2632 384 2646 '
435 2627 492 2686 scis
512 2637 632 2690 restare.¹
675 2629 763 2700 Scire,
784 2640 899 2706 gentem
913 2631 1005 2687 Italiae
1027 2628 1274 2704 opulentissimam
1288 2628 1390 2699 ermis,
1411 2625 1482 2692 viris,

435 2735 558 2809 pecunia
580 2754 657 2807 esse;
690 2738 797 2795 habere
826 2736 941 2794 accolas
962 2735 1081 2806 Gallos,
1113 2734 1188 2790 inter
1214 2733 1325 2794 ferrum
1350 2743 1383 2790 et
1410 2749 1484 2789 anna

434 2850 535 2910 natos,
564 2841 675 2900 feroces
697 2861 784 2917 quum
806 2852 910 2918 suopte
936 2841 1061 2916 ingenio,
1082 2851 1144 2898 tum
1165 2841 1305 2898 adversus
1325 2841 1483 2898 Romanum

435 2947 583 3021 populum,
610 2967 694 3022 quem
716 2959 832 3024 captum
855 2968 873 3005 a
894 2966 925 3004 se
947 2965 1077 3022 auroque
1097 2947 1292 3022 redemptum,
1313 2945 1395 3003 haud
1414 2961 1484 3001 rana

405 3051 590 3121 iiectentes,
623 3063 789 3112 memorent.
831 3054 912 3112 Nihil
940 3054 1059 3123 abesse,
1090 3052 1116 3109 si
1144 3051 1183 3108 sit
1211 3051 1325 3109 animus
1349 3049 1483 3116 Etruscis,

435 3159 484 3234 qui
506 3159 654 3216 Porsinnae
677 3161 822 3234 quondam
843 3159 1058 3232 maioribusque
1082 3176 1182 3214 eorum
1208 3155 1312 3229 fuerit,
1340 3157 1410 3231 quin
1430 3157 1483 3213 Ro-

436 3284 537 3323 manos
559 3267 637 3323 omni
662 3284 732 3342 agro
753 3266 793 3322 cis
807 3265 937 3323 Tiberim
958 3265 1058 3340 pulsos
1079 3262 1216 3320 dimicare
1237 3282 1292 3338 pro
1314 3263 1407 3320 salute
1428 3279 1482 3328 sua,

405 3366 493 3428 8ncn
517 3371 553 3428 de
573 3371 754 3428 intolerando
774 3371 868 3428 Italiae
888 3389 978 3446 regno
999 3379 1114 3445 cogant.
1157 3367 1319 3428 Samnitem
1331 3367 1388 3424 illis
1409 3385 1483 3424 exer·

435 3477 522 3534 citum
543 3487 686 3552 paratum,
713 3477 882 3534 instructum
905 3476 1003 3544 armis,
1025 3475 1166 3550 stipendio
1188 3474 1318 3543 venissa;
1339 3472 1482 3531 confestim

436 3592 598 3655 secuturos,
630 3583 676 3642 vel
703 3583 727 3641 si
759 3583 796 3640 ad
821 3581 915 3658 ipsam
940 3583 1105 3639 Romarm
1133 3580 1234 3637 urbem
1265 3578 1484 3655 oppugnandam

436 3689 551 3747 ducant.

340 3781 379 3849 l'l
517 3795 589 3853 Haec
612 3796 712 3853 cosin
733 3794 851 3853 Etruria
878 3795 1020 3851 iactantes
1041 3791 1265 3866 molientesque,
1278 3768 1387 3864 bellum·
1411 3787 1484 3846 domi

435 3903 596 3959 Romanum
619 3903 730 3960 urebat.
776 3901 856 3958 Nam
875 3901 911 3960 P.
931 3899 1056 3968 Decius,
1084 3897 1135 3955 ubi
1156 3895 1298 3972 comperit
1318 3914 1370 3971 per
1390 3877 1484 3970 explo-

434 4017 561 4078 ratores,
594 4007 754 4084 profectum
782 4005 954 4066 Samnitium
987 4004 1158 4072 exercitum,
1194 4003 1339 4060 advocato
1370 4000 1483 4060 consilio

404 4105 533 4186 2,Quid
560 4131 613 4188 per
639 4116 744 4188 agros“
776 4111 870 4187 inquit
897 4129 1070 4185 „vagamur,
1107 4109 1225 4167 vicatim
1250 4108 1483 4180 circumferentes

435 4217 561 4276 bellum?
613 4218 690 4292 Quin
723 4219 809 4277 urbes
839 4226 868 4274 et
898 4217 1005 4275 moenia
1038 4214 1242 4292 aggredimur?
1297 4215 1403 4273 Nullus
1431 4213 1482 4269 iam

370 4313 373 4320 ¹
436 4323 579 4382 exercitus
606 4322 725 4382 Samnio
757 4323 905 4400 praesidet3
942 4339 1054 4380 cessare
1086 4321 1192 4379 finibus
1230 4338 1266 4378 ao
1295 4320 1410 4378 sibimet
1434 4315 1482 4393 ipsi
