3392 5084
482 513 521 569 26
909 513 987 563 Liber
1004 513 1024 565 1.

441 696 573 754 Albanus
595 696 752 765 exereitus,
773 697 924 756 &manas
945 699 1073 775 legiones
1100 698 1158 755 iam
1179 715 1246 773 spes
1270 704 1346 766 tota,
1367 696 1503 753 nondum

440 811 536 860 tamen
557 820 629 860 cura
649 802 829 873 deseruerat·
846 804 994 861 exanimes
1016 804 1108 861 vinem
1130 804 1228 872 unius,
1250 818 1335 876 quem
1357 808 1418 857 tros
1443 797 1502 857 Cu·
1530 848 1532 857 .

412 904 517 965 lriatii
536 908 791 965 circumsteterant.
830 910 921 967 Forte
942 910 966 966 is
987 910 1099 986 integer
1118 908 1182 980 fuit,
1203 916 1236 965 ut
1256 906 1397 963 universis
1419 906 1504 963 solus

440 1030 621 1087 nequaquam
643 1031 713 1088 par,
734 1014 776 1071 sio
797 1015 937 1073 adversus
958 1015 1087 1091 singulos
1108 1014 1202 1072 ferox.
1248 1013 1329 1088 Ergo
1351 1021 1384 1069 ut
1401 1030 1503 1087 segra-

441 1128 524 1193 garet
542 1137 671 1194 pugnam
693 1139 807 1191 eorum,
829 1121 955 1196 capessit
975 1120 1092 1198 fugam,
1113 1121 1156 1178 ita
1173 1128 1253 1177 ratus
1275 1128 1444 1188 secuturos,
1474 1130 1504 1174 ut

412 1218 586 1299 8qusmque
611 1226 730 1299 vulnere
757 1225 893 1285 affectum
928 1246 1034 1303 eorpus
1064 1226 1178 1283 sineret.
1226 1227 1291 1283 Iam
1318 1223 1501 1299 aliquantum

441 1330 527 1405 spatii
547 1350 585 1387 ex
597 1350 632 1389 so
654 1332 729 1403 loco,
749 1333 799 1390 ubi
811 1340 971 1410 pugnatum
986 1343 1038 1405 est,
1058 1331 1220 1407 aufugerat,
1242 1348 1328 1405 quum
1343 1330 1504 1405 respiciens

440 1436 520 1493 videt
543 1438 656 1513 magnis
677 1439 837 1497 intervallis
859 1449 1021 1515 sequentes,
1042 1458 1131 1497 unum
1152 1438 1230 1495 haud
1251 1435 1353 1511 procul
1375 1437 1414 1493 ab
1439 1454 1502 1493 sese

412 1539 550 1600 9abesse.
595 1544 631 1599 In
653 1564 718 1603 oum
740 1564 847 1621 magno
870 1546 978 1622 impetu
1001 1545 1099 1615 rediit3
1121 1554 1149 1601 et
1170 1544 1239 1601 dum
1263 1524 1399 1600 Albanus
1415 1561 1502 1599 exer-

441 1648 514 1706 eitus
535 1648 674 1707 inclamat
695 1649 849 1722 Curiatiis,
872 1652 914 1709 uti
935 1670 1019 1726 opem
1041 1650 1137 1708 ferant
1160 1648 1253 1718 fratri,
1273 1648 1332 1705 iam
1345 1647 1501 1720 Horatius,

442 1772 516 1813 ease
537 1756 630 1823 hoste,
651 1755 746 1813 viator
766 1757 922 1814 secundam
944 1774 1072 1831 pugnam
1094 1756 1220 1832 petebat.
1264 1757 1340 1812 Turn
1364 1754 1500 1823 clamore,

443 1859 537 1935 qualis
558 1877 621 1917 esse
641 1878 678 1917 ex
693 1860 841 1935 insperato
862 1861 1022 1919 faventium
1037 1861 1120 1929 solet,
1141 1860 1266 1919 Romani
1285 1860 1429 1917 adiuvant
1451 1860 1501 1916 mi·

396 1963 430 2018 10
442 1966 520 2023 litem
535 1983 633 2035 suum;
653 1975 682 2021 et
695 1964 743 2023 ille
761 1966 880 2043 defungi
894 1968 1005 2044 proelio
1019 1966 1145 2025 festinat.
1173 1965 1259 2023 Prius
1280 1966 1389 2040 itaque,
1414 1984 1500 2040 quam

443 2072 523 2140 alter,
546 2072 596 2146 qui
615 2090 668 2129 nec
688 2073 791 2146 procul
811 2076 931 2145 aberat„
944 2075 1083 2148 consequi
1103 2082 1216 2148 posset,
1245 2082 1274 2130 et
1295 2072 1420 2129 alterum
1446 2069 1500 2128 Cu·

395 2175 427 2230 ll
441 2176 559 2244 riatium
582 2177 712 2247 eoufioit3
734 2178 851 2254 iamque
873 2190 987 2255 aequato
1009 2182 1106 2238 Marte
1127 2180 1231 2255 singuli
1248 2188 1430 2253 supererant,
1452 2177 1500 2233 sed

441 2301 494 2339 nec
515 2300 568 2357 spe
589 2301 642 2341 neo
663 2283 774 2341 viribus
795 2304 892 2361 pares.
929 2286 1062 2344 Alterum
1083 2286 1222 2343 intactum
1244 2283 1321 2341 ferro
1344 2301 1454 2359 eorpus
1475 2290 1500 2337 et

441 2388 589 2463 geminata
610 2388 733 2446 viatoria
760 2388 886 2449 ferocem
920 2392 949 2449 in
980 2400 1125 2449 oemamen
1151 2390 1267 2448 tertium
1295 2389 1385 2446 dabat
1392 2409 1401 2460 3
1431 2389 1500 2447 alter

442 2493 549 2551 lassum
574 2494 709 2566 vulnere,
738 2494 845 2553 fessum
873 2516 959 2555 cursu
987 2498 1104 2553 trahens
1132 2513 1235 2572 corpus
1263 2494 1417 2570 vietusque
1444 2494 1498 2553 fra-

394 2598 429 2655 12
442 2606 516 2654 trum
540 2606 607 2655 aute
627 2617 659 2655 sa
680 2610 777 2676 strage
796 2603 901 2661 victori
922 2602 1055 2661 obiicitur
1075 2602 1162 2661 hosti.
1194 2602 1258 2659 Nea
1268 2600 1339 2657 illud
1360 2601 1498 2677 proelium

442 2702 505 2765 fuit.
527 2698 677 2761 Romanus
692 2706 839 2763 exsultans
861 2710 981 2777 „Duos“
1006 2706 1256 2782 inquit„f1atrum
1271 2707 1409 2765 Manibus
1422 2707 1497 2775 dedi;

442 2810 557 2867 tertium
574 2828 669 2867 causat
683 2810 752 2867 belli
763 2812 891 2885 huiusce,
902 2824 934 2871 ut
948 2796 1099 2872 Romanis
1114 2812 1232 2870 Albano
1246 2812 1377 2887 imperet,
1392 2814 1495 2871 dabo.“

443 2915 523 2972 Male
544 2916 695 2973 sustinenti
715 2936 798 2974 arma
818 2917 946 2993 gladium
968 2937 1091 2995 superne
1112 2917 1210 2993 iugulo
1231 2918 1338 2993 defigit,
1359 2918 1496 2975 iacentem

395 3020 430 3077 ts
443 3020 558 3095 spoliat.
601 3023 728 3079 Romani
756 3032 876 3080 ovantes
901 3042 935 3081 ao
956 3023 1135 3099 gratulantes
1162 2998 1318 3081 Horatium
1348 3023 1496 3098 accipiunt,
1530 3056 1531 3061 κ

442 3145 478 3183 eo
501 3126 611 3185 maiore
632 3146 697 3185 cum
728 3128 851 3203 gaudio,
884 3148 941 3203 quo
970 3148 1063 3205 prope
1092 3138 1198 3187 metum
1227 3148 1273 3186 res
1303 3128 1408 3189 fuerat.
1451 3125 1495 3184 Ad

442 3233 618 3308 sepulturam
640 3235 707 3292 inde
727 3252 846 3291 suorum
869 3252 1053 3309 nequaquam
1077 3234 1205 3317 paribus.
1218 3235 1320 3292 animis
1342 3243 1496 3298 vertuntur,

443 3339 549 3414 qnippe
585 3340 706 3416 imperio
743 3341 826 3397 alteri
868 3340 962 3409 aucti,
1000 3339 1083 3397 alteri
1122 3339 1242 3397 dicionis
1284 3340 1385 3397 alienae
1422 3334 1494 3396 facti.

395 3450 430 3505 14
443 3443 583 3520 Sepulora
604 3455 735 3518 exstant,
755 3465 812 3520 qno
834 3444 956 3521 quisque
980 3446 1045 3503 loeo
1069 3445 1185 3514 cecidit,
1207 3445 1264 3503 duo
1286 3446 1423 3504 Romarm
1444 3458 1495 3499 uuo

442 3549 507 3607 loeo
528 3551 648 3625 propius
668 3552 788 3622 Albam,
810 3552 867 3608 tria
888 3550 1008 3609 Albana
1022 3552 1147 3609 Romam
1163 3569 1272 3621 versus,
1294 3551 1344 3609 sed
1365 3546 1496 3609 distantia

362 3728 365 3733 .
446 3655 527 3725 loeis,
547 3664 579 3712 ut
600 3667 629 3713 et
649 3665 808 3732 pugnatum
829 3665 882 3713 est.

349 3759 395 3830 26
530 3763 704 3838 Priusquam
724 3763 791 3819 inde
817 3760 1043 3836 digrederentur,
1064 3762 1181 3838 roganti
1202 3761 1305 3827 Mettio
1327 3780 1364 3819 ax
1385 3761 1494 3820 foedere

446 3868 520 3937 icto,
541 3869 610 3944 quid
632 3869 797 3944 imperaret,
820 3868 946 3944 impeqat
967 3867 1080 3939 Tullus,
1101 3868 1144 3925 uti
1163 3868 1339 3926 iuventutem
1361 3868 1391 3925 in
1414 3864 1493 3925 armis

339 3970 345 3975 ’
446 3974 566 4045 babeat3
591 3994 710 4032 usurum
737 3992 769 4031 se
790 3990 890 4030 eorum
912 3991 1019 4048 opera,
1049 3972 1075 4030 si
1102 3974 1208 4031 bellum
1236 3992 1301 4031 oum
1330 3972 1493 4031 Veientibus

415 4079 529 4140 2foret.
572 4083 620 4139 Ita
644 4080 786 4167 exemitus
806 4078 874 4136 inde
897 4078 1000 4137 domos
1028 4080 1153 4137 abducti.
1196 4080 1338 4156 Princeps
1360 4078 1492 4138 noradus

444 4186 519 4257 ibat,
541 4187 694 4262 trigemina
715 4184 809 4260 spolia
838 4202 898 4260 pra
927 4203 958 4243 se
986 4203 1102 4261 gerens;
1134 4185 1180 4243 cui
1207 4203 1290 4244 soror
1310 4186 1406 4263 virgo,
1436 4198 1493 4258 qua

444 4294 590 4369 desponsa
610 4292 660 4349 uni
681 4311 718 4349 ex
740 4289 876 4359 Curiatiis
898 4289 1007 4356 iuerat,
1032 4291 1118 4349 obvia
1140 4298 1335 4367 anteportam
1352 4291 1492 4369 Capenam
