<?xml version="1.0" encoding="UTF-8"?>
<!DOCTYPE html PUBLIC "-//W3C//DTD XHTML 1.0 Transitional//EN"
    "http://www.w3.org/TR/xhtml1/DTD/xhtml1-transitional.dtd">
<html xmlns="http://www.w3.org/1999/xhtml" xml:lang="en" lang="en">
 <head>
  <title>
</title>
<meta http-equiv="Content-Type" content="text/html;charset=utf-8" />
  <meta name='ocr-system' content='tesseract 3.04.00' />
  <meta name='ocr-capabilities' content='ocr_page ocr_carea ocr_par ocr_line ocrx_word'/>
</head>
<body>
  <div class='ocr_page' id='page_1' title='image "./titiliviihistor03ussigoog_0145.png"; bbox 0 0 3392 5084; ppageno 0'>
   <div class='ocr_carea' id='block_1_1' title="bbox 520 525 1197 590">
    <p class='ocr_par' dir='ltr' id='par_1_1' title="bbox 520 525 1197 590">
     <span class='ocr_line' id='line_1_1' title="bbox 520 525 1197 590; baseline 0.015 -13"><span class='ocrx_word' id='word_1_1' title='bbox 520 525 599 577; x_wconf 68' lang='lat' dir='ltr'><strong>mser</strong></span> <span class='ocrx_word' id='word_1_2' title='bbox 614 525 651 576; x_wconf 87' lang='grc' dir='ltr'><strong>ιι</strong></span> <span class='ocrx_word' id='word_1_3' title='bbox 686 526 733 590; x_wconf 81' lang='lat' dir='ltr'><strong>(s.</strong></span> <span class='ocrx_word' id='word_1_4' title='bbox 754 526 800 576; x_wconf 80' lang='lat' dir='ltr'><strong>cn</strong></span> <span class='ocrx_word' id='word_1_5' title='bbox 819 530 890 585; x_wconf 78' lang='lat' dir='ltr'><strong>seon</strong></span> <span class='ocrx_word' id='word_1_6' title='bbox 1141 531 1197 588; x_wconf 80' lang='lat'><strong>107</strong></span> 
     </span>
    </p>
   </div>
   <div class='ocr_carea' id='block_1_2' title="bbox 197 709 1241 892">
    <p class='ocr_par' dir='ltr' id='par_1_2' title="bbox 197 709 1241 892">
     <span class='ocr_line' id='line_1_2' title="bbox 197 709 1241 814; baseline 0.004 -50"><span class='ocrx_word' id='word_1_7' title='bbox 197 709 292 766; x_wconf 70' lang='lat' dir='ltr'><strong>einins</strong></span> <span class='ocrx_word' id='word_1_8' title='bbox 310 719 383 770; x_wconf 82' lang='lat' dir='ltr'><strong>eret.</strong></span> <span class='ocrx_word' id='word_1_9' title='bbox 427 711 475 770; x_wconf 80' lang='lat' dir='ltr'><strong>Ex</strong></span> <span class='ocrx_word' id='word_1_10' title='bbox 495 711 542 770; x_wconf 90' lang='lat' dir='ltr'><strong>his</strong></span> <span class='ocrx_word' id='word_1_11' title='bbox 564 711 600 785; x_wconf 81' lang='lat' dir='ltr'><strong>Q.</strong></span> <span class='ocrx_word' id='word_1_12' title='bbox 617 711 742 771; x_wconf 69' lang='lat' dir='ltr'><strong>Fabium</strong></span> <span class='ocrx_word' id='word_1_13' title='bbox 765 713 865 814; x_wconf 79' lang='lat' dir='ltr'><strong>(tertio</strong></span> <span class='ocrx_word' id='word_1_14' title='bbox 885 713 932 770; x_wconf 93' lang='lat' dir='ltr'><strong>hic</strong></span> <span class='ocrx_word' id='word_1_15' title='bbox 953 731 1030 772; x_wconf 86' lang='lat' dir='ltr'><strong>suno</strong></span> <span class='ocrx_word' id='word_1_16' title='bbox 1052 721 1119 771; x_wconf 83' lang='lat' dir='ltr'><strong>suto</strong></span> <span class='ocrx_word' id='word_1_17' title='bbox 1139 711 1241 770; x_wconf 88' lang='lat' dir='ltr'><strong>consul</strong></span> 
     </span>
     <span class='ocr_line' id='line_1_3' title="bbox 198 815 1239 892; baseline 0.004 -21"><span class='ocrx_word' id='word_1_18' title='bbox 198 815 289 883; x_wconf 74' lang='lat' dir='ltr'><strong>iteret)</strong></span> <span class='ocrx_word' id='word_1_19' title='bbox 310 815 469 892; x_wconf 83' lang='lat' dir='ltr'><strong>psincipem</strong></span> <span class='ocrx_word' id='word_1_20' title='bbox 496 816 526 874; x_wconf 93' lang='lat' dir='ltr'><strong>in</strong></span> <span class='ocrx_word' id='word_1_21' title='bbox 547 815 694 876; x_wconf 83' lang='lat' dir='ltr'><strong>confertos</strong></span> <span class='ocrx_word' id='word_1_22' title='bbox 720 817 858 877; x_wconf 86' lang='lat' dir='ltr'><strong>Veientes</strong></span> <span class='ocrx_word' id='word_1_23' title='bbox 885 827 997 878; x_wconf 87' lang='lat' dir='ltr'><strong>euntem</strong></span> <span class='ocrx_word' id='word_1_24' title='bbox 1025 819 1110 878; x_wconf 87' lang='lat' dir='ltr'><strong>ferox</strong></span> <span class='ocrx_word' id='word_1_25' title='bbox 1130 818 1239 877; x_wconf 81' lang='lat' dir='ltr'><strong>viribus</strong></span> 
     </span>
    </p>
   </div>
   <div class='ocr_carea' id='block_1_3' title="bbox 196 923 1383 4387">
    <p class='ocr_par' dir='ltr' id='par_1_3' title="bbox 196 923 1358 2059">
     <span class='ocr_line' id='line_1_4' title="bbox 197 923 1240 994; baseline 0.008 -20"><span class='ocrx_word' id='word_1_26' title='bbox 197 931 219 975; x_wconf 87' lang='lat' dir='ltr'><strong>et</strong></span> <span class='ocrx_word' id='word_1_27' title='bbox 235 938 373 978; x_wconf 76' lang='lat' dir='ltr'><strong>armorum</strong></span> <span class='ocrx_word' id='word_1_28' title='bbox 397 925 590 994; x_wconf 79' lang='lat' dir='ltr'><strong>srteTuscns‚</strong></span> <span class='ocrx_word' id='word_1_29' title='bbox 611 924 757 981; x_wconf 82' lang='lat' dir='ltr'><strong>incautum</strong></span> <span class='ocrx_word' id='word_1_30' title='bbox 780 923 855 982; x_wconf 82' lang='lat' dir='ltr'><strong>inter</strong></span> <span class='ocrx_word' id='word_1_31' title='bbox 876 923 981 982; x_wconf 82' lang='lat' dir='ltr'><strong>multus</strong></span> <span class='ocrx_word' id='word_1_32' title='bbox 1002 935 1165 982; x_wconf 83' lang='lat' dir='ltr'><strong>ven-sentens</strong></span> <span class='ocrx_word' id='word_1_33' title='bbox 1186 925 1240 982; x_wconf 90' lang='lat' dir='ltr'><strong>ho·</strong></span> 
     </span>
     <span class='ocr_line' id='line_1_5' title="bbox 197 1012 1239 1106; baseline 0.007 -25"><span class='ocrx_word' id='word_1_34' title='bbox 197 1026 265 1083; x_wconf 87' lang='lat' dir='ltr'><strong>stium</strong></span> <span class='ocrx_word' id='word_1_35' title='bbox 286 1045 402 1097; x_wconf 80' lang='lat' dir='ltr'><strong>mouns,</strong></span> <span class='ocrx_word' id='word_1_36' title='bbox 422 1028 524 1104; x_wconf 77' lang='lat' dir='ltr'><strong>giudic</strong></span> <span class='ocrx_word' id='word_1_37' title='bbox 543 1048 596 1105; x_wconf 87' lang='lat' dir='ltr'><strong>per</strong></span> <span class='ocrx_word' id='word_1_38' title='bbox 615 1012 716 1104; x_wconf 82' lang='lat' dir='ltr'><strong>pectus</strong></span> <span class='ocrx_word' id='word_1_39' title='bbox 737 1031 893 1106; x_wconf 68' lang='lat' dir='ltr'><strong>transfigit3</strong></span> <span class='ocrx_word' id='word_1_40' title='bbox 924 1029 983 1088; x_wconf 87' lang='lat' dir='ltr'><strong>telo</strong></span> <span class='ocrx_word' id='word_1_41' title='bbox 1005 1039 1144 1100; x_wconf 78' lang='lat' dir='ltr'><strong>extructo,</strong></span> <span class='ocrx_word' id='word_1_42' title='bbox 1165 1049 1239 1105; x_wconf 76' lang='lat' dir='ltr'><strong>pres·</strong></span> 
     </span>
     <span class='ocr_line' id='line_1_6' title="bbox 196 1131 1358 1212; baseline 0.006 -24"><span class='ocrx_word' id='word_1_43' title='bbox 196 1150 249 1206; x_wconf 80' lang='lat' dir='ltr'><strong>ceps</strong></span> <span class='ocrx_word' id='word_1_44' title='bbox 266 1133 377 1191; x_wconf 77' lang='lat' dir='ltr'><strong>Fabius</strong></span> <span class='ocrx_word' id='word_1_45' title='bbox 398 1136 429 1192; x_wconf 91' lang='lat' dir='ltr'><strong>in</strong></span> <span class='ocrx_word' id='word_1_46' title='bbox 450 1135 554 1192; x_wconf 85' lang='lat' dir='ltr'><strong>vulnus</strong></span> <span class='ocrx_word' id='word_1_47' title='bbox 576 1134 658 1193; x_wconf 80' lang='lat' dir='ltr'><strong>abiit</strong></span> <span class='ocrx_word' id='word_1_48' title='bbox 706 1134 804 1208; x_wconf 80' lang='lat' dir='ltr'><strong>Sensit</strong></span> <span class='ocrx_word' id='word_1_49' title='bbox 829 1145 953 1212; x_wconf 78' lang='lat' dir='ltr'><strong>utruque</strong></span> <span class='ocrx_word' id='word_1_50' title='bbox 982 1136 1058 1194; x_wconf 87' lang='lat' dir='ltr'><strong>scies</strong></span> <span class='ocrx_word' id='word_1_51' title='bbox 1079 1136 1163 1194; x_wconf 89' lang='lat' dir='ltr'><strong>unius</strong></span> <span class='ocrx_word' id='word_1_52' title='bbox 1184 1131 1269 1194; x_wconf 65' lang='lat' dir='ltr'><strong>vin-ib</strong></span> <span class='ocrx_word' id='word_1_53' title='bbox 1347 1181 1358 1202; x_wconf 40' lang='grc' dir='ltr'>ι</span> 
     </span>
     <span class='ocr_line' id='line_1_7' title="bbox 196 1239 1241 1316; baseline 0.005 -23"><span class='ocrx_word' id='word_1_54' title='bbox 196 1256 295 1309; x_wconf 75' lang='lat' dir='ltr'><strong>cesum,</strong></span> <span class='ocrx_word' id='word_1_55' title='bbox 328 1241 510 1316; x_wconf 69' lang='lat' dir='ltr'><strong>cedebatque</strong></span> <span class='ocrx_word' id='word_1_56' title='bbox 529 1239 598 1298; x_wconf 91' lang='lat' dir='ltr'><strong>inde</strong></span> <span class='ocrx_word' id='word_1_57' title='bbox 617 1243 787 1310; x_wconf 75' lang='lat' dir='ltr'><strong>Romanus,</strong></span> <span class='ocrx_word' id='word_1_58' title='bbox 823 1259 913 1316; x_wconf 90' lang='lat' dir='ltr'><strong>quum</strong></span> <span class='ocrx_word' id='word_1_59' title='bbox 939 1242 981 1300; x_wconf 92' lang='grc' dir='ltr'><strong>Μ.</strong></span> <span class='ocrx_word' id='word_1_60' title='bbox 1009 1241 1119 1299; x_wconf 73' lang='lat' dir='ltr'><strong>Fabius</strong></span> <span class='ocrx_word' id='word_1_61' title='bbox 1141 1241 1241 1300; x_wconf 87' lang='lat' dir='ltr'><strong>consul</strong></span> 
     </span>
     <span class='ocr_line' id='line_1_8' title="bbox 196 1343 1239 1423; baseline 0.005 -24"><span class='ocrx_word' id='word_1_62' title='bbox 196 1343 318 1402; x_wconf 68' lang='lat' dir='ltr'>transiluit</span> <span class='ocrx_word' id='word_1_63' title='bbox 337 1347 462 1404; x_wconf 77' lang='lat' dir='ltr'><strong>iacentis</strong></span> <span class='ocrx_word' id='word_1_64' title='bbox 482 1365 590 1423; x_wconf 85' lang='lat' dir='ltr'><strong>corpus</strong></span> <span class='ocrx_word' id='word_1_65' title='bbox 615 1347 787 1422; x_wconf 86' lang='lat' dir='ltr'><strong>obiectuque</strong></span> <span class='ocrx_word' id='word_1_66' title='bbox 808 1365 913 1423; x_wconf 72' lang='lat' dir='ltr'><strong>parma</strong></span> <span class='ocrx_word' id='word_1_67' title='bbox 935 1348 1020 1417; x_wconf 85' lang='lat' dir='ltr'><strong>„Hoc</strong></span> <span class='ocrx_word' id='word_1_68' title='bbox 1040 1347 1174 1404; x_wconf 85' lang='lat' dir='ltr'><strong>inrestis“</strong></span> <span class='ocrx_word' id='word_1_69' title='bbox 1196 1347 1239 1404; x_wconf 91' lang='lat' dir='ltr'><strong>in-</strong></span> 
     </span>
     <span class='ocr_line' id='line_1_9' title="bbox 196 1448 1269 1528; baseline 0.005 -23"><span class='ocrx_word' id='word_1_70' title='bbox 196 1449 252 1521; x_wconf 85' lang='lat' dir='ltr'><strong>quit,</strong></span> <span class='ocrx_word' id='word_1_71' title='bbox 272 1451 416 1523; x_wconf 83' lang='lat' dir='ltr'><strong>„milites‚</strong></span> <span class='ocrx_word' id='word_1_72' title='bbox 445 1452 589 1528; x_wconf 78' lang='lat' dir='ltr'><strong>fugientes</strong></span> <span class='ocrx_word' id='word_1_73' title='bbox 610 1469 664 1510; x_wconf 88' lang='lat' dir='ltr'><strong>vos</strong></span> <span class='ocrx_word' id='word_1_74' title='bbox 689 1451 720 1510; x_wconf 90' lang='lat' dir='ltr'><strong>in</strong></span> <span class='ocrx_word' id='word_1_75' title='bbox 741 1462 838 1511; x_wconf 79' lang='lat' dir='ltr'><strong>eostre</strong></span> <span class='ocrx_word' id='word_1_76' title='bbox 859 1452 1027 1512; x_wconf 82' lang='lat' dir='ltr'><strong>redituros?</strong></span> <span class='ocrx_word' id='word_1_77' title='bbox 1048 1453 1134 1512; x_wconf 86' lang='lat' dir='ltr'><strong>Adeo</strong></span> <span class='ocrx_word' id='word_1_78' title='bbox 1157 1448 1269 1528; x_wconf 73' lang='lat' dir='ltr'><strong>igno-6</strong></span> 
     </span>
     <span class='ocr_line' id='line_1_10' title="bbox 196 1555 1240 1636; baseline 0.004 -24"><span class='ocrx_word' id='word_1_79' title='bbox 196 1555 308 1614; x_wconf 78' lang='lat' dir='ltr'><strong>sissimus</strong></span> <span class='ocrx_word' id='word_1_80' title='bbox 328 1558 431 1616; x_wconf 87' lang='lat' dir='ltr'><strong>hostes</strong></span> <span class='ocrx_word' id='word_1_81' title='bbox 452 1559 546 1634; x_wconf 76' lang='lat' dir='ltr'><strong>magis</strong></span> <span class='ocrx_word' id='word_1_82' title='bbox 575 1558 683 1616; x_wconf 80' lang='lat' dir='ltr'><strong>timetis</strong></span> <span class='ocrx_word' id='word_1_83' title='bbox 712 1577 800 1634; x_wconf 83' lang='lat' dir='ltr'><strong>quum</strong></span> <span class='ocrx_word' id='word_1_84' title='bbox 828 1560 931 1618; x_wconf 86' lang='lat' dir='ltr'><strong>Iovem</strong></span> <span class='ocrx_word' id='word_1_85' title='bbox 953 1561 1150 1636; x_wconf 79' lang='lat' dir='ltr'><strong>Martemque,</strong></span> <span class='ocrx_word' id='word_1_86' title='bbox 1187 1577 1240 1635; x_wconf 83' lang='lat' dir='ltr'><strong>per</strong></span> 
     </span>
     <span class='ocr_line' id='line_1_11' title="bbox 197 1663 1240 1744; baseline 0.006 -25"><span class='ocrx_word' id='word_1_87' title='bbox 197 1679 253 1732; x_wconf 84' lang='lat' dir='ltr'><strong>quos</strong></span> <span class='ocrx_word' id='word_1_88' title='bbox 270 1663 408 1721; x_wconf 75' lang='lat' dir='ltr'><strong>iurastis?</strong></span> <span class='ocrx_word' id='word_1_89' title='bbox 436 1665 481 1722; x_wconf 82' lang='lat' dir='ltr'><strong>At</strong></span> <span class='ocrx_word' id='word_1_90' title='bbox 504 1683 559 1740; x_wconf 79' lang='lat' dir='ltr'><strong>ego</strong></span> <span class='ocrx_word' id='word_1_91' title='bbox 580 1663 722 1722; x_wconf 71' lang='lat' dir='ltr'><strong>iniuratus</strong></span> <span class='ocrx_word' id='word_1_92' title='bbox 745 1674 796 1722; x_wconf 84' lang='lat' dir='ltr'><strong>sut</strong></span> <span class='ocrx_word' id='word_1_93' title='bbox 815 1666 909 1724; x_wconf 86' lang='lat' dir='ltr'><strong>victor</strong></span> <span class='ocrx_word' id='word_1_94' title='bbox 925 1676 1056 1725; x_wconf 83' lang='lat' dir='ltr'><strong>reverter</strong></span> <span class='ocrx_word' id='word_1_95' title='bbox 1077 1675 1127 1724; x_wconf 79' lang='lat' dir='ltr'><strong>ant</strong></span> <span class='ocrx_word' id='word_1_96' title='bbox 1148 1685 1240 1744; x_wconf 82' lang='lat' dir='ltr'>prope</span> 
     </span>
     <span class='ocr_line' id='line_1_12' title="bbox 198 1758 1240 1846; baseline 0.011 -25"><span class='ocrx_word' id='word_1_97' title='bbox 198 1777 218 1823; x_wconf 86' lang='lat' dir='ltr'><strong>te</strong></span> <span class='ocrx_word' id='word_1_98' title='bbox 234 1768 283 1837; x_wconf 71' lang='lat' dir='ltr'><strong>hic,</strong></span> <span class='ocrx_word' id='word_1_99' title='bbox 303 1769 340 1843; x_wconf 80' lang='lat' dir='ltr'><strong>Q.</strong></span> <span class='ocrx_word' id='word_1_100' title='bbox 362 1771 451 1842; x_wconf 76' lang='lat' dir='ltr'><strong>Fabi,</strong></span> <span class='ocrx_word' id='word_1_101' title='bbox 470 1771 610 1830; x_wconf 75' lang='lat' dir='ltr'><strong>dimicans</strong></span> <span class='ocrx_word' id='word_1_102' title='bbox 631 1771 763 1828; x_wconf 52' lang='lat' dir='ltr'><strong>cadem!</strong></span> <span class='ocrx_word' id='word_1_103' title='bbox 783 1758 787 1766; x_wconf 39' lang='lat'>⁸</span> <span class='ocrx_word' id='word_1_104' title='bbox 810 1768 930 1838; x_wconf 83' lang='lat' dir='ltr'><strong>Consnli</strong></span> <span class='ocrx_word' id='word_1_105' title='bbox 948 1783 1008 1830; x_wconf 89' lang='lat' dir='ltr'><strong>tum</strong></span> <span class='ocrx_word' id='word_1_106' title='bbox 1023 1771 1240 1846; x_wconf 67' lang='lat' dir='ltr'><strong>consonamus,</strong></span> 
     </span>
     <span class='ocr_line' id='line_1_13' title="bbox 196 1856 1355 1952; baseline 0.007 -23"><span class='ocrx_word' id='word_1_107' title='bbox 196 1856 369 1946; x_wconf 65' lang='lat' dir='ltr'><strong>priorisnnni</strong></span> <span class='ocrx_word' id='word_1_108' title='bbox 391 1877 507 1935; x_wconf 87' lang='lat' dir='ltr'><strong>consul:</strong></span> <span class='ocrx_word' id='word_1_109' title='bbox 530 1877 691 1947; x_wconf 77' lang='lat' dir='ltr'>„verbisne</span> <span class='ocrx_word' id='word_1_110' title='bbox 710 1877 782 1949; x_wconf 81' lang='lat' dir='ltr'><strong>istis,</strong></span> <span class='ocrx_word' id='word_1_111' title='bbox 804 1876 905 1948; x_wconf 69' lang='lat' dir='ltr'><strong>steten,</strong></span> <span class='ocrx_word' id='word_1_112' title='bbox 927 1884 958 1934; x_wconf 87' lang='lat' dir='ltr'><strong>ut</strong></span> <span class='ocrx_word' id='word_1_113' title='bbox 979 1887 1115 1952; x_wconf 82' lang='lat' dir='ltr'><strong>pugnent,</strong></span> <span class='ocrx_word' id='word_1_114' title='bbox 1137 1887 1166 1936; x_wconf 90' lang='lat' dir='ltr'><strong>te</strong></span> <span class='ocrx_word' id='word_1_115' title='bbox 1185 1877 1239 1936; x_wconf 90' lang='lat' dir='ltr'><strong>im·</strong></span> <span class='ocrx_word' id='word_1_116' title='bbox 1352 1939 1355 1950; x_wconf 75' lang='grc'>,</span> 
     </span>
     <span class='ocr_line' id='line_1_14' title="bbox 198 1977 1269 2059; baseline 0.006 -23"><span class='ocrx_word' id='word_1_117' title='bbox 198 1989 352 2051; x_wconf 84' lang='lat' dir='ltr'><strong>pretntnnnm</strong></span> <span class='ocrx_word' id='word_1_118' title='bbox 375 1981 492 2040; x_wconf 79' lang='lat' dir='ltr'><strong>credis?</strong></span> <span class='ocrx_word' id='word_1_119' title='bbox 513 1983 564 2040; x_wconf 92' lang='lat' dir='ltr'><strong>Dii</strong></span> <span class='ocrx_word' id='word_1_120' title='bbox 584 1983 790 2059; x_wconf 71' lang='lat' dir='ltr'><strong>impetrabunt,</strong></span> <span class='ocrx_word' id='word_1_121' title='bbox 810 2001 864 2058; x_wconf 82' lang='lat' dir='ltr'><strong>per</strong></span> <span class='ocrx_word' id='word_1_122' title='bbox 879 1999 951 2058; x_wconf 89' lang='lat' dir='ltr'><strong>quos</strong></span> <span class='ocrx_word' id='word_1_123' title='bbox 964 1982 1113 2053; x_wconf 56' lang='lat' dir='ltr'><strong>imovero</strong></span> <span class='ocrx_word' id='word_1_124' title='bbox 1136 1993 1164 2042; x_wconf 89' lang='lat' dir='ltr'><strong>et</strong></span> <span class='ocrx_word' id='word_1_125' title='bbox 1176 1977 1269 2056; x_wconf 52' lang='lat' dir='ltr'><strong>nond</strong></span> 
     </span>
    </p>

    <p class='ocr_par' dir='ltr' id='par_1_4' title="bbox 198 2085 1239 2167">
     <span class='ocr_line' id='line_1_15' title="bbox 198 2085 1239 2167; baseline 0.012 -31"><span class='ocrx_word' id='word_1_126' title='bbox 198 2094 221 2138; x_wconf 84' lang='lat' dir='ltr'><strong>nt</strong></span> <span class='ocrx_word' id='word_1_127' title='bbox 236 2085 474 2164; x_wconf 64' lang='lat' dir='ltr'><strong>deeetsproceres,</strong></span> <span class='ocrx_word' id='word_1_128' title='bbox 494 2097 527 2146; x_wconf 89' lang='lat' dir='ltr'><strong>ut</strong></span> <span class='ocrx_word' id='word_1_129' title='bbox 549 2089 644 2146; x_wconf 78' lang='lat' dir='ltr'><strong>Fabio</strong></span> <span class='ocrx_word' id='word_1_130' title='bbox 664 2088 781 2146; x_wconf 89' lang='lat' dir='ltr'><strong>nomine</strong></span> <span class='ocrx_word' id='word_1_131' title='bbox 802 2097 847 2145; x_wconf 86' lang='lat' dir='ltr'><strong>est</strong></span> <span class='ocrx_word' id='word_1_132' title='bbox 866 2087 994 2163; x_wconf 79' lang='lat' dir='ltr'><strong>dignum,</strong></span> <span class='ocrx_word' id='word_1_133' title='bbox 1015 2090 1171 2166; x_wconf 76' lang='lat' dir='ltr'><strong>pugnando</strong></span> <span class='ocrx_word' id='word_1_134' title='bbox 1185 2110 1239 2167; x_wconf 85' lang='lat' dir='ltr'><strong>po-</strong></span> 
     </span>
    </p>

    <p class='ocr_par' dir='ltr' id='par_1_5' title="bbox 198 2190 1239 2377">
     <span class='ocr_line' id='line_1_16' title="bbox 198 2190 1239 2266; baseline 0.006 -20"><span class='ocrx_word' id='word_1_135' title='bbox 198 2190 240 2246; x_wconf 86' lang='lat' dir='ltr'><strong>tins</strong></span> <span class='ocrx_word' id='word_1_136' title='bbox 257 2211 340 2266; x_wconf 76' lang='lat' dir='ltr'><strong>qnam</strong></span> <span class='ocrx_word' id='word_1_137' title='bbox 363 2195 551 2253; x_wconf 79' lang='lat' dir='ltr'><strong>adhortando</strong></span> <span class='ocrx_word' id='word_1_138' title='bbox 572 2194 764 2252; x_wconf 72' lang='lat' dir='ltr'><strong>accendamus</strong></span> <span class='ocrx_word' id='word_1_139' title='bbox 791 2194 915 2252; x_wconf 88' lang='lat' dir='ltr'><strong>militum</strong></span> <span class='ocrx_word' id='word_1_140' title='bbox 945 2194 1085 2253; x_wconf 78' lang='lat' dir='ltr'><strong>animos.“</strong></span> <span class='ocrx_word' id='word_1_141' title='bbox 1140 2191 1193 2254; x_wconf 80' lang='lat' dir='ltr'><strong>sio&#39;</strong></span> <span class='ocrx_word' id='word_1_142' title='bbox 1209 2195 1239 2252; x_wconf 90' lang='lat' dir='ltr'><strong>in</strong></span> 
     </span>
     <span class='ocr_line' id='line_1_17' title="bbox 199 2296 1239 2377; baseline 0.006 -25"><span class='ocrx_word' id='word_1_143' title='bbox 199 2296 299 2367; x_wconf 71' lang='lat' dir='ltr'><strong>utimum</strong></span> <span class='ocrx_word' id='word_1_144' title='bbox 320 2299 439 2358; x_wconf 82' lang='lat' dir='ltr'><strong>infestis</strong></span> <span class='ocrx_word' id='word_1_145' title='bbox 460 2301 551 2359; x_wconf 71' lang='lat' dir='ltr'><strong>husus</strong></span> <span class='ocrx_word' id='word_1_146' title='bbox 572 2300 728 2377; x_wconf 74' lang='lat' dir='ltr'><strong>provolant</strong></span> <span class='ocrx_word' id='word_1_147' title='bbox 753 2301 811 2358; x_wconf 94' lang='lat' dir='ltr'><strong>dno</strong></span> <span class='ocrx_word' id='word_1_148' title='bbox 832 2299 938 2370; x_wconf 77' lang='lat' dir='ltr'><strong>Fabii,</strong></span> <span class='ocrx_word' id='word_1_149' title='bbox 970 2309 1119 2375; x_wconf 82' lang='lat' dir='ltr'><strong>totamque</strong></span> <span class='ocrx_word' id='word_1_150' title='bbox 1141 2319 1239 2358; x_wconf 83' lang='lat' dir='ltr'><strong>move·</strong></span> 
     </span>
    </p>

    <p class='ocr_par' dir='ltr' id='par_1_6' title="bbox 201 2395 1335 2590">
     <span class='ocr_line' id='line_1_18' title="bbox 201 2395 1335 2484; baseline 0.006 -25"><span class='ocrx_word' id='word_1_151' title='bbox 201 2411 249 2458; x_wconf 84' lang='lat' dir='ltr'><strong>unt</strong></span> <span class='ocrx_word' id='word_1_152' title='bbox 263 2422 358 2464; x_wconf 88' lang='lat' dir='ltr'><strong>secum</strong></span> <span class='ocrx_word' id='word_1_153' title='bbox 380 2407 486 2465; x_wconf 80' lang='lat' dir='ltr'><strong>eciem.</strong></span> <span class='ocrx_word' id='word_1_154' title='bbox 532 2406 650 2465; x_wconf 86' lang='lat' dir='ltr'><strong>Proelio</strong></span> <span class='ocrx_word' id='word_1_155' title='bbox 671 2425 709 2464; x_wconf 85' lang='lat' dir='ltr'><strong>ex</strong></span> <span class='ocrx_word' id='word_1_156' title='bbox 729 2417 888 2482; x_wconf 77' lang='lat' dir='ltr'><strong>penteone</strong></span> <span class='ocrx_word' id='word_1_157' title='bbox 901 2406 1043 2478; x_wconf 79' lang='lat' dir='ltr'><strong>restituto,</strong></span> <span class='ocrx_word' id='word_1_158' title='bbox 1062 2407 1152 2466; x_wconf 88' lang='lat' dir='ltr'><strong>nihilo</strong></span> <span class='ocrx_word' id='word_1_159' title='bbox 1172 2425 1240 2484; x_wconf 84' lang='lat' dir='ltr'><strong>seg-</strong></span> <span class='ocrx_word' id='word_1_160' title='bbox 1291 2395 1335 2466; x_wconf 71' lang='lat'><strong>47</strong></span> 
     </span>
     <span class='ocr_line' id='line_1_19' title="bbox 202 2505 1241 2590; baseline 0.007 -25"><span class='ocrx_word' id='word_1_161' title='bbox 202 2505 247 2564; x_wconf 83' lang='lat' dir='ltr'><strong>nius</strong></span> <span class='ocrx_word' id='word_1_162' title='bbox 263 2509 289 2567; x_wconf 89' lang='lat' dir='ltr'><strong>in</strong></span> <span class='ocrx_word' id='word_1_163' title='bbox 309 2531 404 2570; x_wconf 88' lang='lat' dir='ltr'><strong>cornu</strong></span> <span class='ocrx_word' id='word_1_164' title='bbox 426 2513 519 2570; x_wconf 79' lang='lat' dir='ltr'><strong>altero</strong></span> <span class='ocrx_word' id='word_1_165' title='bbox 545 2511 605 2589; x_wconf 71' lang='lat' dir='ltr'><strong>Cu}</strong></span> <span class='ocrx_word' id='word_1_166' title='bbox 627 2513 754 2571; x_wconf 71' lang='lat' dir='ltr'><strong>Manlius</strong></span> <span class='ocrx_word' id='word_1_167' title='bbox 783 2513 884 2572; x_wconf 91' lang='lat' dir='ltr'><strong>consul</strong></span> <span class='ocrx_word' id='word_1_168' title='bbox 911 2531 1037 2590; x_wconf 80' lang='lat' dir='ltr'><strong>pugnam</strong></span> <span class='ocrx_word' id='word_1_169' title='bbox 1063 2515 1166 2584; x_wconf 79' lang='lat' dir='ltr'><strong>ciebat,</strong></span> <span class='ocrx_word' id='word_1_170' title='bbox 1190 2513 1241 2573; x_wconf 89' lang='lat' dir='ltr'><strong>ubi</strong></span> 
     </span>
    </p>

    <p class='ocr_par' dir='ltr' id='par_1_7' title="bbox 203 2605 1270 2689">
     <span class='ocr_line' id='line_1_20' title="bbox 203 2605 1270 2689; baseline 0.003 -14"><span class='ocrx_word' id='word_1_171' title='bbox 203 2630 269 2689; x_wconf 77' lang='lat' dir='ltr'><strong>prope</strong></span> <span class='ocrx_word' id='word_1_172' title='bbox 287 2618 389 2677; x_wconf 85' lang='lat' dir='ltr'><strong>similis</strong></span> <span class='ocrx_word' id='word_1_173' title='bbox 413 2619 532 2678; x_wconf 82' lang='lat' dir='ltr'><strong>fort-nnn</strong></span> <span class='ocrx_word' id='word_1_174' title='bbox 557 2605 602 2677; x_wconf 82' lang='lat' dir='ltr'><strong>est</strong></span> <span class='ocrx_word' id='word_1_175' title='bbox 625 2629 752 2682; x_wconf 80' lang='lat' dir='ltr'><strong>versute.</strong></span> <span class='ocrx_word' id='word_1_176' title='bbox 803 2620 883 2677; x_wconf 83' lang='lat' dir='ltr'><strong>Num</strong></span> <span class='ocrx_word' id='word_1_177' title='bbox 915 2628 947 2677; x_wconf 86' lang='lat' dir='ltr'><strong>ut</strong></span> <span class='ocrx_word' id='word_1_178' title='bbox 979 2619 1070 2676; x_wconf 80' lang='lat' dir='ltr'><strong>altero</strong></span> <span class='ocrx_word' id='word_1_179' title='bbox 1098 2619 1129 2676; x_wconf 92' lang='lat' dir='ltr'><strong>in</strong></span> <span class='ocrx_word' id='word_1_180' title='bbox 1151 2616 1270 2678; x_wconf 82' lang='lat' dir='ltr'><strong>oomn2</strong></span> 
     </span>
    </p>

    <p class='ocr_par' dir='ltr' id='par_1_8' title="bbox 206 2716 1240 2801">
     <span class='ocr_line' id='line_1_21' title="bbox 206 2716 1240 2801; baseline 0.003 -22"><span class='ocrx_word' id='word_1_181' title='bbox 206 2716 230 2788; x_wconf 83' lang='lat' dir='ltr'><strong>Q·</strong></span> <span class='ocrx_word' id='word_1_182' title='bbox 245 2722 374 2795; x_wconf 76' lang='lat' dir='ltr'><strong>Fabium,</strong></span> <span class='ocrx_word' id='word_1_183' title='bbox 409 2727 451 2784; x_wconf 89' lang='lat' dir='ltr'><strong>sic</strong></span> <span class='ocrx_word' id='word_1_184' title='bbox 476 2726 506 2782; x_wconf 89' lang='lat' dir='ltr'><strong>in</strong></span> <span class='ocrx_word' id='word_1_185' title='bbox 537 2727 594 2784; x_wconf 87' lang='lat' dir='ltr'><strong>hoc</strong></span> <span class='ocrx_word' id='word_1_186' title='bbox 612 2725 707 2801; x_wconf 88' lang='lat' dir='ltr'><strong>ipsum</strong></span> <span class='ocrx_word' id='word_1_187' title='bbox 735 2725 882 2784; x_wconf 88' lang='lat' dir='ltr'><strong>consulem</strong></span> <span class='ocrx_word' id='word_1_188' title='bbox 911 2723 1050 2782; x_wconf 74' lang='lat' dir='ltr'><strong>Manlium</strong></span> <span class='ocrx_word' id='word_1_189' title='bbox 1077 2725 1136 2782; x_wconf 82' lang='lat' dir='ltr'><strong>iam</strong></span> <span class='ocrx_word' id='word_1_190' title='bbox 1162 2727 1240 2784; x_wconf 87' lang='lat' dir='ltr'><strong>velut</strong></span> 
     </span>
    </p>

    <p class='ocr_par' dir='ltr' id='par_1_9' title="bbox 208 2821 1241 2908">
     <span class='ocr_line' id='line_1_22' title="bbox 208 2821 1241 2908; baseline 0.005 -24"><span class='ocrx_word' id='word_1_191' title='bbox 208 2821 263 2884; x_wconf 70' lang='lat' dir='ltr'><strong>istos</strong></span> <span class='ocrx_word' id='word_1_192' title='bbox 279 2842 415 2906; x_wconf 79' lang='lat' dir='ltr'><strong>egentem</strong></span> <span class='ocrx_word' id='word_1_193' title='bbox 436 2834 535 2890; x_wconf 85' lang='lat' dir='ltr'><strong>hostes</strong></span> <span class='ocrx_word' id='word_1_194' title='bbox 556 2842 586 2890; x_wconf 92' lang='lat' dir='ltr'><strong>et</strong></span> <span class='ocrx_word' id='word_1_195' title='bbox 606 2832 729 2908; x_wconf 78' lang='lat' dir='ltr'><strong>impigre</strong></span> <span class='ocrx_word' id='word_1_196' title='bbox 751 2831 857 2888; x_wconf 88' lang='lat' dir='ltr'><strong>milites</strong></span> <span class='ocrx_word' id='word_1_197' title='bbox 881 2832 971 2888; x_wconf 86' lang='lat' dir='ltr'><strong>secuti</strong></span> <span class='ocrx_word' id='word_1_198' title='bbox 994 2839 1061 2888; x_wconf 87' lang='lat' dir='ltr'><strong>sunt</strong></span> <span class='ocrx_word' id='word_1_199' title='bbox 1081 2840 1118 2899; x_wconf 70' lang='grc' dir='ltr'><strong>εις</strong></span> <span class='ocrx_word' id='word_1_200' title='bbox 1140 2831 1241 2890; x_wconf 85' lang='lat' dir='ltr'><strong>utillo</strong></span> 
     </span>
    </p>

    <p class='ocr_par' dir='ltr' id='par_1_10' title="bbox 208 2935 1271 3640">
     <span class='ocr_line' id='line_1_23' title="bbox 209 2935 1241 3012; baseline 0.004 -21"><span class='ocrx_word' id='word_1_201' title='bbox 209 2935 268 3001; x_wconf 74' lang='lat' dir='ltr'><strong>guni</strong></span> <span class='ocrx_word' id='word_1_202' title='bbox 288 2938 411 2996; x_wconf 83' lang='lat' dir='ltr'><strong>vnlnere</strong></span> <span class='ocrx_word' id='word_1_203' title='bbox 443 2938 518 2996; x_wconf 89' lang='lat' dir='ltr'><strong>ictus</strong></span> <span class='ocrx_word' id='word_1_204' title='bbox 541 2957 579 2995; x_wconf 87' lang='lat' dir='ltr'><strong>ex</strong></span> <span class='ocrx_word' id='word_1_205' title='bbox 604 2938 667 2996; x_wconf 80' lang='lat' dir='ltr'><strong>soie</strong></span> <span class='ocrx_word' id='word_1_206' title='bbox 693 2938 792 3007; x_wconf 81' lang='lat' dir='ltr'><strong>cessit,</strong></span> <span class='ocrx_word' id='word_1_207' title='bbox 812 2935 1004 3011; x_wconf 82' lang='lat' dir='ltr'><strong>interfectum</strong></span> <span class='ocrx_word' id='word_1_208' title='bbox 1035 2937 1092 2994; x_wconf 80' lang='lat' dir='ltr'><strong>ruti</strong></span> <span class='ocrx_word' id='word_1_209' title='bbox 1118 2937 1241 3012; x_wconf 76' lang='lat' dir='ltr'><strong>grsdm</strong></span> 
     </span>
     <span class='ocr_line' id='line_1_24' title="bbox 208 3033 1271 3120; baseline 0.005 -25"><span class='ocrx_word' id='word_1_210' title='bbox 208 3040 316 3113; x_wconf 62' lang='lat' dir='ltr'><strong>nutem</strong></span> <span class='ocrx_word' id='word_1_211' title='bbox 338 3043 552 3120; x_wconf 68' lang='lat' dir='ltr'><strong>cessissentque</strong></span> <span class='ocrx_word' id='word_1_212' title='bbox 572 3045 648 3116; x_wconf 82' lang='lat' dir='ltr'><strong>loco,</strong></span> <span class='ocrx_word' id='word_1_213' title='bbox 670 3045 699 3102; x_wconf 88' lang='lat' dir='ltr'><strong>ni</strong></span> <span class='ocrx_word' id='word_1_214' title='bbox 719 3042 820 3102; x_wconf 83' lang='lat' dir='ltr'><strong>consul</strong></span> <span class='ocrx_word' id='word_1_215' title='bbox 841 3041 990 3100; x_wconf 76' lang='lat' dir='ltr'><strong>alternum</strong></span> <span class='ocrx_word' id='word_1_216' title='bbox 1009 3042 1120 3118; x_wconf 78' lang='lat' dir='ltr'><strong>aliquot</strong></span> <span class='ocrx_word' id='word_1_217' title='bbox 1140 3033 1271 3100; x_wconf 84' lang='lat' dir='ltr'><strong>turmis3</strong></span> 
     </span>
     <span class='ocr_line' id='line_1_25' title="bbox 208 3145 1241 3226; baseline 0.003 -25"><span class='ocrx_word' id='word_1_218' title='bbox 208 3145 306 3216; x_wconf 80' lang='lat' dir='ltr'><strong>equitum</strong></span> <span class='ocrx_word' id='word_1_219' title='bbox 326 3151 355 3207; x_wconf 88' lang='lat' dir='ltr'><strong>in</strong></span> <span class='ocrx_word' id='word_1_220' title='bbox 379 3169 449 3208; x_wconf 84' lang='lat' dir='ltr'><strong>enm</strong></span> <span class='ocrx_word' id='word_1_221' title='bbox 472 3160 584 3226; x_wconf 83' lang='lat' dir='ltr'><strong>portem</strong></span> <span class='ocrx_word' id='word_1_222' title='bbox 606 3151 695 3208; x_wconf 79' lang='lat' dir='ltr'><strong>citato</strong></span> <span class='ocrx_word' id='word_1_223' title='bbox 715 3167 791 3225; x_wconf 89' lang='lat' dir='ltr'><strong>equo</strong></span> <span class='ocrx_word' id='word_1_224' title='bbox 813 3149 960 3218; x_wconf 74' lang='lat' dir='ltr'><strong>advectus,</strong></span> <span class='ocrx_word' id='word_1_225' title='bbox 983 3149 1080 3206; x_wconf 83' lang='lat' dir='ltr'><strong>vivere</strong></span> <span class='ocrx_word' id='word_1_226' title='bbox 1091 3149 1241 3206; x_wconf 72' lang='lat' dir='ltr'><strong>clamitans</strong></span> 
     </span>
     <span class='ocr_line' id='line_1_26' title="bbox 208 3249 1240 3328; baseline -0.002 -14"><span class='ocrx_word' id='word_1_227' title='bbox 208 3249 328 3328; x_wconf 63' lang='lat' dir='ltr'><strong>wilegam,</strong></span> <span class='ocrx_word' id='word_1_228' title='bbox 349 3276 383 3314; x_wconf 88' lang='lat' dir='ltr'><strong>se</strong></span> <span class='ocrx_word' id='word_1_229' title='bbox 402 3256 551 3328; x_wconf 84' lang='lat' dir='ltr'><strong>victorem,</strong></span> <span class='ocrx_word' id='word_1_230' title='bbox 565 3256 632 3315; x_wconf 82' lang='lat' dir='ltr'><strong>fuso</strong></span> <span class='ocrx_word' id='word_1_231' title='bbox 644 3255 736 3313; x_wconf 78' lang='lat' dir='ltr'><strong>altero</strong></span> <span class='ocrx_word' id='word_1_232' title='bbox 748 3273 847 3325; x_wconf 85' lang='lat' dir='ltr'><strong>cornu,</strong></span> <span class='ocrx_word' id='word_1_233' title='bbox 868 3255 979 3325; x_wconf 79' lang='lat' dir='ltr'><strong>edesse,</strong></span> <span class='ocrx_word' id='word_1_234' title='bbox 1001 3275 1060 3313; x_wconf 88' lang='lat' dir='ltr'><strong>rem</strong></span> <span class='ocrx_word' id='word_1_235' title='bbox 1075 3255 1240 3312; x_wconf 76' lang='lat' dir='ltr'><strong>inclinatam</strong></span> 
     </span>
     <span class='ocr_line' id='line_1_27' title="bbox 208 3352 1271 3437; baseline 0.004 -24"><span class='ocrx_word' id='word_1_236' title='bbox 208 3357 366 3422; x_wconf 79' lang='lat' dir='ltr'><strong>sustinuisset.</strong></span> <span class='ocrx_word' id='word_1_237' title='bbox 416 3363 543 3422; x_wconf 78' lang='lat' dir='ltr'><strong>Manlius</strong></span> <span class='ocrx_word' id='word_1_238' title='bbox 571 3380 688 3437; x_wconf 87' lang='lat' dir='ltr'><strong>quoque</strong></span> <span class='ocrx_word' id='word_1_239' title='bbox 714 3361 753 3418; x_wconf 84' lang='lat' dir='ltr'><strong>ed</strong></span> <span class='ocrx_word' id='word_1_240' title='bbox 779 3361 984 3418; x_wconf 77' lang='lat' dir='ltr'><strong>restituendum</strong></span> <span class='ocrx_word' id='word_1_241' title='bbox 1012 3359 1103 3417; x_wconf 84' lang='lat' dir='ltr'><strong>eciem</strong></span> <span class='ocrx_word' id='word_1_242' title='bbox 1125 3377 1156 3418; x_wconf 90' lang='lat' dir='ltr'><strong>sc</strong></span> <span class='ocrx_word' id='word_1_243' title='bbox 1179 3352 1271 3436; x_wconf 77' lang='lat' dir='ltr'><strong>ipse4</strong></span> 
     </span>
     <span class='ocr_line' id='line_1_28' title="bbox 208 3462 1241 3541; baseline 0.002 -21"><span class='ocrx_word' id='word_1_244' title='bbox 208 3473 281 3520; x_wconf 78' lang='lat' dir='ltr'><strong>tortus</strong></span> <span class='ocrx_word' id='word_1_245' title='bbox 301 3465 396 3527; x_wconf 81' lang='lat' dir='ltr'><strong>offert.</strong></span> <span class='ocrx_word' id='word_1_246' title='bbox 442 3469 575 3526; x_wconf 87' lang='lat' dir='ltr'><strong>Duorum</strong></span> <span class='ocrx_word' id='word_1_247' title='bbox 591 3467 741 3526; x_wconf 86' lang='lat' dir='ltr'><strong>consulum</strong></span> <span class='ocrx_word' id='word_1_248' title='bbox 755 3465 872 3541; x_wconf 77' lang='lat' dir='ltr'><strong>cognite</strong></span> <span class='ocrx_word' id='word_1_249' title='bbox 888 3462 1110 3524; x_wconf 81' lang='lat' dir='ltr'><strong>orneooendunt</strong></span> <span class='ocrx_word' id='word_1_250' title='bbox 1121 3464 1241 3524; x_wconf 88' lang='lat' dir='ltr'><strong>militum</strong></span> 
     </span>
     <span class='ocr_line' id='line_1_29' title="bbox 209 3565 1242 3640; baseline 0.002 -14"><span class='ocrx_word' id='word_1_251' title='bbox 209 3565 303 3627; x_wconf 61' lang='lat' dir='ltr'><strong>animos.</strong></span> <span class='ocrx_word' id='word_1_252' title='bbox 344 3573 440 3633; x_wconf 88' lang='lat' dir='ltr'><strong>Simul</strong></span> <span class='ocrx_word' id='word_1_253' title='bbox 460 3584 490 3632; x_wconf 89' lang='lat' dir='ltr'><strong>et</strong></span> <span class='ocrx_word' id='word_1_254' title='bbox 510 3574 613 3633; x_wconf 80' lang='lat' dir='ltr'><strong>vanior</strong></span> <span class='ocrx_word' id='word_1_255' title='bbox 633 3574 692 3630; x_wconf 86' lang='lat' dir='ltr'><strong>ism</strong></span> <span class='ocrx_word' id='word_1_256' title='bbox 715 3582 778 3629; x_wconf 80' lang='lat' dir='ltr'><strong>erut</strong></span> <span class='ocrx_word' id='word_1_257' title='bbox 797 3570 923 3628; x_wconf 88' lang='lat' dir='ltr'><strong>hostium</strong></span> <span class='ocrx_word' id='word_1_258' title='bbox 945 3570 1031 3638; x_wconf 82' lang='lat' dir='ltr'><strong>acies,</strong></span> <span class='ocrx_word' id='word_1_259' title='bbox 1051 3569 1129 3640; x_wconf 83' lang='lat' dir='ltr'><strong>dum,</strong></span> <span class='ocrx_word' id='word_1_260' title='bbox 1151 3571 1242 3628; x_wconf 85' lang='lat' dir='ltr'><strong>obun-</strong></span> 
     </span>
    </p>

    <p class='ocr_par' dir='ltr' id='par_1_11' title="bbox 211 3667 1273 3967">
     <span class='ocr_line' id='line_1_30' title="bbox 211 3667 1243 3752; baseline 0.008 -29"><span class='ocrx_word' id='word_1_261' title='bbox 211 3667 276 3730; x_wconf 86' lang='lat' dir='ltr'><strong>dsote</strong></span> <span class='ocrx_word' id='word_1_262' title='bbox 293 3679 472 3737; x_wconf 87' lang='lat' dir='ltr'><strong>multitudine</strong></span> <span class='ocrx_word' id='word_1_263' title='bbox 497 3679 575 3752; x_wconf 79' lang='lat' dir='ltr'><strong>freti,</strong></span> <span class='ocrx_word' id='word_1_264' title='bbox 603 3680 753 3737; x_wconf 72' lang='lat' dir='ltr'><strong>subnecto</strong></span> <span class='ocrx_word' id='word_1_265' title='bbox 779 3675 909 3736; x_wconf 79' lang='lat' dir='ltr'><strong>subsidio</strong></span> <span class='ocrx_word' id='word_1_266' title='bbox 937 3675 1052 3733; x_wconf 84' lang='lat' dir='ltr'><strong>mittunt</strong></span> <span class='ocrx_word' id='word_1_267' title='bbox 1080 3675 1118 3732; x_wconf 81' lang='lat' dir='ltr'><strong>sd</strong></span> <span class='ocrx_word' id='word_1_268' title='bbox 1147 3686 1243 3733; x_wconf 77' lang='lat' dir='ltr'><strong>castre</strong></span> 
     </span>
     <span class='ocr_line' id='line_1_31' title="bbox 211 3761 1273 3860; baseline -0.003 -18"><span class='ocrx_word' id='word_1_269' title='bbox 211 3785 386 3856; x_wconf 56' lang='lat' dir='ltr'><strong>⁰P1&gt;ugnondnt</strong></span> <span class='ocrx_word' id='word_1_270' title='bbox 416 3786 453 3842; x_wconf 87' lang='lat' dir='ltr'><strong>In</strong></span> <span class='ocrx_word' id='word_1_271' title='bbox 468 3785 625 3860; x_wconf 64' lang='lat' dir='ltr'><strong>qumhsud</strong></span> <span class='ocrx_word' id='word_1_272' title='bbox 639 3803 747 3860; x_wconf 74' lang='lat' dir='ltr'><strong>magno</strong></span> <span class='ocrx_word' id='word_1_273' title='bbox 761 3781 917 3842; x_wconf 75' lang='lat' dir='ltr'><strong>certamine</strong></span> <span class='ocrx_word' id='word_1_274' title='bbox 930 3781 1039 3857; x_wconf 87' lang='lat' dir='ltr'><strong>impetu</strong></span> <span class='ocrx_word' id='word_1_275' title='bbox 1052 3781 1139 3850; x_wconf 75' lang='lat' dir='ltr'><strong>iacto,</strong></span> <span class='ocrx_word' id='word_1_276' title='bbox 1155 3761 1241 3856; x_wconf 60' lang='lat' dir='ltr'><strong>dnum</strong></span> <span class='ocrx_word' id='word_1_277' title='bbox 1257 3779 1273 3832; x_wconf 86' lang='lat'>5</span> 
     </span>
     <span class='ocr_line' id='line_1_32' title="bbox 213 3885 1243 3967; baseline -0.005 -16"><span class='ocrx_word' id='word_1_278' title='bbox 213 3885 291 3951; x_wconf 55' lang='grc' dir='ltr'><strong>[ΜΒ</strong></span> <span class='ocrx_word' id='word_1_279' title='bbox 308 3891 399 3967; x_wconf 79' lang='lat' dir='ltr'><strong>magis</strong></span> <span class='ocrx_word' id='word_1_280' title='bbox 414 3909 502 3966; x_wconf 84' lang='lat' dir='ltr'><strong>quem</strong></span> <span class='ocrx_word' id='word_1_281' title='bbox 517 3909 624 3967; x_wconf 72' lang='lat' dir='ltr'><strong>pugno</strong></span> <span class='ocrx_word' id='word_1_282' title='bbox 638 3907 781 3948; x_wconf 85' lang='lat' dir='ltr'><strong>memores</strong></span> <span class='ocrx_word' id='word_1_283' title='bbox 794 3897 920 3948; x_wconf 84' lang='lat' dir='ltr'><strong>tenerent</strong></span> <span class='ocrx_word' id='word_1_284' title='bbox 937 3896 1058 3963; x_wconf 79' lang='lat' dir='ltr'><strong>tempus,</strong></span> <span class='ocrx_word' id='word_1_285' title='bbox 1081 3885 1173 3944; x_wconf 79' lang='lat' dir='ltr'><strong>tsisrii</strong></span> <span class='ocrx_word' id='word_1_286' title='bbox 1183 3888 1243 3946; x_wconf 86' lang='lat' dir='ltr'><strong>Ro·</strong></span> 
     </span>
    </p>

    <p class='ocr_par' dir='ltr' id='par_1_12' title="bbox 214 3991 1244 4072">
     <span class='ocr_line' id='line_1_33' title="bbox 214 3991 1244 4072; baseline -0.007 -18"><span class='ocrx_word' id='word_1_287' title='bbox 214 3991 278 4061; x_wconf 63' lang='lat' dir='ltr'><strong>mi,</strong></span> <span class='ocrx_word' id='word_1_288' title='bbox 298 3997 344 4070; x_wconf 89' lang='lat' dir='ltr'><strong>qni</strong></span> <span class='ocrx_word' id='word_1_289' title='bbox 364 3998 489 4072; x_wconf 82' lang='lat' dir='ltr'><strong>primum</strong></span> <span class='ocrx_word' id='word_1_290' title='bbox 511 3997 700 4072; x_wconf 84' lang='lat' dir='ltr'><strong>irruptionem</strong></span> <span class='ocrx_word' id='word_1_291' title='bbox 723 3994 863 4052; x_wconf 85' lang='lat' dir='ltr'><strong>sustinere</strong></span> <span class='ocrx_word' id='word_1_292' title='bbox 884 4012 943 4052; x_wconf 87' lang='lat' dir='ltr'><strong>non</strong></span> <span class='ocrx_word' id='word_1_293' title='bbox 964 4001 1127 4070; x_wconf 80' lang='lat' dir='ltr'><strong>potuerant,</strong></span> <span class='ocrx_word' id='word_1_294' title='bbox 1149 3991 1244 4050; x_wconf 88' lang='lat' dir='ltr'><strong>missis</strong></span> 
     </span>
    </p>

    <p class='ocr_par' dir='ltr' id='par_1_13' title="bbox 215 4091 1243 4181">
     <span class='ocr_line' id='line_1_34' title="bbox 215 4091 1243 4181; baseline -0.007 -20"><span class='ocrx_word' id='word_1_295' title='bbox 215 4091 242 4147; x_wconf 54' lang='grc' dir='ltr'><strong>’ἃ</strong></span> <span class='ocrx_word' id='word_1_296' title='bbox 257 4102 373 4181; x_wconf 75' lang='lat' dir='ltr'><strong>onnes</strong></span> <span class='ocrx_word' id='word_1_297' title='bbox 390 4103 515 4172; x_wconf 88' lang='lat' dir='ltr'><strong>nuntiis,</strong></span> <span class='ocrx_word' id='word_1_298' title='bbox 546 4120 604 4176; x_wconf 89' lang='lat' dir='ltr'><strong>quo</strong></span> <span class='ocrx_word' id='word_1_299' title='bbox 625 4103 691 4161; x_wconf 86' lang='lat' dir='ltr'><strong>loco</strong></span> <span class='ocrx_word' id='word_1_300' title='bbox 711 4119 760 4159; x_wconf 85' lang='lat' dir='ltr'><strong>res</strong></span> <span class='ocrx_word' id='word_1_301' title='bbox 780 4109 892 4170; x_wconf 77' lang='lat' dir='ltr'><strong>essem,</strong></span> <span class='ocrx_word' id='word_1_302' title='bbox 918 4099 1084 4175; x_wconf 82' lang='lat' dir='ltr'><strong>conglobati</strong></span> <span class='ocrx_word' id='word_1_303' title='bbox 1110 4098 1146 4155; x_wconf 80' lang='lat' dir='ltr'><strong>ed</strong></span> <span class='ocrx_word' id='word_1_304' title='bbox 1168 4115 1243 4172; x_wconf 79' lang='lat' dir='ltr'>prae-</span> 
     </span>
    </p>

    <p class='ocr_par' dir='ltr' id='par_1_14' title="bbox 216 4199 1383 4387">
     <span class='ocr_line' id='line_1_35' title="bbox 216 4199 1383 4286; baseline -0.008 -19"><span class='ocrx_word' id='word_1_305' title='bbox 216 4199 293 4260; x_wconf 64' lang='lat' dir='ltr'><strong>²⁰fit¹m</strong></span> <span class='ocrx_word' id='word_1_306' title='bbox 322 4208 442 4268; x_wconf 74' lang='lat' dir='ltr'><strong>sedeum</strong></span> <span class='ocrx_word' id='word_1_307' title='bbox 476 4220 506 4268; x_wconf 88' lang='lat' dir='ltr'><strong>et</strong></span> <span class='ocrx_word' id='word_1_308' title='bbox 535 4228 591 4268; x_wconf 82' lang='lat' dir='ltr'><strong>sus</strong></span> <span class='ocrx_word' id='word_1_309' title='bbox 616 4217 720 4286; x_wconf 85' lang='lat' dir='ltr'><strong>sponte</strong></span> <span class='ocrx_word' id='word_1_310' title='bbox 745 4206 803 4282; x_wconf 90' lang='lat' dir='ltr'><strong>ipsi</strong></span> <span class='ocrx_word' id='word_1_311' title='bbox 828 4199 969 4282; x_wconf 87' lang='lat' dir='ltr'><strong>proelium</strong></span> <span class='ocrx_word' id='word_1_312' title='bbox 1002 4212 1152 4262; x_wconf 82' lang='lat' dir='ltr'><strong>renovent.</strong></span> <span class='ocrx_word' id='word_1_313' title='bbox 1204 4203 1274 4260; x_wconf 78' lang='lat' dir='ltr'><strong>Est·</strong></span> <span class='ocrx_word' id='word_1_314' title='bbox 1380 4271 1383 4282; x_wconf 20' lang='grc' dir='ltr'>δ</span> 
     </span>
     <span class='ocr_line' id='line_1_36' title="bbox 217 4299 1244 4387; baseline -0.004 -18"><span class='ocrx_word' id='word_1_315' title='bbox 217 4299 314 4369; x_wconf 66' lang='lat' dir='ltr'><strong>Munius</strong></span> <span class='ocrx_word' id='word_1_316' title='bbox 338 4316 436 4376; x_wconf 87' lang='lat' dir='ltr'><strong>consul</strong></span> <span class='ocrx_word' id='word_1_317' title='bbox 462 4323 595 4374; x_wconf 83' lang='lat' dir='ltr'><strong>revectus</strong></span> <span class='ocrx_word' id='word_1_318' title='bbox 621 4315 652 4372; x_wconf 87' lang='lat' dir='ltr'><strong>iu</strong></span> <span class='ocrx_word' id='word_1_319' title='bbox 685 4322 798 4383; x_wconf 70' lang='lat' dir='ltr'><strong>cosm,</strong></span> <span class='ocrx_word' id='word_1_320' title='bbox 834 4313 872 4370; x_wconf 85' lang='lat' dir='ltr'><strong>ud</strong></span> <span class='ocrx_word' id='word_1_321' title='bbox 900 4329 999 4370; x_wconf 89' lang='lat' dir='ltr'><strong>omnes</strong></span> <span class='ocrx_word' id='word_1_322' title='bbox 1026 4320 1126 4387; x_wconf 80' lang='lat' dir='ltr'><strong>portus</strong></span> <span class='ocrx_word' id='word_1_323' title='bbox 1154 4307 1244 4368; x_wconf 84' lang='lat' dir='ltr'><strong>milite</strong></span> 
     </span>
    </p>
   </div>
   <div class='ocr_carea' id='block_1_4' title="bbox 0 0 1718 5084">
    <p class='ocr_par' dir='ltr' id='par_1_15' title="bbox 0 0 1718 5084">
     <span class='ocr_line' id='line_1_37' title="bbox 0 0 1718 5084; baseline 0 0"><span class='ocrx_word' id='word_1_324' title='bbox 0 0 1718 5084; x_wconf 95' lang='lat' dir='ltr'><strong> </strong></span> 
     </span>
    </p>
   </div>
  </div>
 </body>
</html>
