3392 5084
500 547 578 596 nicer
590 547 639 600 1v.
677 547 724 610 (n.
739 545 786 597 cu.
800 546 963 609 crs-ns.)
1160 549 1216 606 241

198 748 300 785 corona
328 729 513 786 mmumdata
534 730 620 788 scalis
642 739 759 805 captum
787 748 823 787 ec
849 730 993 804 direptum
1021 743 1073 788 est.
1122 729 1297 800 Dictator,6
1400 715 1410 728 „

198 835 318 892 exercitu
335 836 452 892 victore
464 836 588 912 Romam
611 835 741 906 reducto,
765 835 811 892 die
828 843 943 904 octavo,
965 853 1055 909 quam
1066 843 1182 892 creatus
1194 845 1267 905 erat,

198 941 367 1014 magistratu
390 959 424 997 se
446 940 608 1014 abdicavit3
638 948 668 997 et
690 948 854 1014 opportune
875 950 1009 1011 semme,
1034 941 1205 1016 priusquam
1228 941 1266 998 ab

198 1045 310 1100 tribunis
333 1044 418 1120 plebi
440 1045 563 1118 agraria
584 1045 741 1102 seditiones
765 1046 910 1103 mentione
929 1046 1012 1111 illata
1033 1047 1070 1103 de
1093 1046 1266 1120 agroLavi·

198 1167 261 1204 cano
289 1148 454 1206 dividendo
484 1128 602 1218 tierent,
634 1150 746 1207 censuit
774 1149 929 1226 frequens,
962 1150 1106 1207 coloniam
1138 1150 1265 1206 Lavicos

198 1254 406 1334 deducendam.
450 1252 554 1311 Coloni
583 1255 620 1311 ab
648 1255 719 1311 urbe
750 1255 827 1312 mille
857 1265 885 1312 et
916 1253 1066 1330 quingenti
1094 1253 1175 1310 missi
1196 1253 1295 1315 bina?

198 1357 289 1433 iugera
311 1367 502 1432 aeceperunt.
556 1335 559 1342 Ι

270 1462 382 1538 Captis
393 1463 520 1532 Labicis,
543 1482 577 1520 ac
598 1462 702 1520 deinde
722 1463 845 1522 tribunis
867 1465 989 1524 militum
1012 1462 1158 1520 consulari
1178 1471 1261 1537 pote·
1278 1469 1442 1521 A.n.c.³³7.

197 1575 263 1624 state
284 1568 432 1642 Agrippa
454 1569 589 1626 Menenio
612 1569 726 1625 Lanato
758 1578 787 1626 et
816 1571 852 1630 L.
875 1568 1000 1628 Servilio
1021 1567 1139 1626 Structo
1168 1575 1197 1623 et
1225 1567 1260 1624 P.
1273 1536 1309 1586 Δ·
1322 1533 1369 1591 ml
1382 1541 1442 1586 ⁴¹⁷·

197 1673 326 1730 lucretio
350 1672 537 1754 Tricipitino,
558 1659 663 1730 iterum
685 1674 818 1731 omnibus
839 1675 895 1744 his,
916 1685 945 1732 et
959 1674 1012 1750 Sp.
1021 1673 1131 1732 Rutilio
1144 1672 1262 1742 Crasso,
1331 1650 1335 1663 ¹

198 1785 220 1832 et
238 1778 415 1851 insequente
437 1797 514 1834 anno
537 1779 575 1836 A.
596 1767 769 1853 Sempronio
791 1780 930 1838 Atratino
952 1780 1078 1849 tertium,
1101 1786 1131 1836 ct
1152 1774 1296 1834 duobus8

197 1881 301 1951 iterum,
324 1883 374 1940 M.
397 1882 518 1956 Papirio
542 1881 704 1956 Mugillano
729 1893 758 1940 et
779 1883 830 1959 sp.
853 1885 965 1943 Nautio
986 1883 1096 1949 Rutilo,
1119 1881 1264 1940 biennium
1277 1855 1442 1972 stffl}

198 1987 359 2061 tranquillae
383 1995 510 2044 exterum
530 2005 587 2056 ras,
610 1987 755 2044 discordia
779 1988 859 2046 domi
880 2006 918 2044 ex
939 1987 1064 2062 agrariis
1076 1986 1266 2062 legibusiuit.

198 2091 380 2149 Turbatores
409 2090 490 2164 vulgi
518 2101 601 2148 erant
622 2091 672 2166 Sp.
695 2092 837 2150 Manlius
865 2100 1000 2166 quartum
1022 2102 1052 2148 ct
1072 2093 1115 2150 M.
1138 2091 1266 2170 Metilius
1295 2088 1360 2156 ·48

197 2199 304 2254 tertium
328 2195 442 2252 tribuni
463 2195 570 2268 plebis,
593 2196 680 2252 ambo
703 2197 837 2254 absentes
859 2195 958 2256 creati.
1005 2195 1043 2254 ni
1065 2213 1153 2269 quum
1176 2200 1296 2268 roga-2
1388 2188 1395 2198 '

196 2302 295 2358 tionem
318 2298 568 2376 promulgassent,
590 2311 623 2356 ut
645 2318 716 2375 ager
737 2320 775 2358 ex
795 2300 928 2358 hostibus
947 2308 1051 2374 captus
1069 2299 1178 2356 viritim
1193 2282 1266 2355 divi·

197 2407 321 2476 deretur,
333 2385 521 2478 ''magnaeque
542 2405 635 2478 partis
656 2405 795 2464 nobilium
818 2425 853 2462 eo
877 2403 1030 2479 plebiscito
1050 2403 1267 2478 publicarentur

200 2509 318 2568 fonunse
342 2510 411 2582 (nec
439 2509 514 2564 euim
542 2507 634 2565 ferme
664 2509 819 2586 quicquam
847 2510 926 2584 agri,
954 2517 986 2568 ut
1013 2509 1045 2566 in
1070 2510 1143 2566 urbe
1172 2508 1297 2571 alieno3

200 2616 255 2672 solo
277 2615 391 2690 posita,
413 2631 473 2670 non
486 2613 575 2670 armis
595 2622 712 2688 partum
729 2624 802 2684 erat,
823 2633 886 2686 nec,
908 2615 987 2688 quod
997 2613 1125 2671 venisset
1135 2613 1267 2688 assigna·

200 2730 291 2778 tumve
314 2718 435 2795 publice
457 2726 549 2794 esset,
570 2727 764 2792 praeterquam
788 2720 871 2794 plebs
891 2720 1049 2794 habebat),
1082 2727 1170 2776 atrox
1189 2718 1296 2793 plebis

200 2827 390 2898 patribusque
411 2821 593 2897 propositum
615 2823 769 2882 videbatur
791 2833 945 2882 certamen.
988 2825 1054 2882 Nec
1065 2823 1174 2881 tribuni
1194 2822 1267 2879 mili·
1368 2885 1375 2904 ·

201 2939 268 3002 tum,
303 2947 386 2986 nunc
418 2927 448 2983 in
481 2936 600 2996 senatu,
635 2947 711 2986 nunc
742 2929 771 2986 in
801 2929 930 2986 conciliis
956 2930 1078 3004 privatis
1104 2929 1267 3004 principum

186 3035 346 3113 cogendis,
363 3032 444 3088 viam
458 3033 571 3088 consilii
586 3032 781 3104 inveniebant,
807 3052 895 3108 quum
914 3036 995 3109 App.
1009 3033 1158 3104 Claudius,
1176 3052 1268 3108 nepos
1281 3039 1298 3091 5

202 3139 264 3209 cius,
287 3140 341 3214 qui
364 3138 510 3195 decemvir
531 3137 644 3212 legibus
666 3138 825 3195 scribendis
846 3138 957 3209 fuerat,
981 3139 1117 3196 minimus
1138 3148 1209 3195 natu
1230 3155 1269 3194 ex

201 3251 311 3316 patrum
325 3242 460 3312 concilio,
482 3242 586 3298 dicitur
605 3241 724 3312 dixisse,
745 3252 828 3302 vetus
849 3261 881 3302 ae
903 3261 939 3301 ac
959 3243 1104 3301 familiare
1116 3242 1298 3302 consiliumb

202 3349 283 3406 domo
313 3347 436 3416 afferre3
458 3337 600 3422 proav'um
623 3347 698 3404 enim
722 3350 908 3424 suurnApp.
932 3349 1086 3408 Claudium
1108 3331 1269 3404 ostendisse

202 3454 329 3526 patribus
352 3453 434 3510 viam
456 3470 543 3510 unam
567 3439 758 3511 dissolvendae
781 3453 941 3512 tribunicia
960 3452 1113 3529 potestatis
1134 3471 1188 3526 per
1208 3451 1268 3506 col·

202 3555 329 3631 legarum
366 3558 610 3618 intercessionem.
668 3558 769 3616 Facile
801 3559 932 3616 homines
969 3574 1069 3644 novos
1096 3557 1299 3616 auctoritate?

203 3663 362 3740 principum
385 3665 422 3720 de
443 3663 584 3720 sententia
606 3662 724 3733 deduci,
751 3663 777 3720 si
807 3673 972 3738 temporum
1000 3663 1144 3721 interdum
1171 3663 1268 3738 potius

205 3784 286 3838 quam
318 3767 479 3825 maiestatis
507 3786 619 3825 memor
640 3768 813 3826 adhibeatur
835 3769 938 3827 oratio.
986 3770 1049 3826 Pro
1071 3768 1189 3826 fortuna
1210 3767 1298 3829 illisS

205 3869 316 3927 animes
349 3889 429 3941 essa;
467 3872 516 3928 ubi
557 3865 689 3942 videant,
727 3875 854 3948 collegas
878 3872 1036 3948 principes
1068 3874 1187 3948 agenda
1224 3872 1267 3929 rei

204 3975 325 4044 natam
353 3995 468 4035 omnem
491 3977 539 4034 ad
568 3979 680 4052 plebem
707 3997 928 4055 praeoccupasse
955 3998 1009 4036 nec
1043 3978 1138 4036 locum
1168 3979 1198 4034 in
1230 3997 1266 4034 ea
1351 4042 1353 4048 ,

203 4078 331 4136 relictum
355 4083 419 4153 sibi,
441 4084 520 4140 haud
541 4092 663 4158 gravme
684 4084 877 4142 acclinaturos
898 4103 930 4140 sc
952 4085 989 4140 ad
1003 4102 1122 4144 causam
1139 4087 1296 4152 senataab

206 4203 253 4258 per
285 4205 374 4260 qnam
405 4207 489 4262 quam
517 4190 654 4247 universo
683 4189 776 4245 ordini
805 4198 866 4246 tum
894 4189 1070 4267 primoribus
1096 4206 1127 4246 se
1150 4201 1265 4273 patrum

206 4292 363 4352 concilient.
407 4293 648 4370 Approbantibus
672 4295 781 4352 cunctis
812 4306 841 4352 et
869 4306 936 4352 ante
962 4280 1063 4352 omries
1084 4293 1121 4366 Q.
1143 4292 1267 4360 Servilio
1284 4299 1317 4350 to

230 4406 294 4442 bivias
310 4418 332 4442 cr
346 4417 386 4444 rec.
402 4407 502 4454 indvlgii.
1034 4401 1065 4444 16
