3392 5084
481 454 566 554 Liber
582 502 659 557 vm,
699 503 745 568 (Δ.
758 503 976 570 casas-est.)
1165 507 1217 564 121

207 690 261 747 ullo
283 689 402 765 publico
425 686 544 746 consilio
566 689 712 747 auxiliove
740 690 834 747 iuvari
857 689 992 760 Graecos,
1018 707 1070 748 nec
1092 689 1264 748 Fundanum

208 797 434 854 Formianumve
466 812 483 850 a
514 812 546 851 se
572 794 758 864 sollicitatos3
793 794 900 871 quippe
929 795 1045 852 minime
1072 796 1208 870 paenitere
1234 813 1265 852 se

207 902 308 960 virium
331 920 461 970 suarum,
483 900 508 957 si
529 900 635 957 bellum
659 900 781 975 placeat.
826 898 1041 974 Ceterumbnon
1070 918 1157 975 posse
1178 901 1294 962 diseias

208 1009 331 1077 mulare,
367 1025 446 1082 aegre
466 1005 528 1080 pati
555 1004 699 1064 civitatem
730 1005 912 1074 Samnitium,
947 1005 1026 1079 quod
1055 1007 1205 1082 Fregellas
1227 1027 1265 1066 ex

207 1114 321 1171 Volscis
344 1121 448 1187 captas
469 1109 638 1184 dirutasque
663 1114 701 1170 ab
724 1129 756 1170 se
777 1111 934 1170 restituerit
954 1112 1103 1170 Romanus
1131 1114 1265 1189 populus,

205 1220 409 1292 coloniamque
429 1217 459 1273 in
481 1215 653 1276 Samnitium
676 1236 748 1293 agro
770 1216 968 1292 imposuerint,
990 1235 1078 1291 quam
1100 1219 1195 1276 coloni
1217 1239 1266 1277 eo·

205 1346 265 1383 rum
297 1325 452 1400 Fregellas
483 1323 644 1399 appelleut3
676 1343 740 1380 eam
769 1341 801 1380 se
834 1323 1036 1380 contumeliam
1065 1324 1295 1400 iniuriemque,7

205 1434 230 1488 ni
251 1431 310 1489 sibi
332 1432 371 1488 ab
392 1429 438 1500 iis,
459 1431 509 1506 qui
530 1429 659 1519 ¹fecerint,
680 1430 821 1499 domatur,
841 1429 923 1504 ipsos
945 1430 1023 1486 omni
1044 1429 1074 1486 vi
1096 1430 1265 1505 depulsuros

203 1557 274 1596 ease.
321 1537 420 1610 Quum
443 1539 592 1595 Romanus
613 1535 736 1610 legatus·
749 1535 787 1592 ad
807 1534 1025 1608 disceptandum
1048 1554 1097 1593 eos
1128 1536 1165 1594 ad
1188 1540 1298 1596 com-8

206 1662 305 1702 munes
327 1642 425 1700 socios
443 1652 532 1718 atque
553 1641 662 1698 amicos
684 1648 811 1707 vocaret,
834 1638 933 1711 „Quid
953 1642 1090 1715 perplexe
1111 1623 1263 1718 agimus?“

205 1753 307 1826 inquit.
372 1749 503 1818 „Nostra
529 1745 701 1814 certamina,
728 1745 868 1814 Romani,
896 1765 954 1803 non
986 1749 1078 1806 verba
1104 1748 1266 1823 legatorum

204 1877 255 1916 nec
276 1856 432 1914 hominum
459 1853 613 1928 quisquam
640 1850 829 1925 disceptator,
859 1851 910 1908 sed
940 1870 1061 1928 campus
1089 1852 1266 1930 Campanus,

203 1965 230 2020 in
256 1982 320 2037 quo
343 1961 573 2019 concurrendum
600 1967 659 2028 eet,
687 1968 717 2014 et
742 1976 825 2016 arma
853 1965 881 2012 et
909 1957 1069 2014 communis
1090 1961 1172 2018 Mars
1199 1961 1267 2019 belli

203 2070 351 2125 decernet.
393 2066 523 2124 Proinde
543 2066 618 2121 inter
639 2062 771 2139 Capuam
793 2062 1018 2136 Suessulamque
1047 2075 1143 2123 castra
1166 2068 1298 2125 eastris9

204 2175 393 2232 conferamus
410 2180 452 2241 et,
474 2170 590 2230 Samnis
612 2171 800 2226 Romanusne
824 2169 946 2244 imperio
968 2167 1085 2226 Italiam
1106 2179 1199 2245 regat,
1218 2165 1267 2228 de-¹

202 2282 391 2339 cernamus“
451 2277 556 2352 Legati
576 2277 775 2334 Romanorum
809 2293 898 2348 quum
931 2293 962 2331 se
983 2293 1056 2344 non,
1089 2294 1146 2349 quo
1177 2278 1319 2338 bostis10

203 2395 353 2454 vocasset,
384 2384 435 2440 sed
457 2399 516 2456 quo
537 2382 728 2456 imperatores
749 2379 794 2436 sui
817 2379 979 2450 duxissent,
1009 2377 1113 2457 [ituros
1135 2399 1198 2437 esse
1220 2399 1267 2438 re-

203 2484 520 2569 spondissent]****¹)

289 2597 426 2653 “ssiam
446 2593 590 2652 Publilius
611 2592 685 2649 iuter
699 2591 870 2667 Pelaepolim
893 2592 1106 2667 Neapolimque
1127 2592 1191 2650 loco
1217 2613 1268 2669 op·

203 2715 333 2780 portuue
348 2710 435 2776 capto
451 2701 607 2756 diremerat
620 2697 751 2755 hostibus
766 2696 933 2754 societatem
957 2697 1057 2756 auxilii
1079 2699 1179 2769 mutui,
1202 2719 1269 2774 qua,

204 2823 235 2868 ut
262 2811 391 2884 quisque
417 2806 499 2862 locus
533 2813 726 2879 premeretur,
753 2803 828 2860 inter
854 2822 886 2859 se
914 2803 960 2860 usi
988 2802 1111 2861 fuerant.
1165 2808 1269 2880 Itaque
1286 2812 1316 2866 ll

204 2935 298 2990 quum
332 2923 363 2970 et
384 2911 565 2968 comitiorum
595 2910 655 2966 dies
677 2909 813 2979 instaret,
842 2918 872 2965 et
892 2908 1048 2965 Publilium
1073 2904 1269 2970 imminentem

202 3022 337 3079 hostium
359 3017 450 3075 muris
473 3015 592 3073 avocari
613 3017 651 3072 ab
672 3033 725 3089 spe
747 3015 893 3089 capienda
917 3015 947 3072 in
969 3015 1029 3072 dies
1051 3017 1130 3074 urbis
1151 3018 1229 3084 haud
1253 3037 1270 3074 e

202 3148 233 3185 re
255 3124 382 3202 publica
403 3130 488 3189 esset,
510 3131 606 3177 actum
628 3139 693 3178 cum
716 3120 837 3176 tribunis
860 3131 912 3190 est,
934 3121 971 3176 ad
993 3122 1131 3196 populum
1153 3121 1268 3193 ferrent,
1285 3127 1320 3181 12

202 3245 243 3304 ut,
268 3249 362 3306 quum
385 3227 528 3285 Publilius
550 3225 636 3283 Philo
667 3225 817 3282 consulatu
841 3226 964 3296 abisset,
994 3245 1048 3300 pro
1071 3226 1187 3282 consule
1207 3245 1268 3284 rem

202 3346 338 3416 gereret,
373 3333 472 3406 quoad
490 3331 676 3425 debellatum
704 3349 769 3387 cum
799 3304 912 3389 Graecis
940 3342 1024 3388 esset.
1062 3331 1097 3391 L.
1125 3330 1269 3402 Cornelio,
1286 3338 1320 3394 13

203 3447 276 3522 quia
299 3462 338 3499 ne
360 3458 428 3496 eum
450 3436 565 3511 quidem
587 3437 617 3492 iu
639 3436 790 3494 Samnium
808 3437 865 3493 iam
888 3437 1048 3510 ingressum
1075 3437 1208 3494 revocari
1231 3439 1290 3521 ab

202 3553 318 3627 impetu
341 3545 411 3603 belli
433 3541 577 3617 placebat,
601 3540 704 3598 littera
718 3540 820 3609 missae,
842 3551 874 3598 ut
896 3542 1066 3600 dictatorem
1088 3543 1268 3600 comitiorum

203 3675 298 3715 causa
320 3654 441 3710 diecret.
494 3646 579 3704 Dixit
603 3647 645 3703 M.
678 3645 831 3704 Claudium
854 3647 1040 3724 Marcellum;
1063 3649 1100 3705 ab
1122 3667 1156 3705 eo
1178 3649 1269 3724 magi-
1285 3657 1320 3712 14

203 3779 265 3821 ster
288 3758 422 3834 equitum
444 3753 537 3810 dictus
559 3752 609 3827 Sp.
632 3752 812 3813 Postumius.
861 3754 924 3810 Nec
946 3761 1042 3810 tamen
1071 3755 1109 3812 ab
1130 3754 1271 3812 dictatore

203 3867 328 3928 comitia
351 3870 420 3919 suut
445 3857 555 3928 habita,
576 3841 654 3929 quia,
676 3857 784 3914 vitione
805 3869 917 3916 creatus
936 3867 1020 3930 esset,
1042 3859 1071 3915 iu
1096 3859 1270 3934 disquisitio·

202 3996 271 4032 nem
295 3969 389 4028 veuit.
439 3960 571 4020 Consulti
592 3979 717 4035 augures
738 3962 873 4020 vitiosum
895 3965 986 4021 videri
1009 3965 1178 4022 dictatorem
1203 3983 1271 4041 pro·

203 4038 428 4139 nuntiaverurit.
476 4068 550 4124 Eam
578 4085 639 4124 rem
668 4067 775 4123 tribuni
803 4079 967 4143 suspectam
996 4069 1192 4144 infamemque
1216 4071 1272 4127 cri·
1286 4078 1321 4133 15

203 4185 348 4246 minando
371 4178 518 4236 feceruut:
544 4191 612 4229 uam
645 4190 739 4245 uequc
764 4171 850 4230 facile
871 4173 959 4232 fuisse
989 4177 1019 4234 id
1045 4176 1146 4232 vitium
1180 4177 1271 4250 nosci,
1337 4233 1339 4240 ,

205 4287 414 4306 ...-..-.----

242 4332 267 4399 ι)
292 4329 405 4382 Excidit
422 4327 482 4376 finis
501 4325 654 4374 narrationis
672 4327 704 4374 de
722 4325 813 4387 legatia
829 4331 854 4375 et
871 4329 902 4376 de
917 4327 985 4376 bello
996 4326 1154 4378 Samnitibus
1167 4330 1271 4390 indicto,

297 4412 354 4453 tum
373 4398 477 4446 initium
495 4395 635 4445 obsidionis
652 4395 773 4459 Neapolis
795 4404 820 4444 et
836 4394 946 4446 fortasse
965 4397 1023 4446 alia.
