3392 5084
455 519 511 576 184
751 515 830 566 muer
846 513 893 569 11.
929 515 1047 577 (ΑΜ.
1057 517 1132 576 tu.)

381 699 464 758 auti
485 715 568 756 erma
587 699 713 776 rapiunt.
756 699 896 758 Dolabra
925 699 1074 760 cunutus
1100 700 1268 760 dividuntur
1293 700 1335 758 ad
1358 701 1459 758 vallum
1536 732 1538 741 =

411 804 604 882 proruendum
626 802 778 886 fossasque
799 804 969 882 implendas.
1017 805 1100 864 Intra
1119 808 1300 866 munimenta
1319 807 1461 865 instruitur

381 911 502 978 taciem
524 910 641 970 delectae
654 911 787 970 cohortes
811 912 1019 987 adportatum
1041 911 1135 970 exitus
1156 913 1345 972 eolloesutur.
1386 915 1461 972 Dato

412 1016 514 1074 deiude
535 1016 618 1092 siguo
639 1017 727 1094 paulo
750 1027 817 1076 aute
837 1016 948 1089 iurem,
976 1017 1055 1093 qaod
1082 1018 1190 1076 estium
1212 1019 1347 1077 uocatus
1367 1021 1463 1096 sopite

412 1121 537 1180 maxime
558 1123 662 1198 quietis
683 1131 797 1200 tempos
819 1131 873 1195 eat,
895 1132 1015 1200 proruto
1036 1123 1114 1182 vallo
1135 1126 1231 1201 erupit
1251 1125 1340 1194 auios,
1361 1131 1464 1182 susus
1536 1184 1538 1195 ,

411 1229 519 1305 passim
543 1229 656 1288 invadit
675 1231 787 1300 hostes3
820 1229 893 1287 alios
921 1229 1098 1301 immobiles,
1127 1231 1200 1288 alios
1227 1217 1418 1289 semisomnos
1436 1233 1466 1289 in

413 1336 554 1394 eubilibus
574 1335 650 1407 suis,
680 1335 840 1408 maximam
862 1344 975 1413 partem
1003 1338 1043 1395 ad
1063 1355 1147 1394 arma
1173 1337 1353 1413 trepidantes
1376 1338 1467 1394 eredes

365 1443 400 1498 10
413 1443 565 1520 oppressit.
607 1441 714 1500 Paucis
737 1442 869 1500 armandi
895 1443 1049 1501 sedatum
1077 1443 1203 1519 spatium
1230 1451 1288 1511 est3
1321 1459 1371 1499 eos
1390 1442 1467 1517 ipsos

413 1566 471 1606 uou
499 1549 612 1624 signum
641 1557 765 1618 eertum,
797 1565 856 1604 nou
890 1548 990 1606 ducem
1020 1558 1172 1624 sequentes
1197 1547 1294 1607 fundit
1319 1549 1468 1606 Boium

291 1712 294 1738 ¹
413 1654 587 1730 fugatosque
610 1653 800 1729 persequitur.
848 1654 899 1712 Ad
926 1665 1038 1725 oestro,
1066 1654 1103 1711 ad
1129 1654 1218 1713 silvas
1239 1654 1348 1712 diversi
1370 1653 1469 1714 teude-

413 1762 491 1820 baut
543 1758 630 1818 Silvae
656 1759 743 1818 tutius
771 1759 875 1817 dedere
903 1759 1059 1836 refugium
1090 1779 1158 1818 uam
1188 1769 1286 1819 casua
1306 1759 1338 1815 iu
1359 1761 1470 1835 eampis

414 1864 470 1923 sita
490 1865 590 1922 eodem
613 1864 659 1922 die
681 1863 841 1940 capiuntur.
883 1866 997 1924 Aurum
1018 1877 1227 1942 argentumque
1243 1867 1355 1922 iussum
1368 1864 1471 1922 referri

364 1971 397 2025 11
414 1971 452 2028 ad
474 1970 633 2040 oonsulem;
659 1977 755 2027 cetera
784 1969 885 2046 prada
912 1969 1010 2027 militis
1038 1970 1103 2031 fuit.
1150 1970 1234 2030 Casa
1255 1979 1308 2028 aut
1327 1978 1415 2044 rapta
1435 1989 1472 2027 eo

309 2114 313 2121 -
414 2076 460 2134 die
480 2077 604 2134 hostium
627 2075 716 2134 millia
744 2076 782 2133 ad
803 2074 965 2150 sexaginta.
1011 2073 1086 2150 Eam
1114 2085 1175 2133 tem
1205 2077 1316 2133 olaram
1343 2094 1474 2151 pugnam

343 2222 348 2232 ι
414 2190 493 2238 treus
519 2180 671 2240 Ciminium
695 2180 798 2240 silvam
830 2181 869 2237 ad
895 2180 1046 2238 Perusiam
1075 2192 1233 2259 pugnatam
1257 2181 1376 2256 quidam
1401 2198 1475 2237 auo-

413 2298 490 2346 tores
511 2298 586 2358 suut,
612 2294 747 2365 metuque
767 2286 798 2343 in
818 2303 926 2362 muguo
949 2287 1094 2344 civitatem
1114 2287 1213 2360 fuisse,
1239 2306 1277 2345 ne
1301 2287 1477 2344 iuter-elusus

414 2390 556 2448 exeroitua
579 2398 639 2448 tam
663 2391 769 2450 infesto
790 2391 877 2462 saltu,
898 2391 1005 2448 coortis
1029 2393 1157 2468 undique
1166 2393 1272 2451 Tuscis
1284 2392 1500 2474 Umbrisque·

366 2497 401 2552 12
414 2497 632 2572 opprimeretur.
691 2497 751 2558 Sed
781 2497 944 2571 ubieunque
972 2507 1132 2574 pugnatum
1170 2507 1228 2570 est,
1259 2515 1308 2556 res
1337 2499 1479 2556 Romana

413 2602 545 2678 superior
565 2600 629 2664 fuit.
675 2603 779 2678 Itaque
802 2622 820 2661 a
841 2602 965 2660 Perusia
989 2612 1019 2660 et
1038 2601 1169 2662 Cortona
1194 2612 1223 2660 et
1243 2603 1377 2673 Arretio,
1407 2621 1481 2678 quae

413 2707 504 2766 ferme
525 2708 622 2784 capita
643 2707 767 2766 Etruria
795 2708 969 2784 populorum
998 2727 1034 2765 ea
1054 2717 1225 2784 tempestate
1251 2718 1352 2780 eraut,
1381 2709 1483 2784 legati

414 2833 516 2890 paoem
537 2812 689 2888 foedusque
710 2814 748 2870 ab
763 2813 904 2871 Romanis
917 2824 1047 2891 petentes
1060 2815 1187 2874 indutias
1200 2814 1231 2870 in
1246 2813 1366 2888 triginta
1379 2832 1483 2871 annos

399 2915 403 2923 “
417 2921 651 2996 impetraverunt.

320 3016 367 3087 38
500 3025 578 3082 Dum
603 3027 664 3082 huo
683 3024 713 3080 in
737 3024 855 3082 Etruria
881 3036 1032 3100 geruntur,
1064 3024 1165 3083 eousul
1191 3024 1265 3081 alter
1286 3023 1323 3085 C.
1345 3025 1486 3082 Marcius

417 3131 532 3190 Rutilus
552 3129 658 3188 Allifas
687 3129 724 3186 de
745 3129 923 3190 Samnitibus
951 3131 981 3188 vi
1011 3131 1093 3208 oepit,
1147 3129 1242 3187 Multa
1269 3130 1328 3186 elia
1353 3130 1487 3187 eastella

416 3237 530 3313 vicique
551 3245 602 3293 aut
621 3236 717 3293 deleta
736 3236 880 3294 hostiliter
904 3246 957 3295 aut
978 3237 1091 3314 integra
1110 3237 1141 3294 iu
1162 3243 1336 3310 potestatem
1356 3254 1487 3295 venere.

385 3341 475 3400 2Per
502 3341 579 3399 idem
605 3351 717 3418 tempus
747 3351 776 3399 et
807 3341 908 3400 clesma
933 3345 1069 3402 Romans
1096 3362 1116 3399 a
1144 3343 1179 3400 P.
1201 3339 1353 3411 Cornelio,
1386 3359 1486 3416 quem

415 3445 539 3504 sanatus
554 3447 704 3504 maritime
725 3465 784 3504 orm
805 3447 990 3524 prefecerat,
1019 3449 1051 3505 iu
1071 3446 1264 3523 Campaniam
1291 3459 1359 3506 eota
1383 3465 1488 3522 quum

381 3597 383 3604 ,
416 3554 539 3629 appulsa
559 3552 716 3629 Pompeios
738 3563 829 3622 esset,
858 3554 929 3611 soeii
949 3554 1016 3611 inde
1037 3554 1157 3612 navales
1178 3554 1216 3611 ad
1237 3553 1487 3629 depopulandum

416 3677 518 3735 agrum
545 3657 723 3717 Nuoerinum
755 3658 893 3734 profecti,
923 3659 1063 3735 proximis
1094 3658 1199 3733 raptim
1228 3658 1368 3728 vastatis,
1400 3658 1489 3715 unde

389 3751 395 3764 ⁸
415 3763 523 3822 reditus
544 3773 622 3824 tutus
644 3765 682 3822 ad
703 3781 793 3822 naves
819 3776 904 3837 eeaet,
932 3740 1090 3833 duloediue,
1116 3773 1149 3819 ut
1169 3763 1212 3833 fit,
1234 3762 1340 3837 prmum
1360 3762 1490 3838 longius

386 3869 562 3947 3pmgressi
590 3870 724 3928 excivere
753 3871 862 3929 hostes.
919 3870 1032 3928 Palatia
1059 3887 1112 3944 per
1137 3869 1228 3948 agros
1252 3884 1340 3923 nemo
1370 3867 1490 3924 obvius

278 4041 289 4059 ‚
415 3974 480 4047 fuit,
501 3993 588 4051 quum
610 3975 760 4034 oeoidioue
782 3975 875 4034 oeeidi
895 3984 1028 4051 possent;
1049 3974 1202 4030 redeuntes
1222 3971 1338 4048 agmina
1357 3971 1491 4030 incauto

413 4080 494 4140 haud
515 4079 617 4156 prooul
637 4080 762 4142 uatibus
784 4082 909 4140 assecuti
932 4089 1061 4156 egrestes
1075 4087 1216 4136 exueruut
1230 4077 1338 4154 prada,
1361 4087 1492 4152 partem

417 4185 504 4243 atium
532 4183 710 4257 oooideruut3
745 4205 809 4261 quaa
834 4185 977 4263 superfuit
1002 4183 1085 4254 sedi,
1117 4183 1234 4258 trepida
1261 4182 1424 4240 multitudo
1449 4182 1493 4239 ad

417 4307 507 4348 nuvae
528 4290 677 4366 compulsa
699 4301 752 4348 eat
