3392 5084
492 573 571 622 Liber
588 573 637 625 lv.
660 573 709 636 (A.
725 573 771 622 cn.
792 575 955 637 tlt-412.)
1155 577 1216 633 245

275 755 329 812 His
351 755 518 813 consulibus
544 755 685 832 principio
714 757 780 813 anni
811 763 929 814 senatus
957 757 1120 831 consultum
1149 755 1291 814 factumi

206 870 253 929 est,
277 869 307 918 ut
326 846 371 918 de¹
387 861 545 935 quaestione
568 861 766 920 Postumianae
790 861 877 919 cadis
894 862 1006 919 tribuni
1027 861 1122 937 primo
1144 879 1260 936 quoque

207 975 320 1041 tempore
352 967 391 1023 ad
422 966 536 1042 plebem
562 965 687 1038 ferrent,
723 968 882 1043 plebesque
910 967 1069 1042 preficeret
1099 965 1260 1041 quaestioni,

207 1089 278 1143 quem
298 1072 395 1130 vellet.
444 1073 474 1129 A
497 1071 582 1146 plebe
603 1090 743 1129 consensu
771 1069 901 1150 [populi]
924 1070 1091 1128 consulibus
1111 1072 1291 1146 negotinm3

208 1177 358 1249 mandatum
384 1177 444 1252 qui,
472 1195 585 1233 summe
608 1177 807 1235 moderatione
828 1197 864 1235 ac
887 1178 1006 1234 lenitate
1027 1193 1261 1251 perpaucorum

207 1283 372 1356 supplicium,
396 1301 471 1356 qnos
486 1281 600 1340 sibimet
614 1282 695 1356 ipsos
718 1282 863 1340 conscisse
883 1289 1005 1339 mortem
1027 1282 1098 1339 setis
1120 1280 1260 1337 creditum

206 1396 248 1454 est,
267 1396 416 1444 transacta
439 1405 481 1457 re,
502 1386 659 1460 nequivere
681 1395 778 1444 tamen
801 1387 958 1462 consequi,
980 1397 1091 1444 utnon
1112 1385 1262 1460 aegerrimo

206 1489 229 1544 id
244 1490 320 1564 plebs
342 1489 450 1548 ferret:
478 1491 575 1548 iacere
596 1500 656 1548 tam
680 1491 729 1548 diu
755 1492 854 1549 irritas
876 1493 1019 1563 actiones,
1047 1509 1111 1566 quae
1139 1490 1175 1548 de
1201 1487 1288 1546 suist

204 1595 350 1650 commodis
374 1594 535 1666 ferrentur,
568 1614 656 1670 quum
683 1597 799 1654 interim
831 1598 868 1655 de
890 1598 1032 1672 sanguine
1057 1614 1093 1653 ac
1119 1595 1261 1670 supplicio

206 1717 247 1754 suo
272 1699 362 1756 latam
394 1698 487 1774 legem
516 1699 666 1756 confestim
699 1701 827 1757 exerceri
857 1711 886 1758 et
913 1710 1026 1759 tantam
1057 1701 1116 1757 vim
1142 1701 1260 1760 habers.

205 1803 385 1877 Aptissimum
406 1805 450 1861 ud
470 1812 583 1880 tempus
605 1804 720 1873 fueret,
742 1805 898 1862 vindicatis
919 1804 1124 1876 seditionibus,
1153 1801 1292 1861 dalani-5

205 1918 314 1964 mentum
339 1909 446 1966 anisnis
468 1909 573 1967 Bolani
596 1909 659 1985 tigri
677 1909 848 1967 divisionem
864 1910 960 1980 obiici,
982 1909 1261 1983 quofactominuis·

205 2023 254 2068 sent
275 2013 450 2070 desiderium
472 2016 595 2090 agrariae
608 2015 691 2090 legis,
715 2033 779 2088 quae
801 2033 938 2091 possesso
958 2014 1165 2089 periniurium
1188 2031 1261 2088 agro

205 2117 304 2189 publico
334 2127 437 2192 patres
468 2119 611 2193 pellebat3
646 2125 714 2175 tunc
750 2120 811 2176 haec
847 2121 913 2193 ipsa
944 2118 1101 2193 indignitas
1134 2117 1292 2192 angebatss

205 2223 317 2279 animos:
340 2242 402 2279 non
423 2223 452 2279 in
475 2223 630 2280 retinendis
652 2224 739 2280 modo
761 2225 884 2299 publicis
901 2223 988 2298 agris,
1011 2241 1084 2298 quos
1099 2222 1129 2279 vi
1141 2220 1261 2291 teneret,

204 2328 368 2399 pertinacem
390 2328 571 2386 nobilitatem
595 2345 674 2398 esse,
704 2329 755 2384 sed
782 2349 819 2386 ne
846 2347 969 2386 vacuum
1001 2327 1116 2401 quidem
1148 2343 1261 2402 agruim

204 2450 283 2506 nuper
311 2453 350 2490 ex
381 2433 512 2490 hostibus
536 2440 669 2508 captum,
701 2433 780 2508 plebi
809 2433 953 2504 dividere,
984 2432 1197 2507 mox'pauois,
1231 2441 1262 2488 nt

205 2547 296 2607 cetera,
317 2539 451 2596 futurum
473 2539 588 2613 praedse.

273 2645 389 2701 Eodem
423 2663 499 2700 anno
534 2645 673 2700 adversus
704 2644 830 2701 Volscos
862 2645 1037 2718 populantes
1069 2640 1293 2699 Hemicorum'l

205 2749 263 2804 fines
292 2748 427 2824 legiones
456 2751 549 2806 ductae
571 2769 589 2806 a
610 2748 701 2806 Furio
723 2749 856 2818 consule,
886 2767 973 2822 quum
1001 2749 1115 2804 hostem
1143 2748 1184 2805 ibi
1205 2767 1264 2805 non

206 2851 386 2922 invenissent,
414 2853 621 2920 Ferentinum,
651 2871 708 2926 quo
731 2871 839 2926 magna
861 2852 1013 2909 multitudo
1034 2853 1210 2910 Volscorum
1233 2872 1265 2910 se

188 2929 367 3024 'contuleiat
389 2975 501 3032 cepere.
534 2957 631 3014 Minus
643 2957 756 3032 praedae,
773 2977 861 3032 quam
877 2968 1076 3032 speraverant,
1086 2958 1161 3049 ἰωὴ,
1184 2959 1262 3034 qnod
1276 2966 1294 3021 8

206 3061 302 3133 Volsci,
325 3069 486 3138 postquam
508 3080 574 3138 spes
595 3063 695 3120 tuendi
716 3063 823 3137 exigna
845 3072 917 3132 erat,
939 3062 1061 3119 sublatis
1077 3066 1164 3121 rebus
1178 3075 1263 3121 nocte

205 3168 332 3241 oppidum
371 3168 562 3242 reliquerunt3
589 3177 717 3242 -postero
754 3168 800 3224 die
836 3185 929 3242 prope
966 3167 1112 3224 desertum
1141 3169 1263 3243 capitur.

205 3270 328 3332 Hernicis
351 3275 448 3348 ipsum
472 3291 600 3348 agerque
623 3273 699 3329 dono
722 3273 815 3329 datus.

276 3382 399 3436 Annum
432 3381 576 3436 modestia
608 3378 788 3436 tribunorum
823 3376 949 3451 quietum
985 3378 1099 3452 excepit
1133 3377 1265 3434 tribunus
1316 3370 1361 3439 52

205 3481 284 3552 plebis
312 3486 351 3545 L.
375 3485 490 3554 icilius,
524 3485 559 3556 Q.
582 3483 677 3540 Fabio
702 3483 862 3551 Ambusto,
892 3480 925 3538 O.
951 3482 1042 3538 Furio
1067 3481 1168 3539 Pacilo
1196 3455 1442 3576 con-{gffg'

205 3587 313 3645 solibus.
364 3590 396 3646 Is
422 3608 508 3664 quum
533 3587 674 3664 principio
697 3588 794 3644 statim
816 3587 902 3656 anni,
927 3587 1007 3644 velut
1029 3604 1150 3662 pansum
1169 3589 1296 3652 nomi-2

204 3691 240 3746 nis
260 3692 448 3768 lentiliaeqne,
471 3695 627 3770 seditiones
649 3693 773 3768 agrariis
794 3692 908 3766 legibus
928 3693 1147 3767 promulgandis
1169 3695 1265 3764 cieret,

206 3799 359 3866 pestilentis
382 3809 501 3869 coorta,
530 3799 672 3856 minacior
693 3797 790 3854 temen
814 3815 901 3871 quam
923 3798 1127 3872 perniciosior,
1155 3797 1297 3874 comta-3

205 3901 287 3958 tiones
308 3905 461 3961 hominum
495 3923 513 3960 a
543 3904 608 3960 loro
638 3901 902 3976 certaminibusque
927 3903 1050 3977 publicis
1081 3904 1119 3961 ad
1148 3905 1265 3960 domum

205 4024 356 4083 curamque
368 4028 525 4085 corporum
536 4007 754 4065 nutriendorum
778 4007 901 4076 avertit;
923 4008 1077 4080 minusque
1098 4026 1162 4063 eam
1185 4007 1267 4064 dam·

207 4129 299 4172 nesam
325 4115 431 4187 fuisse,
455 4132 542 4188 quam
566 4113 670 4170 seditio
692 4111 791 4168 sutura
813 4109 914 4183 suerit,
943 4113 1072 4168 credunt.
1119 4111 1298 4169 Defrmcta4

204 4216 316 4277 civitate
337 4221 529 4295 plurimorum
558 4219 683 4286 morbis,
714 4217 868 4292 perpaucis
896 4215 1060 4288 funeribus,
1087 4217 1267 4291 pestilentem
1279 4258 1444 4309 suessa.

207 4339 308 4381 annum
331 4326 432 4401 inopia
454 4326 586 4400 frugum,
609 4324 741 4398 neglecto
766 4322 842 4380 cultu
867 4339 1020 4396 agrorum,
1041 4330 1073 4376 ut
1098 4319 1269 4395 plerumque
1282 4329 1319 4382 A.
1327 4327 1442 4378 chan.
