3392 5084
467 524 526 581 202
744 520 823 571 Liber
839 520 874 572 V.
910 520 991 585 (ΔΑ.
1005 522 1204 586 ests-stt.)

423 704 630 778 mmireutque,
658 721 736 779 supe
758 706 796 762 ab
817 704 854 763 iis
873 704 917 763 eis
937 704 1054 765 Padum
1082 705 1220 781 ultroque
1248 706 1380 783 legiones
1401 709 1479 767 Etm-

422 828 538 869 seorum
559 808 652 877 lusus,
673 828 841 885 quanquam
863 811 1004 868 adversus
1020 811 1173 869 Romanos
1185 812 1299 871 nullum
1313 814 1356 872 eis
1375 814 1420 873 ius
1437 832 1480 872 so·

423 916 535 975 oietatis
557 914 728 973 amicitiaeve
748 926 821 987 erut
841 916 898 974 nisi
920 916 1000 991 quod
1021 916 1162 983 Veientes
1181 921 1414 995 consanguineos
1433 920 1479 977 ud·
1504 915 1511 927 '

423 1038 525 1079 versus
546 1020 686 1097 populum
709 1024 875 1081 Romenm
902 1040 962 1081 nun
981 1020 1193 1093 defendissent,
1217 1023 1335 1098 legatos
1351 1026 1480 1093 Romam,

289 1202 320 1217 ...
393 1126 475 1203 bqni
505 1126 645 1185 auxilium
679 1127 717 1185 ub
743 1137 846 1186 senatu
865 1136 1011 1205 peterent,
1043 1127 1157 1185 misere.
1208 1129 1258 1186 De
1288 1128 1399 1187 auxilio
1418 1129 1479 1187 nibil

422 1232 622 1309 impetratum,
644 1232 733 1308 legati
749 1242 805 1291 tres
824 1235 868 1293 Μ.
883 1234 971 1293 Fabii
985 1233 1124 1293 Ambusti
1142 1234 1196 1291 filii
1217 1234 1310 1303 missi,
1333 1236 1386 1310 qui
1407 1253 1479 1293 seuu-

422 1348 469 1397 tus
492 1338 648 1415 populique
667 1339 795 1397 Romani
816 1339 933 1398 nomine
955 1347 1077 1415 egerent
1098 1348 1165 1398 oum
1186 1339 1295 1411 Gallis,
1316 1360 1366 1410 na,
1386 1360 1406 1397 e
1424 1340 1479 1414 qui·

423 1446 477 1502 bus
498 1443 606 1501 nullum
629 1444 763 1502 iniurium
785 1444 985 1521 accepissent,
1006 1445 1102 1503 sorios
1130 1445 1233 1520 populi
1251 1446 1385 1504 Romani
1405 1455 1479 1519 utque

392 1550 533 1607 bsmioos
553 1558 766 1625 oppugnes-eut
808 1550 951 1609 Romania
964 1568 1016 1608 eos
1030 1550 1107 1607 bello
1129 1568 1257 1625 quoque,
1281 1550 1309 1609 si
1328 1569 1378 1609 res
1398 1558 1480 1627 coget,

423 1656 545 1713 tuendos
567 1672 646 1724 esse;
667 1654 720 1713 sed
742 1653 843 1713 melius
864 1656 969 1727 meum,
990 1655 1098 1713 bellum
1111 1656 1208 1731 ipsum
1219 1657 1366 1731 amoveri,
1386 1656 1412 1713 si
1423 1675 1480 1732 pos·

421 1772 480 1832 set,
512 1771 542 1819 et
562 1759 684 1831 Gallos,
713 1744 820 1818 novem
851 1771 985 1837 gentem,
1008 1781 1083 1839 pace
1107 1763 1205 1837 potius
1236 1764 1382 1839 cognosci
1405 1781 1479 1837 quan

327 1864 372 1935 86
421 1868 521 1927 umis.
569 1864 650 1925 Mitis
670 1864 796 1941 legatio,
823 1867 856 1925 ni
882 1866 1056 1943 proefmooes
1084 1867 1198 1943 legatos
1220 1868 1380 1944 Gsllisquo
1400 1867 1481 1943 magis

421 1992 509 2048 quem
531 1972 673 2031 Romanis
694 1971 803 2029 similes
824 1971 983 2031 habuisset.
1027 1973 1150 2047 Quibus,
1170 1984 1331 2049 postquem
1354 1975 1481 2033 mandute

391 2080 573 2139 2ediderunt
594 2078 624 2136 iu
644 2078 767 2137 oonsilio
790 2076 955 2147 Gallorum,
978 2077 1065 2137 detur
1084 2096 1274 2155 responsum,
1306 2080 1364 2137 etsi
1385 2098 1480 2137 nomn

421 2203 528 2243 nomeu
549 2185 670 2253 sudiaut
692 2186 904 2253 Romanorum,
924 2183 1179 2265 temen·eredere,
1199 2184 1282 2241 viros
1302 2183 1399 2243 fortes
1419 2202 1482 2250 osse,

390 2296 546 2368 bquorum
568 2290 710 2350 auxilium
731 2309 750 2347 e
766 2287 898 2347 Clusinis
918 2289 949 2345 in
969 2309 1002 2346 re
1030 2288 1145 2363 menide
1171 2288 1210 2345 sit
1229 2289 1435 2363 imploratum
1459 2299 1482 2345 et

422 2398 560 2473 quoniam
589 2396 736 2473 legatione
767 2395 908 2453 sdversus
935 2412 968 2452 ss
995 2395 1150 2452 maluerint
1179 2413 1267 2470 quam
1282 2396 1393 2453 ·srmis
1419 2394 1480 2452 tueri
1520 2469 1522 2472 Ι

409 2503 527 2573 'socios
552 2521 588 2560 ne
609 2520 641 2559 se
664 2500 780 2575 quidem
802 2518 916 2576 paoem,
937 2518 1026 2576 quam
1047 2500 1090 2558 illi
1111 2498 1246 2569 afferunt,
1267 2500 1437 2583 aspernari,
1459 2497 1480 2555 si

421 2608 518 2667 Gallis
546 2606 697 2683 egentibus
722 2623 809 2681 egro,
842 2624 929 2679 quem
957 2605 1044 2663 latius
1072 2606 1245 2681 possideant
1273 2624 1367 2681 quam
1396 2607 1481 2665 oolmt

421 2710 547 2783 Clusini,
569 2721 683 2787 purtem
705 2711 804 2769 finium
827 2712 1016 2795 coneedsut;-
1031 2711 1116 2769 uliter
1131 2728 1236 2787 paoem
1256 2710 1414 2788 impetrari
1432 2728 1480 2769 nou

389 2822 407 2877 4
419 2836 517 2893 posse.
565 2818 605 2875 Et
631 2833 803 2892 responsum
833 2834 932 2875 eoram
953 2816 1095 2876 Romanis
1122 2816 1255 2892 sosipere
1281 2818 1362 2876 velle
1395 2832 1436 2888 et,
1460 2816 1479 2874 si

419 2926 542 2998 negetur
566 2940 645 2999 eger,
667 2940 767 2981 eoram
787 2921 890 2980 iisdem
911 2922 1053 2981 Romanis
1075 2921 1279 2992 dimicaturos,
1302 2932 1335 2979 ut
1356 2924 1481 2983 nuntius

361 3062 369 3070 ·
418 3028 538 3086 domum
561 3037 697 3103 possent,
727 3037 868 3103 quantum
889 3026 971 3086 Gelli
986 3028 1098 3101 ¹virtute
1117 3036 1231 3094 eeteros
1252 3029 1398 3087 mortales
1417 3046 1479 3105 prs·

388 3137 536 3195 bstarent.
584 3133 740 3207 Quodnam
761 3132 792 3189 id
812 3133 859 3191 ius
879 3140 965 3202 esset,
987 3151 1091 3208 agrum
1113 3152 1132 3190 e
1149 3134 1372 3209 possessoribus
1393 3146 1480 3210 petere
1518 3209 1519 3218 ἵ

419 3249 471 3299 eut
494 3238 598 3297 minari
626 3256 724 3310 orme,
753 3238 896 3297 Romame
927 3239 1135 3313 querentibus,
1165 3248 1194 3295 et
1223 3238 1293 3313 quid
1315 3239 1348 3297 in
1370 3238 1480 3299 Etruria
1518 3233 1520 3238 ’

418 3342 462 3403 rei
476 3344 572 3404 Gallis
593 3353 679 3412 esset,
701 3360 788 3417 quum
811 3342 862 3414 illi,
884 3342 967 3402 sein
989 3344 1079 3401 armis
1099 3343 1145 3402 ius
1160 3342 1236 3401 ferre
1255 3352 1285 3401 et
1306 3346 1409 3403 omnia
1427 3345 1478 3403 for·

418 3450 491 3509 tium
514 3450 644 3507 virorum
667 3466 740 3520 esse,
761 3446 898 3506 ferouiter
919 3446 1057 3517 dicerent,
1080 3448 1210 3506 sorensis
1228 3449 1369 3525 utrinque
1383 3451 1479 3509 animis
1517 3517 1519 3544 Ι

389 3556 459 3621 end
480 3574 564 3613 orme
585 3554 756 3613 dismrritur
777 3564 805 3611 et
826 3550 960 3629 proelium
979 3553 1150 3615 conseritur.
1191 3554 1249 3623 lbi,
1272 3554 1332 3614 ium
1358 3555 1478 3631 urgens·
1517 3553 1519 3628 ζ

419 3663 473 3719 bus
493 3662 659 3719 Romanum
691 3660 791 3717 urbem
820 3656 905 3724 fatis,
932 3656 1021 3731 legati
1047 3665 1151 3715 reuma
1175 3659 1221 3715 ius
1246 3660 1378 3735 gentium
1405 3676 1477 3717 orma

416 3766 547 3842 eupiunt.
593 3765 658 3823 Neo
679 3764 709 3820 id
729 3763 805 3823 olem
832 3782 897 3820 esse
927 3762 1037 3837 potuit,
1065 3780 1155 3837 quum
1187 3772 1257 3821 auto
1283 3767 1384 3842 signa.
1398 3768 1477 3825 sou-

417 3890 533 3930 scorum
555 3880 613 3929 tres
628 3869 800 3929 nobilissimi
819 3867 1028 3941 fortissimique
1041 3869 1183 3925 Romanos
1196 3868 1357 3931 iuventutis
1373 3887 1477 3948 pegus·
1516 3897 1518 3994 q

388 3978 499 4046 luent3
527 3986 640 4035 tuntum
662 3977 808 4035 eminebat
829 3972 985 4050 peregriua
1004 3972 1106 4030 virtus.
1157 3973 1346 4046 Quinotium
1368 3976 1477 4050 Q.Fa·

417 4081 482 4141 blus
502 4090 620 4141 evectus
642 4089 727 4138 extra
747 4080 839 4137 soiem
861 4097 938 4153 equo
963 4078 1066 4137 dueum
1089 4077 1259 4150 Gallorum,
1288 4080 1425 4141 ferociter
1450 4079 1475 4137 iu

415 4188 482 4263 ipse
502 4187 587 4263 signa
601 4187 793 4245 Etruseorum
806 4185 1012 4255 incursantem,
1034 4200 1088 4259 per
1107 4183 1184 4240 letus
1203 4188 1378 4247 transfixum
1397 4189 1476 4245 haste

416 4292 532 4361 oooidit,
554 4290 706 4369 spoliaque
729 4289 790 4349 eius
810 4288 954 4367 legentem
976 4287 1057 4349 Galli
1077 4306 1236 4378 agnovere,
1257 4308 1369 4365 perque
1390 4300 1474 4349 tutum
