3392 5084
467 466 524 523 168
721 463 798 512 biber
816 463 864 513 IX.
901 461 979 526 (An
989 477 1011 513 c.
1022 463 1184 528 439-440.)

422 649 547 708 hostium
568 649 699 718 turbant3
721 656 750 704 et
770 647 954 723 intempore,
974 657 1130 724 postquam
1143 649 1277 707 ardentio
1288 648 1390 726 procul
1408 649 1478 705 vidit

423 763 519 812 castre
542 752 680 828 magister
699 753 825 829 equitum
849 753 891 827 (id
906 763 1080 811 convenerat
1096 754 1234 830 signnm),
1254 755 1376 814 hostiurn
1398 764 1479 830 terga

422 859 541 920 invadit.
584 859 631 916 Ite
652 859 837 916 circumventi
855 859 1008 929 Samnites,
1031 877 1090 933 qua
1110 869 1207 936 potest
1228 861 1358 935 quisque,
1379 859 1478 934 fugem

375 965 410 1020 16
422 985 475 1042 per
495 965 610 1022 diversa
630 973 744 1039 petunt3
764 965 866 1041 ingens
888 965 1040 1023 multitudo
1058 966 1089 1022 in
1103 985 1192 1024 unnm
1212 976 1291 1024 metu
1308 965 1481 1042 conglobata

373 1073 409 1126 17
423 1091 459 1130 ee
489 1079 580 1128 semet
608 1071 702 1145 ipsam
736 1071 822 1127 turba
853 1071 1013 1148 impediens
1045 1071 1076 1128 in
1106 1071 1203 1128 medio
1235 1091 1318 1130 msa
1376 1069 1481 1129 Castra

422 1178 547 1236 hostium
570 1185 656 1252 capta
680 1176 862 1251 direptaque,
883 1193 1006 1251 quorum
1027 1177 1127 1251 prsada
1147 1187 1284 1235 onustum
1309 1178 1428 1235 militem
1452 1179 1480 1234 in

422 1284 557 1342 Romana
583 1290 680 1338 castro
709 1281 834 1338 dictator
861 1281 987 1352 reducit,
1018 1281 1247 1358 haudquaquam
1275 1293 1335 1340 tam
1358 1284 1481 1341 victorie

423 1388 518 1446 laetum
542 1406 628 1462 quam
653 1387 741 1461 quod,
761 1373 867 1462 preater
891 1387 1026 1462 exiguam
1050 1387 1242 1468 deformatam
1263 1389 1394 1447 incendio
1415 1408 1480 1464 par·

423 1504 491 1566 tem,
516 1503 612 1552 cetera
633 1485 734 1552 c'outra
754 1491 844 1567 spem
860 1492 944 1550 selva
963 1493 1081 1553 invenit.

330 1591 373 1660 24
507 1600 557 1659 Ad
579 1599 683 1658 Soram
705 1599 771 1655 inde
796 1599 935 1669 reditum3
961 1599 1089 1674 novique
1116 1598 1249 1656 consules
1269 1600 1314 1658 M.
1335 1601 1481 1671 Poetelius,

249 1679 412 1802 fflgffi
425 1704 460 1764 C.
484 1703 626 1780 Sulpicius
655 1704 811 1762 exercitum
834 1705 872 1761 ab
904 1705 1045 1762 diototere
1067 1704 1162 1763 Fabio
1184 1705 1343 1780 occipiunt,
1374 1725 1483 1782 magna

424 1821 507 1887 parte
527 1820 655 1868 veterum
678 1809 800 1866 militum
822 1809 942 1868 dimisse
961 1810 1103 1885 novisque
1124 1810 1292 1868 cohortibus
1318 1811 1347 1879 ip
1366 1814 1482 1888 supple-

394 1918 551 1974 2mentum
585 1915 724 1974 adductis.
784 1913 920 1973 Ceterum
954 1934 1043 1990 quum
1073 1926 1193 1991 propter
1227 1914 1371 1974 difficilem
1403 1919 1484 1976 urbis
1522 1910 1523 1937 ¹

425 2022 510 2079 situm
532 2041 584 2081 nec
606 2022 792 2097 oppugnandi
816 2023 887 2079 satis
909 2030 988 2080 certa
1008 2021 1084 2078 ratio
1105 2021 1241 2094 iniretur,
1272 2030 1304 2078 et
1333 2033 1381 2080 eut
1409 2032 1484 2080 tem-

395 2131 412 2187 3
424 2147 495 2203 pore
525 2127 684 2204 longinqua
706 2136 757 2185 aut
782 2145 911 2202 preceps
939 2126 1066 2202 periculo
1096 2127 1220 2185 victoria
1240 2137 1326 2196 esset,
1354 2127 1484 2187 Soranm

425 2232 576 2308 transfuga
602 2234 677 2290 clam
700 2253 737 2290 ex
761 2233 870 2308 oppido
892 2231 1053 2308 profectus,
1080 2251 1169 2307 quum
1190 2234 1229 2290 ad
1250 2234 1353 2310 vigiles
1371 2235 1484 2292 Rorna-

424 2357 478 2396 nos
499 2347 692 2413 penetrasset,
722 2339 788 2396 duci
810 2357 841 2396 se
864 2339 1009 2414 extemplo
1031 2339 1068 2396 ad
1098 2340 1231 2396 musuleo
1258 2340 1347 2408 iubet,
1376 2338 1485 2395 deduc-

394 2451 527 2520 4tusque
550 2445 721 2502 traditurum
747 2445 848 2502 urbam
870 2444 1020 2518 promittit.
1072 2444 1161 2501 Visus
1183 2445 1261 2512 inde,
1291 2463 1388 2520 quum,
1411 2462 1485 2519 qno·

425 2571 492 2609 nam
514 2551 601 2608 modo
621 2551 652 2606 id
672 2559 861 2626 praestaturus
890 2558 980 2620 esset,
1011 2557 1215 2626 percontantes
1245 2551 1377 2620 doceret,
1404 2549 1485 2606 haud

425 2676 503 2714 vana
523 2655 636 2727 afferre,
658 2655 791 2731 perpulit,
814 2674 907 2730 prope
922 2636 1058 2713 adiuncta
1075 2657 1217 2714 moenibus
1231 2659 1368 2714 Romana
1385 2664 1487 2712 castra

396 2767 457 2821 5nt
475 2781 527 2820 sex
545 2763 635 2820 millia
651 2763 689 2818 sb
712 2762 819 2837 oppido
841 2770 1075 2818 removerentur:
1096 2760 1169 2833 fore,
1201 2771 1234 2819 nt
1255 2764 1349 2820 minus
1369 2762 1487 2818 intentus

425 2870 454 2928 in
477 2868 637 2926 custodiam
659 2867 738 2925 urbis
760 2868 870 2924 diurna
884 2868 1025 2924 stationes
1043 2885 1079 2924 ac
1098 2877 1246 2925 nocturna
1260 2868 1366 2944 vigilite
1380 2877 1487 2924 essent.

426 2974 494 3049 Ipse
515 2973 676 3047 insequenti
696 2983 790 3044 nocte,
811 2973 866 3030 sub
888 2972 996 3046 oppido
1018 2971 1196 3030 silvestribus
1225 2974 1298 3031 locis
1319 2974 1487 3031 cohortibus

426 3080 550 3137 insidere
570 3078 671 3150 iussis,
703 3080 801 3137 decem
836 3078 941 3135 milites
971 3076 1097 3135 delectos
1122 3097 1220 3136 secum
1249 3099 1304 3156 per
1331 3080 1424 3136 ardue
1453 3097 1488 3134 ac

426 3205 517 3261 prope
538 3184 618 3242 invia
638 3186 668 3242 in
692 3204 788 3242 arcem
810 3184 898 3254 ducit,
922 3183 1051 3259 pluribus
1073 3203 1159 3259 quam
1186 3204 1240 3260 pro
1264 3203 1383 3246 numero
1408 3186 1488 3241 viro·

398 3293 490 3350 6rum
512 3290 666 3350 missilibus
690 3291 754 3348 telis
776 3311 810 3349 eo
834 3290 959 3360 collatis;
988 3290 1027 3346 ad
1054 3290 1109 3347 hoc
1130 3308 1205 3353 saxa
1226 3299 1310 3348 ararit
1330 3301 1360 3348 et
1378 3301 1487 3348 minere

428 3398 564 3467 iacentia,
597 3406 628 3453 ut
655 3399 687 3454 fit
707 3397 737 3454 in
759 3398 896 3471 aspretis,
923 3404 952 3454 et
979 3397 1015 3453 de
1035 3385 1299 3487 indqstriu'etiam,
1327 3415 1386 3471 quo
1406 3396 1487 3452 locus

381 3505 515 3566 .7tntior
537 3512 626 3570 esset,
654 3503 691 3560 ab
713 3501 866 3577 oppidanis
897 3512 1044 3578 congesta.
1088 3502 1149 3561 Ubi
1175 3520 1263 3576 quum
1292 3502 1488 3560 constituisset

426 3612 576 3692 Romanos
598 3608 787 3683 semitamque
808 3617 961 3681 angustam
985 3615 1014 3664 et
1035 3608 1156 3664 arduam
1179 3617 1304 3665 erectam
1320 3627 1358 3664 ex
1379 3607 1486 3683 oppido

427 3716 457 3773 in
479 3733 574 3772 arcem
597 3713 776 3783 ostendisset,
801 3715 886 3782 „Hoc
908 3713 1023 3787 quidem
1045 3712 1205 3769 adscensu“
1227 3712 1321 3786 inquit
1343 3712 1409 3781 „vol
1431 3723 1487 3769 mes

398 3818 416 3875 8
429 3821 534 3878 armati
549 3819 707 3895 quemlibet
721 3818 931 3876 multitudinem
953 3817 1111 3881 arcuerint;
1131 3834 1186 3875 vos
1204 3825 1234 3874 et
1247 3817 1347 3874 decem
1367 3835 1487 3874 numero

429 3936 465 3996 et,
488 3927 566 4001 quod
586 3926 650 4002 plus
675 3936 728 3994 cst,
749 3924 876 3982 Romani
890 3925 1147 3996 Romanorumque
1162 3920 1312 3980 fortissimi
1333 3922 1390 3980 viri
1411 3923 1487 3980 estis.

429 4033 469 4090 Et
489 4032 569 4089 locus
591 4050 645 4106 pro
667 4031 750 4090 vobis
764 4041 792 4088 et
814 4048 875 4086 nox
896 4029 960 4097 erit,
982 4047 1047 4103 quas
1068 4029 1167 4086 omnis
1187 4047 1226 4086 ex
1244 4027 1356 4086 incerto
1377 4028 1487 4086 maiore

420 4137 535 4202 territis
557 4145 692 4194 ostentat.
735 4136 801 4209 Ego
822 4135 884 4192 iam
904 4144 1014 4192 terrore
1038 4135 1136 4192 omnia
1155 4134 1295 4210 implebo;
1316 4152 1373 4191 vos
1395 4151 1488 4192 arcem

398 4239 529 4298 9inteuti
551 4245 673 4302 tenetc.“
726 4240 865 4300 Decurrit
884 4240 966 4311 inde,
995 4248 1103 4315 quanto
1131 4240 1259 4298 maxime
1287 4248 1408 4315 potarat
1428 4257 1487 4298 cum
