3392 5084
417 534 421 543 “
488 539 629 593 nieuw.
665 537 953 605 [A.ch.tas-te1.)
1076 549 1080 555 ’
1153 546 1210 604 att

203 728 247 790 est,
266 729 381 780 senaim
403 721 547 796 appellat,
572 729 609 780 ut
637 723 667 782 in
688 731 771 780 tanto
794 723 960 782 discrimine
986 725 1029 782 rei
1051 725 1174 802 publicar
1194 727 1255 786 dic·

201 833 311 884 tatonem
338 826 436 884 dicare
464 827 598 884 consules
628 847 681 903 pro
710 837 857 904 potestate
877 838 976 887 vestre
1000 831 1143 906 cogetis.“
1187 831 1285 905 Quod

201 947 262 986 voce
281 931 389 1002 audite,
410 932 597 990 occasionem
611 933 741 996 oblatum
763 934 820 992 rati
845 934 953 992 tribuni
969 935 1109 1011 sugendas
1123 945 1254 1012 potesta·

201 1035 230 1090 tis
254 1037 404 1108 secedunt,
432 1053 550 1114 proque
580 1037 703 1112 collegio
736 1039 939 1113 pronuntiant,
970 1040 1087 1115 placere
1120 1043 1254 1100 consules

201 1140 298 1198 sanami
324 1141 403 1202 dicto
425 1143 575 1202 audientes
605 1161 683 1214 esse3
711 1144 736 1200 si
768 1145 910 1202 adversus
936 1163 1108 1204 consensum
1133 1134 1254 1224 impiis·

201 1244 254 1300 simi
274 1247 384 1306 ordinis
409 1250 487 1308 ultre
516 1249 651 1320 tendent,
681 1249 710 1306 in
740 1249 857 1306 vinculo
886 1268 919 1306 se
948 1250 1016 1308 duci
1038 1270 1090 1308 cos
1113 1251 1253 1310 iussuros.

201 1346 327 1410 Consules
350 1355 389 1412 ab
412 1355 535 1414 tribunis
557 1371 644 1429 quem
668 1355 705 1411 ab
730 1364 833 1412 senatu
855 1356 932 1414 vinci
953 1356 1132 1429 maluerunt,
1153 1357 1306 1433 prodi-10

201 1462 249 1510 tun
267 1475 287 1514 s
313 1461 448 1534 patribus
470 1460 575 1520 summi
602 1459 716 1535 imperii
743 1459 789 1516 ius
817 1459 976 1534 datumque
1002 1461 1177 1536 subiugum
1201 1465 1253 1521 tri-

201 1559 306 1622 tenete
326 1565 469 1640 potestati
490 1565 674 1624 consulatum
697 1574 901 1636 memorantes,
923 1566 950 1622 si
971 1566 1087 1640 quidem
1110 1568 1176 1643 cogi
1198 1568 1253 1627 ali-

202 1667 257 1738 quid
276 1687 330 1745 pro
352 1680 499 1747 potestate
532 1673 581 1728 eb·
598 1669 714 1728 tribuno
736 1670 870 1727 consules
890 1681 922 1728 et
943 1672 1017 1745 (qno
1039 1672 1110 1745 quid
1134 1672 1253 1731 ulterius

201 1773 300 1845 privetu
336 1775 497 1836 timendum
533 1774 641 1849 forati)
678 1775 709 1831 in
746 1774 863 1860 vincula
897 1776 986 1832 etiem
1021 1776 1088 1835 duci
1123 1787 1252 1852 possent.

201 1877 272 1948 Sors,
299 1889 331 1938 ut
352 1881 525 1940 dictatorcm
546 1881 657 1940 dicarm
679 1879 759 1956 (nem
780 1879 869 1966 naid
891 1881 1007 1956 quidem
1027 1882 1104 1939 inter
1126 1879 1302 1957 collegerit

202 1985 384 2060 convenerat),
406 1989 444 2048 Τ.
460 1987 597 2060 Quinctio
618 1986 723 2044 evenit.
766 1985 1064 2046 IsarPostumium
1081 1988 1253 2058 Tubertum,

201 2104 315 2146 sonuum
337 2109 435 2164 suum,
457 2065 632 2153 seuerissimi
652 2091 766 2167 imperii
787 2090 893 2161 virum,
912 2092 1085 2150 dictatorcm
1106 2093 1193 2163 dixit3
1213 2095 1253 2150 eb

202 2207 229 2247 m
246 2193 278 2250 L.
299 2195 394 2252 Iulius
418 2197 558 2271 magister
584 2199 712 2272 equitum
744 2205 788 2254 est
810 2195 912 2256 dictus.
959 2197 1054 2256 Simul
1082 2196 1203 2254 edicitur
1224 2206 1254 2255 et
1269 2193 1304 2250 tt

201 2294 339 2372 iustitium,
370 2321 466 2377 neque
489 2303 569 2362 aliud
592 2311 657 2360 tota
684 2303 756 2360 urbe
785 2301 833 2376 agi
863 2320 953 2376 quern
974 2301 1082 2359 bellum
1105 2301 1252 2378 apparari.

203 2400 321 2478 Cognitis
343 2408 511 2466 vacantium
538 2407 645 2466 miliae
668 2423 788 2464 munere
813 2414 882 2481 post
903 2407 1009 2464 bellum
1036 2404 1182 2475 diffarmr3
1210 2406 1253 2464 ita

202 2506 265 2568 dubii
288 2517 409 2586 queque
430 2511 569 2568 inclinent
597 2513 635 2570 sd
656 2512 776 2570 nomine
798 2511 905 2568 denda.
951 2513 991 2570 Et
1012 2510 1148 2569 Hernicis
1169 2511 1252 2569 Lati·

203 2613 286 2690 nisque
308 2617 416 2676 milites
438 2617 589 2692 imperati3
611 2618 746 2692 utrinque
766 2617 853 2674 enixe
874 2617 1024 2674 obeditum
1045 2617 1181 2676 dictatori
1197 2625 1251 2676 est.

269 2723 354 2782 Heca
367 2722 467 2780 omnia
486 2722 634 2782 celeritate
661 2722 772 2798 ingenti
801 2730 883 2792 acte3
912 2722 1073 2798 relictoque
1099 2720 1154 2782 Cn
1175 2722 1252 2780 Iulio
1306 2709 1349 2779 27
1428 2720 1430 2724 ’

205 2825 305 2884 consule
328 2827 368 2884 ed
392 2827 558 2903 presidium
583 2829 663 2887 urbis
686 2836 715 2885 at
736 2829 770 2886 L.
793 2826 870 2884 Iulio
892 2827 1033 2903 mugistro
1054 2829 1184 2902 equitum
1213 2827 1253 2885 ad

204 2929 283 2988 subite
298 2932 369 2990 belli
397 2932 566 3004 ministeria,
587 2951 790 3009 aequares,
825 2950 885 3007 qua
907 2933 1054 3008 eguissent
1080 2933 1111 2990 in
1141 2934 1254 3005 castris,
1335 2909 1337 2921 Ι

204 3045 366 3107 moreretur,
394 3036 531 3108 dictator,
559 3036 926 3114 praeunten.·come1i0
956 3039 1093 3113 pontifice
1114 3039 1254 3110 maximo,

204 3135 272 3196 ludos
297 3159 422 3218 mugnus
451 3142 590 3202 tumuitus
619 3162 709 3203 cauas
740 3145 838 3214 vovit,
870 3142 1078 3218 profectusque
1106 3146 1144 3202 ab
1172 3145 1284 3216 urbe‚2

205 3243 281 3304 divise
312 3261 380 3304 cum
415 3245 551 3318 Quinctio
582 3249 701 3308 consule
734 3223 878 3318 exercitu,
911 3249 950 3305 od
980 3249 1080 3306 hostes
1113 3249 1254 3323 pervenit.

205 3346 271 3408 Sicut
301 3353 372 3410 bine
404 3359 502 3408 cestre
535 3351 661 3411 hostium
693 3371 787 3430 parvo
817 3354 894 3410 inter
925 3371 958 3410 se
990 3352 1086 3428 spetio
1117 3352 1286 3416 distantiae·

204 3455 333 3526 viderant,
364 3455 421 3532 ipsi
453 3473 570 3532 quoque
598 3457 676 3516 mille
701 3457 793 3516 ferme
817 3476 922 3543 passus
947 3459 985 3516 eb
1016 3459 1101 3517 hoste
1131 3459 1256 3520 dictator

206 3559 330 3634 Tusculo,
359 3561 463 3620 consul
491 3561 625 3620 Lanumo
654 3562 820 3639 propiorem
849 3564 946 3622 locum
975 3565 1078 3622 castris
1106 3572 1253 3640 ceperunt.

206 3661 243 3719 Its
261 3675 396 3741 quattuor
418 3667 573 3738 exercitus,
595 3669 714 3726 totidem
733 3669 913 3728 munimenta
932 3669 1084 3746 planitiem
1104 3671 1136 3727 in
1157 3668 1284 3728 medici

207 3783 251 3824 non
270 3772 368 3846 parvis
388 3772 476 3830 modo
499 3773 719 3830 excursionibus
741 3773 779 3830 ad
799 3773 918 3848 proelia,
950 3775 1003 3832 sed
1032 3775 1080 3832 vel
1101 3776 1140 3832 ed
1160 3775 1255 3851 expli·

208 3874 297 3934 undas
317 3877 453 3951 utrinque
474 3877 551 3936 aciae
574 3879 645 3936 setis
666 3887 813 3954 petentem
834 3880 991 3937 habebunt
1037 3881 1112 3949 Nec,
1137 3899 1175 3938 ex
1196 3879 1286 3955 quo5

207 3980 291 4036 castris
317 3992 414 4040 eastre
442 3983 554 4042 colluto
582 3993 663 4055 aunt,
697 3991 841 4042 cessatum
874 4005 895 4043 o
922 3985 1035 4044 levibus
1063 3986 1174 4062 proeliis
1202 3995 1255 4056 est,

207 4077 422 4162 intepescere
442 4087 601 4159 dictatore,
630 4087 807 4146 conferendo
828 4089 906 4160 uires
927 4108 1009 4166 spem
1031 4091 1173 4150 universes
1194 4092 1255 4150 vic·

208 4187 286 4260 tone,
313 4200 423 4256 motato
452 4193 595 4270 paulatim
626 4202 731 4252 eventu
753 4195 958 4266 certaminum,
987 4190 1057 4253 suos
1087 4198 1255 4272 praecipere.

209 4287 426 4370 linquendum,
456 4299 536 4358 nulle
557 4298 588 4358 in
609 4299 712 4376 proelio
740 4299 816 4357 iusto
837 4299 940 4358 relicta
959 4319 1027 4375 spe,
1051 4312 1139 4360 noctu
1157 4302 1286 4360 adortid
