3392 5084
559 558 637 608 niae
653 558 700 608 rx
736 525 923 620 lienem.)
1168 563 1223 617 147
1264 513 1268 519 ³

215 738 475 815 paludamentaque
504 741 649 812 detracta;
680 743 712 800 id
737 752 847 799 tantam
875 743 949 799 inter
973 741 1070 817 ipsos,
1099 743 1148 816 qui
1178 743 1265 819 paulo

216 853 277 900 ante
297 863 350 902 eos
371 857 556 904 exsecrantes
577 848 723 906 dedendos
736 847 964 921 lacerandosque
982 857 1159 918 censuerant,
1181 849 1266 904 mise-

215 949 350 1008 rationem
384 950 468 1023 feeit,
500 964 532 1010 nt
561 972 620 1010 sure
652 953 773 1028 quisque
804 951 979 1010 condicionis
1011 953 1116 1010 oblitus
1148 955 1186 1010 ab
1215 953 1265 1011 illa
1281 959 1317 1014 14

214 1054 422 1117 deformatione
453 1067 542 1116 tantas
571 1059 729 1116 maiestatis
762 1058 841 1115 velut
874 1058 912 1114 ab
941 1055 1066 1114 nefando
1100 1059 1265 1135 spectaculo

215 1171 354 1219 averteret
376 1163 486 1223 oculos.
544 1164 637 1222 Primi
659 1162 790 1219 consules
814 1181 906 1238 prope
929 1163 1068 1221 seminudi
1092 1165 1265 1238 subiugum
1337 1166 1358 1234 6

213 1266 304 1334 missi,
335 1276 399 1324 tum
428 1277 461 1326 ut
488 1269 610 1344 quisque
631 1269 723 1344 gradu
753 1267 903 1342 proximus
932 1277 1007 1339 erat,
1039 1268 1081 1324 ita
1103 1267 1266 1342 ignominiae

214 1371 354 1441 obiectns;
398 1382 460 1430 tum
501 1369 637 1450 deinceps
680 1372 797 1447 singulte
838 1373 975 1448 legiones.
1034 1373 1295 1438 circumstabant2

213 1479 312 1534 armati
326 1479 437 1549 hostes,
458 1480 666 1554 exprobrantes
681 1478 896 1553 eludentesque;
918 1477 1007 1554 gladii
1022 1477 1108 1536 etiam
1123 1479 1266 1554 plerisque

211 1585 349 1656 intentati,
370 1593 400 1641 et
413 1583 557 1641 vulnerati
579 1584 694 1659 quidam
710 1561 869 1658 necarique,
891 1585 916 1642 si
936 1585 1032 1642 vultus
1053 1602 1151 1641 eorum
1172 1585 1265 1660 indig-

171 1728 173 1731 <
212 1690 297 1747 nitate
330 1709 428 1748 rerum
467 1690 563 1747 acrior
590 1691 728 1748 rictorem
761 1689 938 1748 offendisset.
984 1690 1033 1746 Ita
1060 1690 1184 1748 traducti
1212 1692 1295 1754 sub3

211 1793 305 1869 iugum
327 1805 371 1866 et,
394 1795 473 1871 quod
494 1814 576 1870 pane
596 1796 714 1870 gravium
734 1805 812 1863 erat,
837 1812 891 1869 per
907 1793 1035 1850 nostium
1056 1796 1155 1853 oculos
1178 1814 1266 1870 quum

212 1900 321 1957 asaltu
341 1900 518 1970 evasissent,
548 1901 602 1958 etsi
617 1901 697 1958 velut
725 1902 762 1958 ab
790 1899 890 1957 inferis
918 1900 1040 1958 extracti
1060 1909 1121 1958 tum
1143 1896 1267 1976 primum¹

210 2005 298 2063 lucem
321 2006 473 2081 adspicere
492 2005 548 2062 visi
568 2016 643 2075 sunt,
663 2018 760 2064 tamen
778 2007 843 2082 ipsa
865 2007 917 2062 lux
937 2005 979 2062 ita
1003 2004 1132 2064 deforme
1154 2009 1266 2065 intuen-

210 2111 283 2168 tibus
313 2129 421 2186 agmen
449 2112 528 2169 omni
559 2108 651 2170 morte
681 2113 790 2169 tristior
819 2110 883 2169 fuit.
943 2112 1047 2184 Itaque
1080 2129 1168 2184 quum
1201 2091 1297 2172 anlel

210 2225 322 2274 noctem
344 2214 479 2291 Capuam
498 2219 649 2292 pervenire
675 2227 808 2295 possent,
838 2216 940 2305 incerti
968 2216 1004 2272 de
1033 2215 1090 2272 fide
1113 2217 1266 2286 sociorum,

211 2330 237 2378 et
258 2322 338 2397 quod
362 2322 460 2398 pudor
488 2323 696 2399 prepediebat,
727 2323 804 2380 circa
829 2323 907 2378 viem
936 2322 1014 2378 haud
1042 2322 1143 2396 procul
1165 2321 1268 2398 Capua
1297 2347 1300 2352 ·

211 2430 336 2485 omnium
367 2446 461 2503 egena
489 2445 615 2502 corpora
644 2429 724 2486 humi
753 2436 980 2503 prostraverunt.
1033 2427 1118 2500 Quod
1145 2429 1195 2486 ubi
1224 2433 1297 2487 esti

172 2558 173 2561 ¹
211 2533 341 2610 Capuam
360 2534 540 2603 nuntiatum,
567 2533 653 2591 evicit
672 2533 819 2590 miseratio
839 2534 917 2590 iuste
937 2532 1079 2589 sociorum
1102 2533 1267 2608 superbiam

210 2639 366 2714 ingenitam
377 2639 547 2714 Campanis.
590 2638 749 2697 Confestim
763 2639 887 2714 insignia
901 2657 955 2695 sua
970 2638 1143 2710 consulibus,
1162 2639 1266 2711 fasces,
1280 2643 1298 2698 d

211 2743 341 2817 lictores,
369 2765 463 2814 arma,
485 2763 586 2818 equos,
608 2745 787 2815 vestimenta,
801 2753 979 2802 commeatus
993 2744 1130 2803 militibus
1145 2746 1268 2821 benigne

211 2852 340 2921 mittunt3
373 2861 403 2908 et
430 2850 612 2907 venientibus
641 2848 771 2924 Capuam
800 2859 918 2907 cunctus
948 2860 1065 2906 senatus
1086 2852 1296 2927 populusque?

211 2956 326 3013 obviam
357 2974 492 3031 egressus
525 2955 609 3012 iustis
636 2955 767 3012 omnibus
803 2956 994 3032 hospitalibus
1033 2957 1210 3033 privatisque
1240 2969 1269 3014 et

210 3061 330 3136 publicis
354 3061 488 3136 fungitur
509 3058 621 3120 ciliciis.
673 3060 778 3134 Neque
809 3043 865 3118 illis
892 3062 1034 3118 sociorum
1064 3064 1184 3120 comitas
1205 3065 1298 3121 vul-8

211 3177 311 3242 tneque
333 3167 453 3243 benigni
474 3175 504 3223 et
525 3165 654 3240 alloquia
681 3184 740 3222 non
761 3166 848 3223 modo
878 3186 1039 3226 sermonem
1069 3169 1186 3238 elicere,
1217 3169 1269 3224 sed

210 3289 245 3327 ne
266 3283 297 3329 nt
318 3273 421 3330 oeulos
443 3272 561 3346 quidem
580 3270 743 3328 attollerent
764 3280 815 3328 ant
834 3273 1017 3331 consolantes
1039 3274 1147 3331 amicos
1168 3284 1269 3331 contra

210 3375 397 3446 intuerentur,
433 3376 549 3434 efficere
579 3385 728 3450 poterant3
762 3377 836 3434 adeo
872 3396 958 3452 super
991 3397 1139 3436 maerorem
1176 3379 1298 3454 pudori)

211 3481 327 3556 quidam
351 3481 455 3556 fugere
477 3480 623 3555 colloquia
643 3490 672 3537 et
685 3491 776 3537 coetus
800 3482 948 3538 hominum
971 3483 1101 3558 cogebat.
1144 3485 1268 3542 Postero
1285 3489 1321 3541 lt

211 3587 256 3643 die
277 3605 367 3662 quum
389 3585 511 3642 invenes
531 3586 652 3656 nobiles,
675 3586 755 3643 missi
776 3605 795 3643 a
817 3586 930 3662 Capua,
952 3597 984 3644 ut
998 3589 1209 3664 proficiscentes
1231 3589 1269 3646 ad

210 3694 292 3750 finem
323 3691 510 3766 Campanum
536 3702 791 3768 prosequerentur,
825 3689 1027 3762 revertissent,
1057 3695 1211 3769 vocatique
1239 3697 1269 3754 in
1284 3704 1317 3759 ll
1389 3681 1390 3686 ἵ

211 3799 317 3856 cadam
348 3799 588 3873 percontantibus
617 3798 775 3854 maioribus
800 3806 881 3866 natu,
912 3797 1001 3855 multo
1029 3799 1084 3856 sibi
1112 3802 1269 3858 maestiores

211 3913 238 3959 et
263 3903 433 3961 abiectioris
464 3903 553 3960 animi
583 3903 676 3970 visos,
709 3901 864 3959 referrent:
881 3917 884 3922 “
899 3903 972 3960 adeo
1002 3904 1088 3963 silens
1115 3925 1150 3964 ac
1178 3925 1268 3981 prope

212 4020 317 4068 mutum
357 4027 466 4084 agmen
497 4007 663 4075 incessisee;
698 4005 792 4096 iacere
825 4007 952 4066 indolem
982 4009 1062 4068 illam
1096 4013 1320 4080 Romanam,12

211 4117 383 4191 ablatosque
403 4132 471 4171 cnm
493 4113 581 4168 armis
602 4112 728 4180 animos3
758 4130 816 4167 non
844 4113 965 4172 reddere
993 4116 1115 4198 salutem
1141 4116 1267 4173 salutan-

210 4221 291 4294 tibus,
319 4241 382 4279 non
406 4219 479 4276 dare
498 4235 678 4292 responsum,
703 4234 761 4272 non
783 4215 894 4297 hiscere
915 4238 1089 4296 quemquam
1110 4241 1170 4299 pra
1190 4230 1268 4278 metu

210 4329 347 4400 potuisse,
367 4335 511 4402 tanquam
526 4323 682 4380 ferentibus
697 4322 791 4380 adhuc
805 4325 965 4389 cervicibus
986 4329 1093 4406 iugum,
1115 4331 1167 4387 sub
1190 4329 1267 4402 qnod

1024 4431 1068 4484 10*
