3392 5084
535 533 614 582 Liber
630 530 680 582 IV.
716 530 762 594 (Aa
774 528 822 580 Cb.
836 533 911 596 445.)
1152 540 1210 596 201
1312 571 1322 582 .

204 719 235 777 sit
252 716 389 792 plebeius,
413 733 453 773 ne
473 717 575 774 eodem
597 715 700 773 itinere
722 724 780 786 eat,
810 735 847 774 ne
875 716 953 774 idem
975 717 1140 776 convivium
1168 719 1257 789 ineat,

204 843 234 880 ne
259 824 287 880 in
307 823 373 882 foro
406 822 509 881 eodem
531 821 691 896 consistat?
723 821 801 894 Quid
828 821 964 910 enimin
990 843 1022 880 re
1045 833 1089 880 cst
1109 823 1203 894 aliud,
1231 825 1257 883 si

204 929 335 1006 plebeiam
358 928 499 1004 petricius
527 927 652 998 duxerit,
679 927 704 984 si
720 927 1051 1014 patriciemflplebaius?
1079 928 1159 1001 Quid
1186 929 1257 987 iuris

204 1036 306 1092 undem
330 1033 481 1092 mutetur?
503 1034 618 1108 Nempe
633 1042 744 1108 patrem
767 1042 927 1110 sequuntur
946 1034 1039 1091 liberi.
1083 1034 1309 1108 Nec,qu0d12

204 1151 247 1196 uus
268 1148 305 1196 ex
328 1139 474 1198 connuhio
504 1147 602 1196 vestro
623 1146 772 1213 petamus,
804 1139 960 1214 quicquam
989 1148 1041 1208 est,
1063 1147 1258 1214 preterquam

204 1255 229 1301 ut
245 1247 402 1317 hominum,
424 1253 457 1302 ut
479 1245 584 1303 civium
604 1263 724 1302 numero
746 1245 851 1315 simus,
879 1251 933 1302 nec
960 1263 1030 1315 vos,
1058 1244 1114 1300 nisi
1134 1245 1164 1300 in
1188 1262 1257 1321 con-

205 1352 340 1408 tumeliam
361 1349 611 1425 ignominiamque
633 1357 764 1406 nostram
786 1359 899 1408 certare
915 1351 1011 1422 iuvet,
1035 1337 1112 1425 quod
1136 1358 1256 1407 couten-

204 1457 276 1526 datis,
297 1456 456 1530 quicquam
479 1462 530 1513 est.
579 1454 715 1529 Denique
743 1462 838 1512 uuum
869 1457 986 1513 tandem
1008 1455 1111 1531 populi
1130 1455 1257 1513 Romani
1329 1451 1351 1519 5

204 1581 234 1618 an
257 1569 385 1618 vestrum
417 1541 562 1618 summum
590 1559 742 1634 imperium
772 1560 834 1617 est?
863 1561 992 1635 Regibus
1021 1561 1132 1618 exactis
1160 1569 1256 1618 utrum

203 1668 274 1724 vobis
294 1666 456 1724 dominatio
479 1683 517 1722 an
536 1665 669 1723 omnibus
691 1685 775 1740 aequa
795 1666 915 1722 libertas
936 1675 1023 1741 parta
1046 1665 1109 1723 est?
1131 1665 1286 1742 Oportet2
1326 1705 1329 1712 -

203 1772 275 1830 licere
296 1772 406 1848 populo
431 1769 636 1855 Romano,‚si
656 1769 735 1840 velit,
756 1770 857 1828 iubere
876 1771 988 1845 legem,
1011 1789 1059 1842 un,
1080 1781 1112 1830 ut
1133 1791 1256 1848 quaeque

203 1879 304 1953 rogatio
337 1877 525 1953 promulgata
554 1877 622 1947 erit,
654 1893 708 1932 vos
731 1875 872 1934 delectum
894 1895 949 1952 pro
978 1896 1066 1951 poene
1086 1879 1254 1946 decernetis,

204 1994 233 2054 et,
254 1982 347 2042 simul.
359 2001 414 2057 ego
436 1983 569 2040 tribunus
590 1999 698 2038 vocare
719 1980 811 2038 tribus
832 1983 862 2038 in
883 1981 1055 2057 suffragium
1078 2001 1202 2059 coepero,
1223 1993 1255 2042 tu

204 2089 287 2146 stetim
311 2089 412 2147 consul
435 2079 618 2145 sacramento
644 2087 894 2163 iunioresradiges
923 2097 951 2144 at
971 2087 1001 2144 in
1023 2098 1120 2145 cestra
1141 2089 1256 2159 educes,

205 2194 397 2252 seminaberis
422 2192 510 2277 plebi,
532 2191 689 2248 minaberis
708 2192 844 2250 tribuno?
867 2193 955 2266 Quid,
976 2192 1002 2248 si
1023 2211 1091 2263 non,
1115 2198 1287 2267 quantum3

203 2299 256 2356 istae
275 2300 358 2356 minae
373 2297 513 2355 adversus
528 2297 620 2373 plebis
641 2315 813 2356 consensum
835 2299 975 2367 valerent,
996 2297 1042 2354 bis
1063 2299 1121 2354 iem
1144 2299 1257 2373 experti

205 2404 312 2462 essetis?
335 2404 460 2473 Scilicet,
476 2403 544 2477 quie
555 2403 639 2460 nobis
655 2403 816 2462 consultum
828 2404 981 2473 volebatis,
996 2403 1151 2460 certamine
1167 2401 1256 2459 absti-

205 2510 303 2570 nuistis.
345 2511 398 2567 An
418 2507 485 2580 ideo
507 2517 626 2566 nonest
648 2509 825 2584 dimicatum,
848 2510 937 2584 quod,
960 2528 1024 2584 quae
1045 2526 1115 2583 pars
1136 2507 1256 2578 firmior,

205 2616 293 2672 eedem
317 2615 475 2672 modestior
495 2612 570 2672 fuit?
591 2615 655 2672 Nec
676 2634 753 2674 nunc
768 2615 829 2672 «erit
850 2625 1006 2685 certamen,
1028 2614 1172 2687 Quiritem
1194 2600 1258 2670 aniss
1269 2615 1287 2668 4

205 2738 260 2777 mos
290 2729 399 2778 vestros
431 2719 475 2776 illi
508 2721 661 2778 tentabunt
696 2739 824 2796 semper,
861 2721 937 2777 vires
972 2739 1031 2777 nen
1063 2719 1271 2794 experientur.0

206 2825 299 2900 Itaque
319 2827 356 2884 ud
379 2825 458 2884 bella
478 2824 545 2895 ista,
567 2843 618 2882 seu
639 2825 716 2884 falae
733 2845 785 2884 seu
806 2845 878 2885 vera
891 2835 967 2897 sunt,
987 2825 1129 2894 consules,
1152 2828 1288 2899 puratab

206 2933 280 2988 vobis
299 2920 395 3008 plebes
421 2938 477 3000 est,
508 2929 538 3004 si,
564 2932 714 2990 connubiis
743 2933 864 2990 redditis
893 2951 982 2988 unam
1010 2912 1087 2989 benc
1109 2930 1256 2988 civitat-ern

207 3038 309 3094 tandem
330 3037 441 3106 facitis3
472 3038 496 3094 si
519 3037 697 3108 coalescere,
727 3038 752 3096 si
783 3037 864 3113 iungi
892 3037 1065 3110 miscerique
1092 3037 1177 3095 vobis
1198 3036 1258 3111 pri-

208 3143 274 3200 vetis
295 3143 550 3216 necessitudinibus
572 3152 708 3218 possunt,
737 3143 763 3200 si
786 3161 867 3218 spes,
896 3142 922 3198 si
952 3142 1047 3198 editus
1075 3142 1113 3198 ad
1133 3143 1259 3199 honores
1360 3181 1368 3186 -

208 3247 269 3304 rins
288 3250 407 3306 suenuis
429 3257 459 3306 et
479 3247 604 3306 fortibus
626 3249 727 3318 datum
749 3249 824 3312 siin
847 3247 1002 3318 consortio,
1025 3247 1050 3303 si
1070 3248 1100 3303 in
1119 3247 1260 3304 societate

208 3353 244 3408 rei
263 3355 378 3428 publicae
399 3373 473 3425 esse,
494 3354 528 3426 si,
551 3355 629 3428 quod
644 3373 734 3429 aequee
756 3353 899 3411 libertatis
920 3362 972 3421 est,
990 3353 1019 3408 in
1041 3352 1134 3409 vicem
1156 3352 1259 3408 annuis

210 3459 411 3532 magistratibus
431 3478 536 3534 parere
558 3468 645 3532 atque
666 3459 833 3534 imperitare
855 3459 930 3516 licet.
979 3457 1012 3516 Si
1039 3459 1102 3514 haec
1122 3457 1290 3534 inrpedietd

211 3563 404 3636 adquisieris
427 3564 608 3624 sermonibus
631 3573 660 3620 et
683 3564 873 3639 multiplicate
893 3563 975 3620 fama
995 3563 1086 3632 belle3
1107 3583 1194 3621 nemo
1216 3571 1260 3620 est

212 3672 459 3741 remandaturus,
481 3687 568 3728 nemo
591 3687 673 3728 arma
695 3678 846 3744 capturus,
876 3687 961 3726 nemo
989 3658 1186 3726 dimicaturus
1206 3688 1259 3744 pro

213 3776 327 3847 superbis
347 3773 482 3845 dominis,
504 3793 569 3831 cum
593 3775 697 3848 quibus
718 3794 772 3832 nec
793 3775 823 3830 in
845 3791 877 3828 re
898 3767 1022 3847 publica¹
1035 3775 1179 3832 hunorum
1205 3791 1260 3830 nec

213 3877 239 3932 in
257 3882 361 3954 privata
382 3879 519 3940 connubii
540 3879 664 3936 societas
686 3883 758 3936 est.“

284 3987 373 4060 Quum
404 3987 435 4044 in
463 3985 627 4044 contionem
658 3994 686 4042 et
707 3985 839 4042 consules
867 3983 1076 4058 processissent
1107 3991 1136 4041 e't
1163 4002 1210 4041 res
1240 4003 1259 4042 o
1311 3980 1333 4048 6

214 4093 341 4163 perpetuis
373 4091 555 4150 orationibus
584 4090 614 4148 in
642 4088 859 4147 altercationem
888 4088 1038 4160 vertisset,
1068 4089 1262 4164 interroganti
1323 4152 1327 4158 ⁴

215 4191 322 4268 tribuno,
353 4215 405 4256 our
432 4196 579 4272 plebeium
608 4194 753 4254 consulem
784 4192 847 4250 fieri
876 4211 934 4251 non
957 4201 1119 4269 oporteret,
1148 4202 1180 4249 ut
1199 4192 1290 4251 for-2

216 4303 281 4356 tasse
298 4321 371 4376 vere,
395 4303 438 4360 sic
460 4321 564 4377 parum
585 4301 692 4358 utiliter
713 4299 743 4356 in
761 4316 888 4374 presseris
910 4295 1083 4369 certamen¹)
1103 4298 1261 4373 respondit,

220 4396 428 4414 κ-

249 4427 268 4494 ¹)
282 4435 382 4488 Excidit
398 4451 493 4488 nomen
512 4436 616 4485 alterius
635 4434 755 4484 consulis.
