3392 5084
551 567 631 616 Liber
647 566 682 617 Π.
720 567 768 630 (A.
787 567 834 617 Ch.
844 568 921 632 494.)
1187 573 1222 629 91

228 759 327 822 tumque
347 757 397 811 est.
448 751 523 807 Post
544 768 672 826 pugnam
695 752 733 808 ad
753 752 899 827 Regillum
929 707 1024 810 lacum
1053 772 1113 810 non
1134 753 1193 810 alia
1213 753 1299 812 illis3

227 855 296 910 annis
311 873 405 930 pugna
420 855 528 914 clarior
547 856 611 919 fuit.
658 855 795 913 Dictator
806 855 989 931 triumphans
1002 859 1103 916 urbem
1114 858 1268 916 invehitur.

228 958 306 1032 Super
323 960 421 1017 solitos
442 963 569 1020 honores
592 962 674 1018 locus
694 960 725 1016 in
746 960 824 1018 circo
846 962 902 1036 ipsi
922 964 1106 1038 posterisque
1128 964 1165 1021 ad
1187 981 1270 1041 spec·

228 1064 334 1120 aulum
357 1066 457 1136 datus;
490 1067 563 1124 sella
588 1067 620 1124 in
649 1083 684 1122 eo
706 1064 773 1122 loco
796 1066 906 1124 curulis
927 1069 1033 1145 posita.
1082 1068 1199 1125 Volscis
1221 1068 1299 1128 det

228 1170 296 1226 victis
314 1170 478 1229 Veliternus
500 1191 572 1248 ager
592 1172 759 1246 ademptus3
783 1170 913 1229 Velitras
935 1172 1031 1229 coloni
1053 1174 1090 1230 ab
1106 1174 1178 1231 urbe
1191 1173 1272 1230 missi

229 1284 251 1328 et
272 1275 376 1333 colonia
403 1276 539 1337 deducta.
593 1275 667 1335 (lum
696 1277 806 1351 AEquis
832 1286 901 1352 post
929 1276 1079 1352 aliquanto
1111 1287 1271 1353 pugnatum

229 1388 275 1446 est,
294 1379 380 1436 invito
402 1382 519 1455 quidem
541 1383 674 1453 consule,
696 1382 766 1456 quia
788 1382 854 1439 loco
875 1383 976 1458 iniquo
1007 1383 1187 1440 subeundum
1209 1391 1273 1440 erat

229 1483 258 1539 ad
275 1485 380 1553 hostes3
409 1487 462 1542 sed
492 1487 598 1544 milites
623 1487 737 1543 extrahi
766 1506 828 1544 rem
852 1486 1052 1559 criminantes,
1084 1496 1116 1544 ut
1138 1487 1302 1557 dictator,5

228 1589 375 1663 priusquam
397 1591 455 1665 ipsi
476 1592 604 1648 redirent
624 1591 654 1648 in
675 1593 788 1667 urbem,
811 1592 1098 1667 magistratuabiret
1124 1593 1272 1666 irritaque,

227 1694 287 1750 deut
305 1705 370 1752 ante
391 1696 527 1769 consulis,
548 1695 694 1772 promissa
715 1697 777 1754 eius
790 1698 936 1767 caderent,
958 1698 1121 1773 perpulere,
1143 1705 1175 1755 ut
1197 1696 1273 1754 forta

226 1809 316 1856 temere
335 1801 365 1857 in
387 1802 528 1858 adversos
551 1809 665 1859 montes
687 1819 792 1877 agmen
813 1803 945 1877 erigeret.
989 1802 1026 1860 Id
1047 1803 1124 1860 male
1139 1802 1304 1870 commis-6

226 1921 276 1960 sum
294 1906 411 1980 ignavia
431 1905 558 1962 hostium
579 1907 610 1962 in
631 1908 739 1964 bonum
762 1908 857 1978 vertit,
880 1908 939 1981 qui,
961 1908 1130 1983 priusquam
1152 1908 1189 1964 ad
1205 1925 1273 1964 con-

226 2007 314 2067 iectum
334 2011 385 2068 teli
404 2011 560 2080 veniretur,
581 2011 778 2086 obstupefacti
793 2013 917 2070 audacia
931 2014 1142 2084 Romanorum,
1164 2013 1273 2071 relictis

227 2116 323 2186 eastris,
344 2135 409 2190 quae
430 2116 631 2174 munitissimis
651 2125 804 2175 tenuerant
824 2119 906 2189 locis,
927 2118 957 2174 in
980 2136 1099 2176 aversas
1117 2118 1208 2176 valles
1224 2119 1273 2176 de-

226 2201 321 2280 siluere
362 2223 411 2279 Ibi
442 2222 514 2279 satis
542 2223 648 2298 praedae
676 2232 705 2279 et
726 2224 849 2280 victoria
877 2224 1027 2281 incruenta
1047 2221 1110 2280 fuit

294 2326 341 2382 Ita
359 2325 504 2384 trifariam
526 2346 559 2385 re
578 2327 655 2384 bello
676 2327 751 2384 bane
764 2338 858 2402 gesta,
880 2330 916 2385 de
939 2327 1162 2386 domesticarum
1178 2336 1305 2389 rerum7

227 2440 316 2487 aventu
348 2450 403 2489 nec
425 2431 558 2509 patribus
585 2449 639 2490 nec
668 2433 747 2507 plebi
769 2452 839 2490 cura
869 2435 1047 2492 decesserat:
1075 2443 1158 2490 tanta
1187 2451 1274 2506 quum

228 2535 307 2607 gratia
330 2547 392 2593 tum
424 2545 487 2593 arte
517 2547 756 2613 praeparaverant
781 2536 977 2612 feneratores,
1015 2555 1079 2614 quoe
1107 2554 1166 2593 nou
1187 2535 1275 2592 modo

228 2640 340 2713 plebem,
372 2643 425 2699 sed
450 2641 546 2716 ipsum
574 2642 662 2698 etiam
684 2642 854 2700 dictatorem
877 2643 1095 2701 frustrarentur.
1139 2642 1307 2715 Namque8

229 2745 347 2804 Valerius
381 2755 450 2822 post
476 2746 592 2803 Vetusii
617 2747 744 2804 consulis
777 2749 902 2806 reditum
925 2748 1052 2804 omnium
1079 2747 1223 2804 aet-ionum
1246 2747 1275 2801 in

230 2862 315 2908 senatu
336 2853 463 2929 primam
485 2851 587 2908 habuit
612 2870 667 2927 pro
688 2853 799 2910 victore
821 2853 941 2929 populo,
963 2853 1126 2926 retulitque,
1150 2850 1219 2926 quid
1241 2850 1277 2907 de

230 2957 296 3013 nexis
315 2957 377 3014 fieri
405 2957 541 3031 placeret.
596 2957 669 3030 Quae
692 2976 780 3033 quum
801 2959 910 3016 reiecta
929 2958 1033 3016 relatio
1062 2967 1152 3026 essct,
1190 2957 1307 3024 „Non9

231 3062 333 3133 plaoao“
366 3063 463 3137 inquit
490 3063 671 3131 „concordia
697 3071 807 3119 auctor.
864 3061 1029 3137 Optabitis,
1069 3061 1277 3130 mediusfidius,

231 3168 399 3241 propediem,
431 3177 465 3223 ut
497 3168 554 3223 mei
582 3167 690 3224 similes
716 3169 853 3224 Romana
879 3167 979 3243 plebes
1000 3174 1139 3241 patronos
1160 3168 1277 3223 habeat.

233 3269 303 3341 Quod
323 3273 359 3330 ad
382 3292 430 3330 ma
451 3273 562 3343 attinet,
583 3289 678 3345 neque
698 3269 863 3329 frustrabor
884 3272 961 3328 ultra
982 3271 1060 3327 cives
1082 3287 1162 3327 meos
1183 3288 1278 3343 neque

232 3374 283 3450 ipse
300 3378 407 3436 frustm
427 3376 553 3433 dictator
576 3394 636 3434 ero.
678 3376 841 3434 Discordiae
866 3376 1025 3446 intestinae,
1054 3375 1161 3432 bellum
1183 3381 1330 3434 exter-10

234 3499 288 3537 num
309 3484 417 3552 faeere,
448 3492 481 3538 ut
502 3483 559 3538 hoc
580 3481 753 3556 magistratu
775 3491 874 3556 egeret
894 3499 942 3539 res
963 3481 1093 3556 publica:
1125 3499 1185 3555 pax
1207 3479 1277 3536 foris

235 3597 305 3658 parta
324 3598 380 3659 est,
402 3587 483 3644 domi
503 3587 678 3662 impeditum
704 3580 837 3660 prfvatus
858 3587 955 3661 potius
978 3605 1065 3660 quam
1087 3585 1212 3642 dictator
1233 3601 1278 3641 se-

235 3690 319 3748 ditioni
337 3694 492 3750 interero.“
541 3691 590 3747 Ita
617 3691 699 3747 curia
726 3708 860 3764 egressus
889 3691 1034 3748 dictatura
1062 3709 1093 3748 se
1122 3689 1277 3748 abdicavit.

236 3796 365 3871 Apparuit
392 3815 483 3854 causa
512 3796 605 3873 plebi,
640 3813 723 3852 suam
752 3795 845 3852 vicem
878 3795 1075 3869 indignantem
1107 3793 1279 3869 magistratu
1295 3807 1327 3860 ιι

238 3901 330 3977 etism
360 3905 461 3977 itaque
490 3901 570 3958 velut
595 3900 745 3975 persoluta
778 3901 852 3970 fide,
885 3901 1022 3974 quoniam
1047 3918 1099 3974 per
1125 3917 1191 3954 eum
1221 3917 1279 3955 non

239 4007 353 4078 stetisset,
374 4009 445 4083 quin
466 4015 663 4083 prestaretur,
685 4005 873 4062 decedentem
895 4005 1012 4062 domum
1035 4021 1100 4061 cum
1124 4002 1227 4061 favore
1246 4021 1280 4060 ac
1382 4063 1389 4066 ,

238 4109 351 4170 laudibus
372 4112 520 4188 prosecuti
541 4122 617 4168 sunt.
1146 4187 1155 4196 ι

305 4219 406 4276 Timor
425 4219 494 4274 inde
514 4227 613 4293 patres
634 4214 760 4286 incessit,
781 4232 828 4284 ne,
851 4213 875 4269 si
889 4211 1024 4270 dimissus
1039 4213 1182 4270 exercitus
1195 4212 1281 4282 foret,
1328 4211 1376 4281 32

239 4337 321 4380 rursus
341 4333 441 4381 coetus
469 4323 576 4380 occulti
602 4319 873 4392 coniurationesque
902 4319 1013 4376 fierent.
1063 4318 1168 4390 Itaque
1190 4335 1282 4391 quan·

1368 1345 1378 1372 Ι
