3392 5084
483 519 521 575 30
748 514 841 584 ‚Liber
859 513 907 562 VI.
952 515 1001 577 (Δ.
1013 528 1039 563 u.
1053 529 1077 564 c.
1089 514 1164 576 ³74.)

392 706 428 761 10
441 720 527 759 sensu
561 700 653 776 plebis
691 699 826 775 impediri
862 708 973 775 coepta3
1019 718 1088 757 nam
1122 717 1220 773 neque
1258 697 1326 755 duci
1364 696 1478 753 addictos

441 806 547 865 tribuni
581 807 728 876 sinebant,
768 824 863 879 neque
897 804 1023 863 iuniores
1058 806 1177 863 nomina
1213 805 1335 863 dabant.
1396 802 1478 875 Quum

441 914 573 990 patribus
603 913 699 971 minor
730 914 757 968 in
786 928 913 987 praesens
944 929 1015 967 cura
1045 912 1160 969 creditae
1187 911 1319 987 pecunia·
1345 910 1414 967 iuris
1437 927 1479 964 ex-
1519 929 1521 986 t

344 1028 346 1033 “
442 1020 579 1095 sequendi
609 1037 696 1093 quarn
729 1019 848 1076 dilectus
871 1025 947 1075 esset
967 1014 1090 1095 (quippe
1111 1019 1169 1075 iam
1199 1036 1217 1074 a
1245 1018 1394 1073 Praeneste
1422 1035 1482 1091 pro·
1519 997 1521 1016 Ι

392 1126 426 1181 11
440 1125 532 1184 festos
555 1126 653 1183 hostes
673 1124 703 1180 in
725 1143 796 1199 egro
818 1122 938 1182 Gabino
959 1123 1123 1181 consedisse
1143 1119 1365 1199 nuntiabatur),
1384 1122 1482 1179 interim

441 1231 570 1289 tribunos
591 1230 683 1307 plebis
704 1229 785 1288 fame
807 1250 841 1287 ea
869 1230 935 1305 ipsa
954 1229 1122 1286 irritaverat
1147 1228 1241 1303 magis
1263 1229 1304 1285 ad
1334 1238 1482 1303 susceptum

441 1347 585 1396 certamen
604 1356 691 1411 quam
714 1337 900 1405 deterruerat,
921 1354 1017 1409 neque
1037 1334 1115 1391 aliud
1136 1334 1175 1390 ad
1195 1334 1369 1392 seditionem
1392 1334 1482 1391 exstin-
1519 1405 1521 1430 Ι

441 1445 584 1520 guendam
610 1444 640 1499 in
660 1443 731 1500 urbe
754 1460 840 1516 quam
863 1460 955 1516 prope
982 1441 1094 1497 illatum
1124 1440 1266 1497 moenibus
1292 1442 1366 1516 ipsis
1394 1441 1483 1499 bellun
1519 1443 1521 1448 '

346 1540 392 1610 28
440 1549 540 1609 valuit.
582 1548 661 1605 Nam
683 1568 772 1623 quum
794 1556 871 1604 esset
882 1545 1067 1604 Praenestinis
1085 1546 1260 1615 nuntiatum,
1281 1547 1394 1605 nullum
1417 1565 1486 1603 exer·
1519 1599 1520 1604 ,

440 1657 527 1713 citum
552 1654 742 1729 conscriptum
764 1654 883 1723 Romae,
911 1652 1020 1709 nullum
1041 1652 1142 1708 ducem
1165 1661 1277 1709 certum
1299 1670 1376 1722 esse,
1390 1662 1487 1727 ,patres

410 1760 476 1817 iac
496 1760 608 1836 plebem
630 1759 659 1816 in
681 1767 771 1815 semet
798 1759 877 1834 ipsos
899 1776 1016 1827 versos,
1042 1756 1225 1814 occasionem
1252 1756 1311 1814 rati
1332 1758 1423 1815 duces
1446 1775 1487 1813 eo-

439 1885 514 1936 rum,
535 1868 639 1942 raptim
662 1865 776 1940 agmine
798 1874 873 1951 acto,
901 1863 1075 1940 peruastatis
1095 1862 1227 1937 protinus
1254 1863 1346 1937 agris,
1374 1865 1413 1921 ad
1433 1882 1489 1939 por·

412 1973 501 2029 3tam
524 1970 665 2029 Collinam
687 1971 770 2045 signa
790 1970 921 2028 intulere.
969 1972 1077 2045 Ingens
1107 1968 1137 2024 in
1163 1969 1235 2025 urbe
1256 1970 1417 2044 trepidatio
1437 1968 1489 2026 fuit
1519 1999 1521 2005 v

442 2076 661 2136 Conclamatum
682 2074 750 2147 ,Ad
762 2082 874 2149 arma“,
896 2093 1125 2149 concursumque
1144 2074 1175 2131 in
1196 2093 1298 2132 muros
1320 2085 1412 2151 atque
1432 2092 1489 2151 por·

440 2192 486 2239 tas
508 2191 566 2253 est3
596 2184 769 2257 tandemque
797 2183 834 2239 ab
856 2182 997 2239 seditione
1025 2180 1064 2237 ad
1087 2180 1194 2238 bellum
1221 2180 1301 2237 versi
1327 2181 1491 2238 dictatorem

411 2290 478 2349 tT.
501 2286 665 2361 Quinctium
690 2287 892 2347 Cincinnatum
919 2304 1066 2344 creavere.
1111 2287 1143 2344 Is
1171 2287 1346 2361 magistrum
1373 2286 1491 2361 equitum

440 2396 480 2453 Α.
497 2394 699 2469 Sempronium
713 2394 880 2453 Atratinum
896 2392 977 2450 dixit.
1019 2390 1106 2464 Quod
1120 2393 1170 2450 ubi
1191 2393 1326 2450 anditum
1347 2400 1403 2462 eet,
1426 2392 1492 2466 (tan-

440 2508 487 2555 tus
509 2498 569 2555 eius
590 2500 774 2575 magistratus
796 2510 890 2559 terror
910 2497 983 2574 erat)
1009 2499 1094 2556 simul
1118 2500 1217 2556 hostes
1241 2519 1261 2556 a
1282 2499 1430 2556 moenibus
1454 2515 1493 2552 re·

442 2622 553 2661 cessere
585 2613 613 2662 et
644 2606 771 2664 iuniores
804 2605 931 2664 Romani
964 2605 1003 2661 ad
1034 2603 1158 2661 edictum
1197 2604 1261 2661 sine
1291 2603 1495 2662 retractatione

412 2712 611 2769 boonvenere.
654 2712 734 2768 Dum
756 2711 946 2769 conscribitur
968 2712 1069 2768 Romoe
1090 2711 1242 2780 exercitus,
1267 2718 1370 2767 castra
1386 2709 1518 2767 interitu.

442 2816 567 2873 hostium
596 2816 675 2872 baud
710 2817 811 2891 procul
839 2816 910 2875 Alia
929 2815 1046 2872 flumine
1072 2817 1183 2890 posita3
1215 2816 1284 2873 inde
1314 2833 1423 2891 agrum
1444 2815 1494 2871 late

442 2920 630 2997 populantes,
656 2920 775 2978 fatalem
797 2942 829 2979 se
852 2921 916 2979 urbi
937 2921 1078 2978 Romana
1098 2921 1194 2979 locum
1215 2921 1339 2998 cepisse,
1371 2921 1451 2978 inter
1469 2938 1495 2976 se
1519 2956 1521 2960 ·

412 3025 601 3096 biaotabant3
632 3026 752 3085 similem
779 3045 918 3101 pavorem
950 3026 1018 3084 inde
1047 3044 1082 3083 ac
1113 3026 1213 3101 fugam
1241 3025 1323 3097 fore,
1359 3046 1396 3085 ac
1427 3026 1495 3085 bello

442 3130 558 3189 Gallico
581 3132 684 3205 luerit;
712 3134 817 3192 etenim
838 3134 863 3190 si
884 3133 960 3189 diem
983 3140 1147 3190 contactum
1172 3132 1314 3207 religione
1343 3132 1496 3207 insignem·

443 3256 499 3312 que
519 3239 636 3296 nomine
657 3240 718 3297 eius
745 3240 802 3297 loci
823 3239 944 3296 timeant
963 3239 1108 3309 Romani,
1137 3249 1246 3314 quanto
1269 3239 1365 3315 magis
1387 3235 1496 3297 Aliensi

442 3343 489 3401 die
510 3344 610 3401 Aliam
632 3345 742 3421 ipsam,
762 3354 977 3403 monumentum
1009 3353 1098 3403 tantm
1119 3344 1219 3415 cladis,
1237 3342 1497 3403 reformidaturos?

443 3449 552 3524 speeies
574 3448 706 3525 proiecto
734 3448 770 3505 iis
799 3449 839 3506 ibi
872 3460 966 3507 truces
996 3449 1151 3509 Gallorum
1181 3468 1346 3525 sonumque
1367 3451 1452 3507 vocis
1471 3449 1521 3505 int

413 3554 532 3611 loculis
559 3564 646 3629 etque
675 3553 792 3611 auribus
822 3553 896 3612 fore.
950 3555 1015 3612 Has
1044 3556 1174 3613 inanium
1205 3575 1304 3614 rerum
1331 3556 1438 3614 inanes
1458 3558 1496 3632 ip

441 3676 490 3716 sss
524 3658 673 3717 volventes
710 3660 912 3735 cogitationes,
952 3660 1075 3718 fortunae
1106 3660 1161 3718 loci
1193 3661 1403 3737 delegaverant
1434 3682 1497 3739 spat

442 3782 520 3823 suas.
565 3766 692 3823 Romani
713 3776 828 3838 conus,
849 3766 1013 3841 ubicunque
1040 3776 1117 3824 esset
1141 3764 1265 3823 Latinus
1285 3768 1396 3843 hostis,
1429 3766 1497 3825 satis

442 3869 529 3940 scire,
562 3888 627 3927 eum
650 3890 722 3941 esse,
753 3890 838 3946 quem
869 3873 907 3929 ad
927 3874 1073 3949 Regillum
1100 3872 1195 3930 lacurn
1217 3873 1364 3931 devictum
1385 3883 1496 3931 centum

413 3974 584 4035 Sannorum
617 3996 690 4052 pace
716 3977 845 4033 obnoxia
875 3958 1044 4037 tenuerints
1063 3978 1158 4036 locum
1189 3977 1333 4053 insignem
1359 3978 1497 4037 memoris

443 4080 533 4139 cladis
553 4081 731 4139 imitaturum
752 4099 784 4139 se
805 4083 902 4157 potius
923 4085 962 4141 ad
976 4084 1125 4141 delendam
1147 4084 1320 4141 memoriam
1340 4084 1496 4142 dedecoris

446 4205 533 4261 quam
562 4193 595 4242 ut
622 4186 752 4243 timorem
784 4186 892 4262 faciat,
920 4209 957 4247 ne
987 4210 1046 4264 qna
1066 4198 1144 4247 terra
1164 4188 1203 4245 sit
1229 4187 1347 4247 nefasta
1370 4189 1496 4248 victoria

411 4291 519 4362 bsuae3
543 4292 612 4367 quin
634 4292 690 4368 ipsi
710 4292 765 4350 sibi
788 4292 869 4352 Galli
889 4294 914 4351 si
934 4292 1095 4353 offerantur
1113 4294 1164 4351 illo
1190 4293 1267 4365 loco,
1294 4312 1327 4353 se
1355 4295 1400 4353 ite
1424 4312 1496 4371 pug-
