3392 5084
462 496 522 555 see
776 492 856 545 nise
867 492 900 545 r.
919 494 967 557 (s.
980 510 1005 543 u.
1019 494 1128 559 sess.)

420 679 553 755 sequemi
574 678 621 735 die
642 676 745 735 similis
766 676 824 749 illi,
856 696 921 753 qun
950 678 988 737 ed
1010 678 1110 737 Aliam
1139 688 1200 737 teus
1229 680 1341 756 pavide
1363 679 1483 757 fugent,

389 782 606 845 scivissent.
648 784 728 843 Nem
750 802 839 859 quum
867 782 984 843 defendi
1004 784 1106 842 urbem
1128 802 1217 859 posse
1236 794 1297 842 tem
1326 804 1425 862 parva
1442 804 1482 842 rs·

418 888 487 947 licta
509 908 596 949 manu
610 906 685 967 *spes
706 890 786 947 nulle
807 899 893 959 esset,
912 888 1033 966 plecuit,
1053 907 1118 946 cum
1140 890 1316 965 coniugibus
1339 908 1378 949 ec
1392 889 1482 947 liberis

417 996 595 1053 iuventutem
617 986 771 1055 iniliterem
795 1005 972 1071 senatusque
997 995 1089 1053 robur
1115 995 1146 1052 in
1175 1014 1274 1054 arcem
1295 994 1482 1072 Capitolinu-

369 1102 405 1159 10
418 1118 475 1189 quc
505 1102 678 1172 concedere,
710 1102 858 1177 armisque
879 1110 909 1157 et
929 1100 1077 1159 frumento
1105 1101 1232 1172 collato,
1261 1120 1299 1159 ex
1328 1101 1398 1159 loce
1424 1099 1483 1156 inde

416 1208 528 1265 munito
556 1208 643 1265 ¹deos
681 1206 873 1281 hominesque
890 1207 940 1263 ‘et
971 1207 1139 1265 Romanum
1173 1224 1282 1265 nomen
1317 1206 1482 1289 defendam

368 1315 400 1371 li
415 1312 547 1377 flamines
569 1314 795 1387 sacerdotesque
816 1311 952 1369 Vestales
970 1309 1195 1387 actapublice
1216 1331 1237 1368 e
1256 1312 1354 1381 carde,
1383 1313 1422 1369 eh
1444 1310 1482 1367 in·

416 1417 525 1474 cendiis
546 1418 649 1493 procul
669 1416 800 1487 euierrs,
824 1434 878 1474 nec
905 1424 974 1473 ente
992 1416 1088 1473 deseri
1119 1406 1228 1474 cultum
1257 1436 1375 1488 eornm,
1403 1435 1482 1491 quan

368 1517 475 1579 iinon
497 1532 695 1598 superessent,
729 1524 777 1597 qni
802 1522 939 1581 colerent
987 1521 1022 1583 Si
1045 1540 1100 1579 arx
1121 1520 1379 1598 Capitoliumque,
1409 1522 1481 1579 sedes

416 1628 547 1699 deorum,
571 1628 595 1685 si
617 1637 744 1699 sanetus,
766 1637 856 1703 capnt
874 1626 983 1702 publici
1004 1625 1131 1695 consilii,
1151 1627 1178 1685 si
1198 1629 1336 1687 militarie
1358 1630 1481 1687 iuventus

416 1728 591 1810 superfuerit
610 1732 771 1791 imminenti
791 1733 884 1791 ruinae
905 1734 997 1803 urbis,
1018 1732 1135 1791 facilem
1154 1734 1301 1793 iacturam
1326 1754 1396 1792 esse
1415 1735 1480 1792 seni·

366 1834 402 1890 1³
417 1856 500 1895 orum
520 1814 639 1895 ¹relictis
670 1838 700 1895 in
731 1840 804 1897 urbe
835 1840 937 1915 ntique
968 1839 1104 1915 periture
1137 1840 1240 1897 turbm
1292 1840 1337 1898 Et
1372 1858 1431 1916 qno
1456 1839 1480 1895 id

416 1944 543 2020 aequiore
570 1928 676 2002 enimo'
696 1946 733 2001 de
753 1946 839 2021 plebe
863 1946 1017 2003 multitudo
1045 1945 1151 2016 ferret,
1179 1964 1266 2005 senes
1297 1946 1480 2023 triumphales

416 2050 644 2125 consularesque
674 2050 761 2109 simul
790 2068 822 2109 se
842 2070 909 2110 cum
933 2048 990 2107 illis
1011 2050 1110 2126 palem
1137 2052 1234 2109 dicere
1256 2052 1411 2123 obituros,
1438 2070 1481 2108 nec

415 2157 461 2215 his
483 2156 663 2232 corporibus,
685 2157 790 2232 quibus
804 2174 864 2214 non
885 2174 970 2215 arms
989 2155 1076 2226 ferre,
1096 2174 1156 2213 non
1174 2157 1250 2214 tueri
1271 2159 1404 2233 petr-iem
1423 2175 1480 2234 pos·

319 2249 368 2319 40
416 2271 495 2332 sent,
532 2271 704 2321 oneraturos
735 2263 867 2338 inopiam
899 2272 1089 2320 ermetorum.
1143 2260 1217 2320 Haec
1251 2262 1333 2319 inter
1364 2262 1480 2320 seniores

416 2368 503 2426 morti
524 2368 685 2425 destinatos
705 2367 816 2425 iactate
837 2368 953 2427 soletis.
995 2369 1098 2427 Versa
1118 2369 1186 2426 inde
1206 2368 1432 2427 adhortationes
1450 2365 1480 2422 sd

416 2492 522 2550 agmen
543 2472 694 2543 iuvenum,
724 2488 799 2548 quos
829 2474 860 2531 in
881 2472 1059 2550 Capitolium
1088 2484 1178 2549 etque
1204 2474 1234 2531 in
1259 2492 1363 2531 arcem
1387 2490 1476 2550 prose·

416 2581 595 2655 quebantur,
624 2578 861 2637 commendantes
881 2579 983 2639 virtuti
1003 2598 1105 2639 eornm
1124 2581 1311 2655 inventisque
1333 2580 1418 2639 urbis
1435 2594 1478 2653 per

414 2694 560 2743 trecentos
581 2683 735 2759 sexaginta
756 2702 849 2743 ennos
870 2686 1006 2745 omnibus
1026 2685 1110 2743 bellis
1135 2685 1279 2755 victricis,
1305 2702 1477 2761 quascunque

384 2789 529 2866 ineliqua
564 2798 640 2846 esset
677 2788 803 2847 fortuna.
866 2792 1118 2867 Digrediontibus,
1157 2792 1207 2867 qui
1247 2810 1332 2868 spem
1374 2808 1476 2849 omnem

415 2906 505 2971 etque
537 2912 622 2971 opem
653 2910 750 2951 secum
772 2893 915 2965 ferebant,
947 2897 986 2953 ah
1014 2896 1065 2966 iis,
1097 2898 1147 2971 qui
1179 2906 1275 2972 captus
1311 2898 1399 2955 urbis
1427 2888 1475 2953 non

383 3002 566 3077 dsuperesse
581 3008 751 3087 'statuerent
772 3000 872 3069 exitio,
903 3019 992 3075 quum
1013 3002 1080 3077 ipsa
1100 3020 1148 3060 res
1169 3002 1346 3078 speciesque
1368 3003 1475 3061 miserc-
1512 3028 1514 3038 ν

413 3106 480 3165 bilis
492 3114 565 3176 eret,
581 3114 643 3163 tum
666 3104 814 3166 muliebris
836 3107 920 3163 fletus
942 3116 972 3164 et
987 3108 1171 3165 concursatio
1192 3108 1306 3166 incerte
1325 3128 1407 3167 nunc
1422 3109 1475 3166 tos

413 3230 490 3272 nuuc
515 3213 583 3271 illos
610 3211 790 3285 sequentium
812 3212 1062 3288 rogitantiumque
1088 3214 1168 3270 viros
1184 3223 1353 3289 natosque,
1383 3212 1428 3273 cni
1450 3230 1475 3268 sc
1511 3239 1512 3264 r

413 3318 477 3376 fato
498 3319 611 3387 darent,
632 3316 713 3388 nihil,
738 3318 815 3392 quod
834 3316 954 3375 humani
967 3329 1141 3394 *superesset
1162 3319 1248 3388 meli,
1273 3319 1474 3395 relinquebant

383 3422 525 3498 tMagns
546 3439 615 3498 pars
637 3432 735 3479 temen
757 3440 858 3479 seruus
878 3423 909 3479 in
931 3442 1029 3481 arcem
1050 3443 1120 3482 snos
1139 3434 1302 3506 persecutae
1321 3436 1407 3494 sunt,
1431 3436 1473 3479 nec
1510 3459 1511 3470 η

413 3528 586 3605 prohibente
607 3526 667 3584 ullo
689 3544 742 3583 nec
764 3536 904 3595 vocante,
926 3528 1005 3602 quie,
1028 3530 1107 3603 quod
1128 3530 1198 3587 utile
1220 3530 1353 3587 obsessis
1374 3530 1412 3587 sd
1429 3526 1472 3584 mi·
1510 3561 1512 3579 =

413 3633 559 3690 nuendum
593 3612 739 3689 imbellem
769 3632 999 3703 multitudinem,
1031 3634 1061 3691 id
1089 3652 1195 3709 parum
1215 3635 1381 3693 humanum
1410 3642 1470 3691 eret.

382 3736 484 3797 ontio
506 3737 634 3795 maxime
654 3738 747 3813 plebis
769 3740 865 3809 turbs,
886 3720 974 3814 quam
995 3758 1050 3797 nec
1071 3728 1176 3814 cepere
1195 3748 1257 3796 tarn
1279 3741 1405 3817 exignus
1423 3735 1472 3795 col-
1509 3771 1511 3838 p

411 3842 449 3899 lis
470 3861 524 3901 nec
537 3842 624 3901 'alere
645 3843 675 3901 in
696 3852 780 3901 tonte
800 3842 901 3918 inopie
921 3843 1059 3903 humenti
1078 3855 1210 3922 poteret,
1238 3864 1277 3902 ex
1297 3847 1373 3904 urbe
1392 3843 1471 3902 enne

382 3947 495 4006 desint
517 3949 634 4026 egmine
653 3950 713 4007 iarn
737 3966 796 4009 uno
817 3950 1087 4025 petiitlaniculum.
1133 3950 1207 4008 Inde
1228 3968 1300 4027 pars
1321 3970 1377 4026 per
1395 3960 1471 4023 agro!

412 4052 528 4131 ditepsi,
549 4072 620 4133 pers
642 4054 730 4115 nrbes
757 4062 862 4133 petunt
885 4054 1038 4125 finitimus,
1070 4055 1217 4112 sincello
1245 4056 1323 4114 duce
1343 4066 1394 4115 eut
1413 4072 1469 4112 con·

412 4176 509 4231 seusu,
531 4178 615 4218 suem
637 4161 760 4238 quisque
782 4178 879 4239 spem,
907 4178 965 4218 sue
983 4159 1115 4232 consilia,
1149 4162 1356 4223 communibus
1384 4158 1469 4237 deplo
1507 4199 1508 4242 ,

383 4265 494 4336 iratis,
524 4274 688 4341 sequentes.
735 4266 859 4323 Flumen
888 4266 1003 4325 interim
1025 4265 1186 4340 Quinnmh
1213 4266 1399 4345 virginesque
1417 4264 1468 4321 Vs·
1507 4245 1509 4359 l
