3392 5084
551 529 628 604 tiber
645 541 693 591 Ix.
730 540 776 606 (A.
789 539 837 590 oh.
851 541 923 605 aro.)
1166 542 1220 600 18¹

204 723 322 797 quidem
344 724 550 784 inclementiori
581 745 598 784 a
627 745 672 784 me
701 726 878 802 appellatum
905 724 1023 795 vellem3
1058 724 1109 782 sed
1138 730 1167 782 et
1193 724 1319 794 harodi

204 831 389 901 quae‘adhuc
410 831 472 906 egi,
503 832 666 908 pervicacia
695 841 745 890 tua
774 841 803 890 et
829 830 966 907 soperbia
993 831 1088 905 coegit
1108 849 1155 888 me
1174 828 1265 905 loqui,

205 942 249 1004 et,
275 935 334 993 nisi
356 937 483 996 AEmflie
506 939 563 1014 legi
589 939 736 1014 parueris,
765 938 796 995 in
825 937 940 994 vincula
960 936 1027 995 duci
1047 929 1169 1008 iubebo,
1202 936 1318 1007 nenti

202 1059 294 1114 quum
316 1042 358 1098 ita
381 1055 579 1120 comparatum
602 1065 620 1102 a
641 1046 798 1103 maioribus
826 1044 879 1113 sit,
907 1051 939 1100 ut
968 1041 1092 1100 comitiis
1118 1042 1266 1113 censoriis,

203 1145 258 1203 nisi
281 1148 341 1206 duo
366 1148 541 1207 confecerint
571 1150 699 1227 legitima
723 1149 879 1226 suffragiu,
908 1168 967 1206 non
990 1147 1153 1206 renuntiato
1175 1146 1266 1206 altero

200 1253 325 1310 comitia
347 1253 525 1326 differantur,
547 1275 602 1332 ego
623 1265 660 1325 te,
683 1257 733 1332 qui
749 1257 832 1314 ¹solus
854 1274 958 1313 censor
978 1252 1071 1312 creari
1087 1271 1147 1310 non
1161 1251 1266 1327 possis,

201 1357 300 1416 solum
322 1377 474 1418 censuram
494 1379 594 1437 gerere
615 1363 739 1438 patiar.“
783 1363 856 1420 Hero
877 1360 1005 1435 taliaque
1026 1377 1114 1434 quum
1135 1358 1265 1427 dixisset,
1278 1360 1317 1417 26

198 1466 308 1537 prendi
330 1485 477 1524 censorem
499 1475 527 1525 et
547 1468 577 1524 in
598 1467 713 1525 vincula
735 1469 801 1526 duoi
823 1467 915 1527 iussit,
959 1466 1199 1541 Approbantibus
1212 1483 1266 1522 sex

198 1571 328 1628 tribunis
344 1573 486 1630 actionem
502 1573 627 1648 collegae,
651 1582 709 1629 tres
725 1571 883 1649 appellanti
898 1571 998 1648 Appio
1013 1569 1123 1628 auxilio
1140 1568 1265 1639 fuorunt,

195 1693 379 1752 summaque
394 1677 509 1735 invidia
530 1679 656 1735 omniurn
679 1679 810 1736 ordinum
832 1678 913 1737 solus
934 1695 1085 1735 censuram
1107 1675 1207 1751 gessit.
1342 1757 1347 1767 „

288 1784 369 1841 Dum
393 1785 539 1842 eaRomae
560 1792 706 1859 geruntur,
727 1784 785 1842 iam
802 1783 930 1842 Sutrium
954 1775 997 1840 ab¹
1006 1782 1137 1841 Etruscis
1152 1781 1266 1839 obside-
1312 1779 1357 1849 35

195 1889 307 1959 batur,
340 1889 507 1963 consulique
528 1889 623 1946 Fabio
650 1889 715 1946 imis
745 1889 891 1948 montibus
912 1889 1026 1946 ducenti
1053 1889 1091 1946 ad
1117 1887 1265 1946 ferendam

192 2013 290 2069 opem
319 1994 405 2051 sociis
435 1994 645 2068 leniendosque
672 1995 861 2068 munitiones,
895 1997 920 2053 si
953 2013 1011 2070 qua
1042 2003 1155 2069 posset,
1189 1994 1266 2051 acies

195 2100 331 2157 bostium
358 2101 508 2158 ¹instructa
540 2100 675 2170 occurrit3
717 2119 839 2176 quorum
875 2102 1020 2176 ingentem
1056 2099 1296 2158 multitudinem

193 2221 293 2279 quum
318 2205 483 2263 ostenderet
502 2205 631 2261 subiecta
652 2206 710 2264 lata
728 2207 871 2282 planities,
901 2205 1010 2277 consul,
1039 2212 1072 2261 ut
1099 2204 1167 2262 loeo
1192 2224 1264 2280 pau·

195 2311 322 2368 citatem
351 2329 469 2368 suorum
500 2310 664 2380 adiuvaret,
699 2311 788 2369 flectit
814 2313 963 2387 paululum
991 2311 1021 2368 in
1047 2311 1138 2368 clivos
1161 2328 1266 2386 agmen

189 2417 337 2490 {aspreta
359 2427 442 2472 erant
463 2423 556 2472 strata
579 2415 687 2489 saxis);
719 2416 785 2473 inde
815 2417 899 2492 signa
927 2417 957 2474 in
986 2417 1099 2472 hostem
1126 2416 1264 2476 obvertit.

189 2520 323 2578 >Etrusci
347 2521 474 2578 omnium
496 2530 687 2597 praeterquam
708 2521 897 2579 multitudinis
918 2538 993 2592 suae,
1028 2537 1087 2595 quo
1114 2521 1179 2579 sola
1199 2521 1297 2582 freti3

192 2634 297 2696 erant,
319 2626 504 2684 immemores
525 2626 657 2702 proelium
678 2625 776 2683 ineunt
807 2627 881 2684 adeo
913 2626 1018 2701 raptim
1047 2634 1077 2683 ot
1102 2627 1204 2699 avide,
1235 2636 1268 2685 nt

192 2731 327 2788 abiectis
350 2731 514 2800 missilibus,
537 2749 594 2806 quo
616 2731 735 2789 celerius
757 2750 859 2788 manus
881 2740 1074 2802 consererent,
1095 2733 1267 2808 stringerent

186 2835 330 2911 gladios,
352 2837 492 2893 vedentes
513 2837 543 2894 in
564 2838 685 2895 hostem.
727 2837 878 2895 Romanus
899 2849 1001 2896 contra
1018 2856 1094 2896 nunc
1108 2839 1176 2908 tela,
1191 2844 1298 2898 nutat
1386 2881 1390 2888 -

188 2960 288 3012 saxa,
314 2941 420 3015 quibus
441 2961 492 3000 eos
514 2941 624 3000 affatim
639 2919 719 3001 locus
738 2943 801 3018 ipse
823 2945 966 3013 armabat,
986 2943 1148 3018 ingerere·
1173 2922 1307 3021 Igiturb'

184 3057 288 3103 scuta
303 3047 453 3121 galeaeque
474 3049 536 3106 iotae
552 3067 638 3122 quum
660 3049 755 3118 etiam,
779 3067 853 3123 quos
874 3068 932 3105 non
953 3049 1185 3121 vulneraverant,
1206 3060 1267 3108 tar·

187 3153 319 3219 barent,
343 3171 438 3226 nequo
459 3153 555 3210 subire
578 3164 640 3211 erat
662 3153 749 3211 focile
770 3155 807 3210 ad
828 3155 993 3229 propiorem
1015 3173 1153 3230 pugnam,
1174 3173 1268 3230 neque

187 3257 328 3314 missilia
359 3258 516 3327 habebant,
550 3259 652 3333 quibus
686 3259 796 3316 eminus
827 3278 888 3315 rem
921 3269 1065 3334 gererent3
1099 3269 1209 3318 stantes
1238 3266 1298 3320 otb

182 3362 358 3440 expositos
374 3363 411 3419 ad
429 3362 512 3431 ictus,
528 3379 614 3436 quum
630 3364 687 3421 iam
703 3365 773 3421 satis
792 3364 863 3420 nihil
880 3373 999 3439 tegeret,
1021 3365 1163 3440 quosdam
1178 3366 1265 3423 etiam

178 3470 309 3546 pedem
331 3467 505 3537 referentes,
532 3469 774 3543 fluctuantemque
796 3477 824 3525 ot
844 3469 1007 3527 instabilem
1029 3471 1120 3528 aciem
1142 3473 1267 3530 redinte-

173 3584 288 3651 grato
322 3573 451 3630 clamore
479 3572 584 3629 strictis
612 3573 715 3648 gladiis
742 3575 849 3631 hastati
881 3583 910 3631 ot
944 3576 1089 3652 principos
1117 3577 1267 3636 invadunt.

179 3681 278 3740 Eum
317 3677 458 3751 impetum
490 3695 548 3732 non
580 3678 705 3736 tulerunt
731 3679 861 3747 Etrusci,
895 3681 1043 3756 versisque
1075 3683 1164 3758 signis
1195 3682 1297 3760 teget

172 3785 298 3844 'effusa
321 3791 421 3838 costra
442 3788 587 3854 repetunt3
615 3782 665 3838 sed
687 3783 797 3856 equites
818 3784 943 3842 Romani
964 3788 1099 3860 praevecti
1120 3807 1174 3862 per
1192 3787 1266 3846 obli·
1347 3800 1349 3803 '

169 3909 260 3966 qua
286 3885 387 3961 campi
410 3903 499 3958 quum
520 3902 552 3941 se
573 3885 746 3962 fugientibus
769 3888 952 3960 obtulissent,
981 3892 1089 3951 omisso
1111 3895 1150 3952 ad
1170 3906 1267 3954 carus

169 3998 306 4055 itinero
334 3998 449 4047 montes
478 3999 592 4064 petunt3
622 3990 689 4047 inde
717 3993 818 4051 inermi
848 4013 930 4069 paene
958 3999 1074 4072 agmine
1101 4018 1137 4058 ao
1159 4004 1299 4061 vexatod
1399 4004 1402 4016 '

169 4097 373 4161 vulneribus
396 4095 425 4151 in
447 4093 551 4152 silvam
573 4093 725 4152 Ciminiam
746 4107 936 4172 penetratum.
982 4104 1143 4178 Romanus,
1170 4080 1267 4166 multis

174 4207 330 4268 millibus
354 4201 544 4283 Etruscorum
566 4199 655 4268 casis,
676 4199 965 4281 duodequadraginta
985 4209 1076 4283 signis
1095 4211 1267 4270 militaribus

166 4311 322 4394 capris„
350 4304 456 4362 castris
488 4303 573 4359 etiam
607 4302 732 4360 hostium
768 4324 832 4363 oum
871 4311 971 4384 praeda
1005 4306 1115 4390 ingenti
1148 4318 1268 4393 potitor.
1326 4375 1336 4390 ,
