3392 5084
501 500 557 580 its
769 515 849 566 arser
867 515 941 567 vm.
977 518 1178 581 (auena)
1216 525 1220 538 ·

420 701 438 758 9
451 703 568 762 fortuna
582 703 658 761 bello
672 703 832 772 subtraxit3
853 701 1006 777 iussusque
1020 700 1190 760 dictatorem
1213 702 1307 760 dicere
1322 701 1360 758 rei
1375 700 1490 776 gerenda

451 829 539 868 causa
560 809 647 884 longe
668 808 858 866 clarissimum
879 808 955 866 bello
978 827 1013 866 ea
1024 815 1195 882 tempestate
1217 806 1299 876 dixit,
1315 807 1348 864 L.
1357 807 1489 882 Papirium

451 915 623 986 Cursorem,
659 932 677 971 a
709 933 767 989 quo
800 914 835 986 Q.
865 915 976 972 Fabius
1005 914 1153 972 Maximus
1184 913 1336 971 Rullianus
1372 912 1492 986 magister

403 1020 438 1076 10
451 1021 578 1095 equitum
600 1030 644 1078 ost
665 1020 773 1091 dictus,
801 1039 857 1096 par
878 1020 973 1078 nobile
994 1022 1080 1078 rebus
1104 1021 1136 1077 iu
1160 1038 1195 1077 eo
1218 1020 1389 1095 magistratu
1410 1017 1493 1092 gestia,

451 1126 603 1184 discordia·
616 1136 728 1195 tamen,
760 1143 818 1200 qua
838 1144 932 1201 prope
956 1125 994 1182 ad
1025 1125 1157 1182 ultimum
1180 1125 1373 1183 dimicationis
1393 1132 1492 1180 ventum

404 1233 436 1288 ll
451 1242 503 1303 est,
523 1231 657 1290 nobilius.
698 1232 748 1288 Ab
771 1231 862 1288 altero
886 1232 1003 1288 consule
1023 1232 1052 1287 in
1077 1230 1207 1288 Vestinis
1225 1231 1376 1307 multiplex
1395 1229 1494 1294 bellun,

451 1356 505 1395 nec
525 1356 648 1412 usquam
670 1336 753 1393 vario
775 1345 895 1407 eventu,
926 1347 1038 1412 gestum
1068 1347 1120 1396 est.
1174 1338 1254 1395 Nam
1285 1345 1314 1394 et
1334 1334 1495 1412 pervastavit

452 1459 554 1516 agros,
581 1449 610 1498 et
629 1441 797 1516 populando
826 1451 914 1515 atque
937 1443 1048 1500 urendo
1079 1451 1156 1501 tecta
1187 1443 1313 1500 hostium
1343 1440 1494 1515 sataquein

404 1547 438 1604 12
452 1548 543 1604 aciem
564 1547 670 1604 invitos
697 1547 840 1617 extraxit,
870 1556 899 1605 et
926 1549 968 1606 ita
989 1549 1092 1625 proelio
1113 1569 1170 1607 nno
1198 1549 1305 1606 accidit
1325 1545 1494 1604 Ves'tinomn

451 1670 513 1724 res,
546 1653 773 1727 haudquaquam
806 1662 905 1710 tamen
931 1654 1081 1714 incruento
1118 1654 1206 1712 milite
1234 1673 1306 1725 suo,
1339 1662 1372 1710 ut
1398 1671 1451 1709 non
1474 1651 1495 1706 in

452 1767 549 1816 castra
569 1757 662 1826 solum
682 1755 849 1832 refugerent
869 1759 981 1830 hostes,
1012 1761 1063 1844 sed
1084 1762 1143 1818 iarn
1170 1779 1207 1817 ne
1235 1760 1315 1817 vallo
1341 1760 1451 1835 quidem
1470 1774 1496 1811 ac

431 1850 435 1857 ’
452 1863 539 1921 fossis
559 1861 626 1919 freti
646 1862 842 1920 dilaberentur
862 1864 892 1920 in
912 1866 1029 1941 oppida,
1050 1868 1107 1924 situ
1128 1867 1243 1924 urbium
1260 1865 1456 1938 moenibusque
1474 1881 1497 1916 se

405 1974 440 2032 13
454 1967 608 2028 defensuri.
654 1968 808 2025 Postremo
841 1970 950 2045 oppida
979 1990 1095 2047 quoque
1126 1973 1156 2030 vi
1184 1989 1355 2047 expugnare
1386 1970 1497 2027 adortus.

452 2075 547 2150 primo
569 2072 704 2131 Cutinam
727 2072 836 2147 ingenti
858 2077 962 2134 ardore
987 2079 1108 2136 militum
1131 2097 1150 2136 a
1171 2079 1324 2135 vulnerum
1348 2076 1407 2148 ira,
1434 2073 1496 2148 quod

453 2180 531 2236 haud
555 2179 617 2237 iore
648 2178 801 2253 quisquam
828 2181 941 2258 integer
971 2185 1073 2259 proelio
1102 2191 1284 2253 excesserat,
1317 2182 1404 2238 scalis
1429 2179 1497 2254 cepit.

406 2296 441 2350 14
454 2286 557 2343 deiude
587 2283 750 2360 Cingiliam.
803 2287 963 2363 Utriusque
989 2290 1068 2347 urbis
1097 2291 1225 2365 praedam
1253 2287 1407 2356 militibus,
1436 2283 1498 2358 quod

454 2411 504 2450 eos
525 2409 619 2466 neque
640 2401 732 2466 portae
755 2410 809 2449 nec
829 2395 904 2450 muri
925 2396 1051 2452 hostium
1073 2405 1236 2466 arcuerunt,
1258 2395 1410 2453 concessit.

360 2500 406 2570 30
513 2499 572 2555 r1n
594 2496 745 2556 Samnium
766 2498 883 2556 incertis
905 2501 977 2558 itum
1000 2501 1134 2576 auspiciis
1156 2509 1212 2571 est3
1242 2501 1323 2558 cuius
1351 2501 1394 2558 rei
1414 2499 1518 2562 vitium¹

453 2623 512 2660 nou
532 2604 562 2660 iu
583 2604 651 2662 belli
673 2611 815 2674 eventum,
838 2604 916 2678 quod
937 2625 1076 2683 prospere
1089 2617 1203 2682 gestum
1218 2616 1272 2676 est,
1296 2607 1392 2664 sedin
1406 2605 1500 2662 rabien

424 2718 543 2784 2atqne
573 2709 632 2766 iras
661 2709 870 2785 imperatomm
898 2713 993 2769 vertit.
1057 2713 1195 2787 Namque
1222 2710 1363 2787 Papirius
1393 2711 1501 2767 dictator

455 2835 474 2873 a
496 2815 620 2890 pullario
650 2814 776 2872 monitus
807 2834 895 2890 quum
925 2817 962 2874 ad
992 2819 1150 2894 auspicium
1178 2817 1369 2892 repetendum
1391 2817 1500 2873 Roman

453 2922 698 2996 proficisceretur,
730 2921 872 2996 magistro
900 2924 1026 2998 equitum
1061 2923 1257 2993 denuntiavit,
1288 2932 1322 2978 ut
1357 2939 1420 2978 sese
1449 2921 1499 2976 loco

454 3035 565 3084 teneret
611 3044 667 3082 neu
709 3026 828 3084 absente
876 3045 908 3084 ae
956 3048 1022 3086 cum
1062 3031 1146 3087 hoste
1188 3047 1306 3085 manum
1345 3036 1500 3085 consereret.

424 3132 490 3206 aQ.
513 3132 623 3190 Fabius
646 3150 734 3206 quum
755 3141 822 3208 post
842 3133 1050 3208 profectionem
1073 3133 1222 3192 dictatoris
1243 3152 1297 3209 per
1317 3133 1499 3208 exploratore

455 3238 660 3312 comperisset,
697 3238 817 3312 perinde
849 3241 949 3298 omnia
975 3241 1070 3298 soluta
1099 3242 1177 3316 apud
1202 3241 1303 3298 hostes
1324 3258 1400 3308 esse,
1430 3255 1460 3294 ac
1482 3233 1516 3289 si*

425 3352 541 3405 tremo
562 3344 711 3401 Romanus
731 3343 761 3400 iu
785 3344 905 3403 Samnio
928 3356 1018 3418 esset,
1049 3365 1100 3404 seu
1120 3346 1206 3404 ferox
1226 3345 1397 3403 adolescens
1423 3341 1499 3413 iudig-

456 3448 546 3506 nitate
577 3466 728 3519 accensus,
761 3451 839 3525 quod
861 3450 959 3508 omnia
979 3451 1009 3508 in
1030 3452 1173 3510 dictatore
1193 3452 1362 3509 viderentur
1391 3446 1499 3525 reposita

457 3571 535 3623 esse,
563 3571 615 3610 seu
636 3555 788 3613 occasione
813 3557 887 3613 bene
914 3557 1046 3630 gerenda
1075 3558 1117 3615 rei
1140 3557 1290 3627 inductus,
1324 3556 1450 3613 exercitu
1467 3553 1515 3607 iu·=

457 3666 566 3715 structo
587 3668 749 3735 paratoque
769 3661 917 3737 proiectus
942 3663 979 3719 ad
1000 3663 1171 3722 Imbrinium
1201 3663 1256 3731 (ita
1276 3671 1387 3719 vocant
1408 3658 1497 3719 locunt

428 3764 520 3828 secie
541 3782 606 3821 cum
628 3765 806 3825 Samnitibus
832 3766 969 3826 conflixit.
1030 3769 1078 3826 Ea
1105 3767 1224 3827 fortuna
1249 3786 1355 3844 pugnae
1384 3768 1451 3838 fuit,
1477 3773 1497 3820 ut

458 3871 528 3928 nibil
548 3871 678 3928 relictum
700 3872 753 3944 sit,
784 3891 857 3946 quo,
890 3873 915 3929 si
936 3871 1067 3932 affuisset
1096 3875 1235 3946 dictator,
1264 3893 1310 3931 res
1332 3875 1435 3932 melius
1453 3869 1496 3947 gen'

428 3978 601 4054 epotuerit3
622 3997 681 4037 non
702 3980 763 4035 dux
780 3979 872 4049 militi,
894 3998 952 4036 non
974 3979 1055 4036 miles
1076 3980 1142 4038 duci
1164 3980 1263 4041 defuit.
1305 3980 1407 4056 Eques
1422 3979 1498 4044 etiam

459 4095 577 4143 auctore
610 4086 644 4145 L.
669 4083 802 4142 Cominio
827 4083 945 4143 tribuno
977 4085 1115 4156 militum,
1155 4085 1204 4160 qui
1230 4085 1384 4160 aliquoties
1409 4086 1496 4158 impetn

437 4201 543 4266 ‘capto
564 4210 751 4266 perrumpere
771 4210 831 4248 non
852 4201 968 4266 poterat
988 4191 1114 4248 hostium
1137 4209 1249 4266 agmen,
1271 4191 1399 4248 detraxit
1420 4189 1497 4247 inerti

458 4297 539 4370 equis
570 4306 658 4372 atque
686 4297 728 4354 ita
755 4298 915 4354 concitatos
944 4297 1104 4355 calcaribus
1131 4297 1277 4373 permisit,
1309 4307 1342 4353 ut
1379 4295 1496 4354 sustinet
