3392 5084
596 454 676 504 arser
693 454 727 505 x.
763 451 873 518 (acu.
888 457 980 518 essu·
1210 457 1269 514 aar
1355 449 1363 456 '

231 640 384 710 vovisset,
407 638 444 696 ad
466 645 563 696 castra
585 637 758 697 Samnitium
780 639 924 713 perrexit,
947 655 1005 712 quo
1036 636 1190 696 multitudo
1218 637 1313 695 omnis

233 753 433 804 consternata
455 717 608 819 agebatur.
652 742 803 818 Sub'jpao
825 742 915 813 vasso,
946 743 1015 818 quia
1044 751 1157 799 tentam
1185 742 1365 804 multitu-15

236 851 343 910 dinem
364 858 456 926 porta
480 866 539 906 non
560 865 710 923 recepere,
733 855 846 906 tentata
867 849 905 906 ab
928 848 1052 906 exclusis
1078 849 1166 925 turba
1193 865 1314 906 suorum

236 932 346 1032 pugne
369 963 429 1024 aa
451 953 491 1012 su
512 953 625 1013 ceruus
647 952 800 1027 ugnauus,
821 951 1175 1028 imperator-Samnitium,
1197 952 1313 1022 cassia
1329 960 1366 1015 1o

237 1059 405 1135 compulsi·
421 1058 524 1116 deinde
551 1059 627 1116 intra
660 1057 769 1116 vallum
799 1057 946 1117 Samnites
977 1076 1129 1132 parvoque
1156 1057 1316 1116 certamina

237 1176 335 1242 capte
359 1174 464 1234 casua,
491 1172 520 1220 et
542 1163 623 1222 Galli
652 1165 691 1221 ab
720 1172 802 1239 tergo
834 1162 1032 1223 circumventi.
1087 1161 1172 1220 Caesa
1201 1180 1237 1220 eo
1267 1161 1365 1225 die17

237 1270 374 1329 hostium
408 1268 511 1344 viginti
547 1269 674 1342 quinqua
706 1268 811 1341 millia,
847 1277 915 1326 octo
947 1277 1047 1344 capta3
1078 1287 1133 1325 neo
1164 1268 1315 1326 incruenta

238 1376 372 1433 victoria
392 1374 463 1441 iuit3
491 1392 560 1430 nam
592 1391 628 1430 ex
650 1375 686 1436 P.
708 1372 794 1430 Decii
823 1375 953 1433 exercitu
983 1392 1060 1432 casa
1080 1384 1191 1450 septem
1213 1372 1313 1443 millia,
1331 1379 1367 1436 18

240 1499 285 1538 ex
307 1479 395 1538 Fabii
418 1479 495 1537 mille
516 1477 700 1553 septingenti.
750 1477 878 1549 Fabius,
907 1479 1034 1537 dimissis
1060 1478 1099 1536 ad
1127 1480 1313 1554 quaerendum
1366 1479 1373 1486 ’

241 1586 369 1661 collegae
391 1602 506 1662 corpus,
526 1583 622 1659 spolia
643 1582 770 1640 hostium
792 1585 925 1643 coniecta
944 1585 975 1641 in
997 1603 1135 1642 acervum
1155 1583 1223 1642 Iovi
1244 1584 1314 1641 Vic-

239 1691 305 1749 tori
326 1690 477 1750 cremavit.
520 1687 655 1746 Consulis
677 1705 783 1763 corpus
804 1706 839 1745 eo
861 1690 922 1759 die,
956 1691 1025 1764 quia
1052 1673 1189 1750 obrutum
1211 1694 1366 1765 super-19

241 1796 347 1854 stratis
370 1795 523 1855 Gallorum
546 1792 667 1850 cumulis
682 1802 754 1864 erat
775 1794 899 1851 inveniri
920 1813 979 1852 non
992 1795 1103 1871 potuit3
1124 1805 1244 1871 postero
1267 1793 1315 1851 die

240 1902 397 1958 inventum
418 1899 599 1973 relatumque
621 1907 666 1954 est
687 1916 751 1955 cum
775 1897 873 1956 multis
895 1899 1017 1956 militum
1038 1900 1175 1960 lacrimis.
1221 1901 1367 1959 Inter-20

241 2006 337 2064 missu
357 2006 425 2062 inde
446 2004 576 2062 omnium
591 2002 713 2060 aliarum
734 2021 831 2061 rernm
854 2022 934 2077 cura,
955 2005 1067 2063 Fabius
1088 2006 1208 2081 collega
1227 2003 1315 2062 funus

243 2110 328 2168 omni
349 2112 461 2166 honore
481 2108 675 2182 laudibusque
698 2108 808 2165 meritis
830 2107 966 2169 celebrat.

332 2215 372 2272 Et
385 2215 415 2270 in
426 2214 546 2271 Etruria
559 2231 612 2289 per
627 2213 743 2270 eosdem
759 2212 821 2269 dios
835 2213 875 2269 ab
886 2212 941 2273 Cn.
953 2213 1060 2272 Fulvio
1074 2223 1253 2289 propraetore
1265 2231 1313 2270 res
1361 2209 1411 2278 30

243 2339 285 2376 ex
309 2319 451 2376 sententia
473 2325 566 2393 gesta,
590 2325 619 2372 et
639 2325 744 2392 prater
764 2317 910 2392 ingentem
938 2318 1050 2374 illatam
1076 2318 1314 2393 populationibus

246 2443 389 2498 agrorum
410 2423 488 2480 hosti
511 2421 623 2480 cladem
646 2431 806 2496 pugnatum
829 2423 916 2478 etiam
940 2422 1056 2497 egregia
1077 2431 1136 2493 est,
1158 2422 1347 2480 Perusino-2

244 2546 374 2602 rumque
395 2533 423 2584 et
445 2526 628 2586 Clusinorum
651 2543 727 2583 eaesa
751 2527 875 2601 amplius
902 2526 993 2584 millia
1010 2527 1068 2585 tria
1087 2535 1117 2584 et
1137 2528 1222 2602 signa
1244 2525 1317 2584 mili·

247 2633 329 2690 taria
351 2633 389 2689 ad
410 2632 512 2708 viginti
535 2641 631 2707 capta.
676 2630 849 2689 Samnitium
868 2649 972 2706 agmen
989 2649 1078 2706 quum
1094 2651 1148 2707 per
1162 2631 1315 2706 Pelignnm
1331 2637 1348 2692 3

248 2755 356 2814 agrum
392 2737 521 2811 fugeret,
556 2737 783 2794 circumventum
816 2754 835 2792 a
867 2735 997 2810 Pelignis
1028 2745 1087 2805 est;
1123 2754 1161 2793 ex
1192 2735 1318 2793 millibus

250 2841 381 2917 quinque
403 2841 441 2897 ad
463 2841 540 2898 millo
561 2842 637 2899 caesi.

336 2947 449 3020 Magna
480 2945 541 3002 eius
564 2945 635 3014 diei,
664 2963 722 3019 quo
743 2945 774 3002 in
796 2944 939 3004 Sentinati
965 2965 1038 3021 agro
1059 2946 1214 3016 bellatum,
1237 2944 1350 3004 famul

249 3058 306 3120 est,
328 3050 416 3107 aiam
437 3068 509 3107 vero
532 3050 633 3118 stanti3
652 3050 704 3106 sod
726 3049 907 3125 superiecere
926 3052 1044 3126 quidam
1067 3052 1202 3126 augendo
1223 3051 1350 3120 fidem‚5

252 3154 304 3228 qui
325 3155 356 3210 in
379 3155 505 3212 hostium
529 3155 656 3211 exercitu
677 3155 805 3229 peditum
822 3156 917 3214 decies
933 3165 1054 3214 centana
1069 3155 1318 3229 millia'equitum

250 3279 307 3318 sex
328 3267 357 3316 et
377 3258 572 3332 quadraginta
598 3257 703 3325 millia,
733 3259 811 3316 mille
832 3270 1036 3342 carpentorum
1057 3261 1200 3336 scripsere
1221 3258 1320 3328 fuisso,

251 3347 362 3422 scilicet
377 3382 441 3420 cum
457 3363 576 3422 Umbris
592 3363 763 3437 Tuscisqua
786 3381 861 3437 quoa
876 3373 905 3421 et
924 3366 1005 3440 ipsos
1019 3383 1124 3439 pugnae
1139 3363 1270 3433 affuisse3
1292 3371 1320 3420 et
1334 3372 1351 3424 e

252 3481 287 3527 ut
311 3471 510 3527 Romanorum
538 3487 655 3543 quoque
680 3477 819 3542 augerent
840 3469 958 3544 copias,
990 3471 1025 3528 L.
1048 3469 1238 3552 Volumnium
1266 3486 1320 3542 pro

253 3573 373 3632 consule
387 3573 489 3629 ducem
505 3572 671 3630 consulibus
685 3573 902 3647 exercitumque
917 3575 978 3631 eius
992 3575 1154 3650 legionibus
1169 3573 1321 3632 consulum

254 3679 404 3740 adiiciunt.
447 3678 483 3734 ln
497 3677 628 3752 pluribus
650 3677 803 3735 annalibus
825 3679 948 3735 duorum
972 3697 1009 3736 ea
1029 3681 1179 3737 consulum
1200 3677 1350 3754 propria?

253 3784 379 3842 victoria
401 3791 452 3851 ast,
474 3780 648 3838 Volumnius
667 3781 697 3837 in
719 3782 839 3842 Samnio
854 3784 968 3842 interim
983 3801 1031 3840 res
1044 3784 1119 3858 gerit
1132 3783 1322 3844 Samnitium·

255 3907 313 3963 que
335 3887 492 3945 exercitum
516 3885 546 3942 in
570 3884 721 3944 Tifernum
745 3899 873 3946 mont-em
896 3887 1092 3964 compulsum,
1118 3907 1178 3945 non
1200 3887 1321 3946 deterri-

253 4002 302 4050 tus
323 3991 475 4066 iniquitate
495 3989 561 4060 loci,
585 3989 680 4047 fundit
700 3990 851 4067 fugatque.

341 4096 377 4168 Q.
388 4095 508 4165 Fabius,
521 4094 653 4152 Deciano
668 4097 795 4154 exercitu
811 4097 912 4154 relicto
926 4097 956 4154 in
970 4098 1095 4155 Etruria
1104 4095 1249 4172 presidio,
1260 4095 1321 4152 suis
1336 4095 1354 4152 8

255 4200 420 4276 legionibus
442 4199 572 4258 deductis
597 4198 635 4257 ad
652 4202 763 4271 urbem,
793 4203 829 4258 do
852 4201 947 4261 Gallis
969 4201 1159 4276 Etruscisque
1179 4219 1215 4258 ao
1236 4199 1323 4259 Sam·
