3392 5084
533 490 609 539 Liber
626 489 676 541 VI.
712 489 757 554 (A.
772 487 821 539 Ch.
835 487 908 553 ³80.)
1165 493 1201 548 31

201 685 318 745 naturoa,
340 685 372 734 ut
393 678 494 734 Romae
515 674 708 751 pugnaverint
730 675 760 733 in
782 675 940 750 repetenda
952 674 1058 749 patria,
1079 682 1112 731 ut
1131 682 1247 750 pestere

203 781 241 838 die
260 781 297 837 ad
322 780 446 851 Gabios,
467 790 534 840 tuno
556 800 644 857 quum
665 778 820 850 effecerint,
842 799 878 838 ue
900 781 966 855 quis
986 780 1086 851 hostis,
1109 779 1158 856 qui
1177 800 1248 838 rnoe·

201 888 242 943 uia
269 889 405 945 Romana
430 886 578 955 intrasset,
601 888 731 945 nuntium
760 887 893 945 secundae
913 888 1100 962 adversaeque
1126 885 1249 944 fortuna

203 996 307 1051 domum
330 992 482 1069 perferret.

271 1098 330 1155 His
362 1099 496 1174 utrinque
524 1098 626 1155 animis
656 1098 696 1154 ad
726 1097 825 1155 Aliam
854 1108 970 1156 ventum
1007 1107 1060 1159 est.
1116 1098 1250 1157 Dictator
1296 1083 1341 1152 29

202 1208 360 1273 Romanus,
390 1214 546 1279 postquem
567 1195 773 1279 in‘oonspectu
801 1205 899 1262 hostes
931 1214 1015 1263 erant
1043 1204 1174 1262 instructi
1206 1206 1250 1262 in·

204 1313 331 1387 tentique,
369 1310 516 1380 ,Videsne
536 1313 586 1365 tu⁴⁴
620 1308 721 1383 inquit,
762 1311 820 1379 „A.
838 1310 1017 1386 ·Semproni,
1049 1311 1106 1368 loci
1133 1310 1249 1369 fortuna

203 1419 257 1475 illos
277 1418 373 1476 fretos
394 1416 433 1473 ad
451 1414 549 1473 Aliam
570 1414 752 1472 constitisse?
778 1435 830 1473 nee
853 1415 909 1472 illis
930 1415 971 1472 dii
990 1415 1168 1474 immortales
1190 1435 1250 1474 cer·

203 1526 273 1581 tioria
295 1524 456 1599 quiequam
477 1519 597 1589 fiducia,
619 1520 774 1579 maiorisve
801 1521 879 1596 quod
907 1520 946 1579 sit
968 1522 1083 1592 aoxffli,
1112 1522 1250 1584 dederint.

204 1634 237 1687 At
256 1640 295 1700 tu,
318 1629 413 1687 fretus
435 1625 523 1683 ermis
545 1625 713 1700 animisque,
738 1625 888 1685 concitatis
908 1627 990 1701 equis
1010 1627 1251 1686 invedemediom
1263 1629 1287 1685 2-

205 1737 301 1807 aciem3
326 1752 383 1808 ego
406 1750 470 1789 cum
490 1730 651 1805 legionibus
673 1731 702 1787 in
724 1733 856 1790 turbatos
875 1733 1110 1809 trepidantesque
1130 1733 1251 1792 inferam

204 1843 285 1917 signa.
330 1840 455 1909 Adeste,
477 1836 516 1893 dii
538 1843 625 1893 testes
646 1813 779 1906 frederis,
808 1848 837 1895 at
857 1839 985 1915 expetita
1012 1857 1114 1916 prauus
1141 1839 1252 1897 debitas

206 1947 278 2004 simul
300 1944 390 2003 vobis
420 1942 534 2001 violatis
563 1940 705 2015 nobisque
734 1960 787 2016 per
818 1951 944 2015 vestrum
977 1962 1084 2001 numen
1116 1945 1252 2020 deceptis.

205 2054 263 2109 Non
298 2051 446 2127 equitem,
478 2066 537 2104 non
569 2046 693 2121 peditem
723 2046 883 2105 sustinuere
915 2050 1094 2110 Praenestini.
1152 2051 1282 2109 Piim03

205 2158 302 2233 impetu
335 2175 374 2214 eo
407 2156 533 2211 elamore
577 2150 706 2227 dissipati
740 2153 854 2211 ordines
887 2164 968 2224 suut3
1001 2156 1067 2213 dein
1095 2164 1253 2233 postquem

206 2263 273 2319 nullo
305 2263 376 2319 loco
413 2261 565 2319 constabat
599 2258 685 2327 acies,
717 2268 799 2334 terga
819 2270 944 2341 vertum,
965 2242 1197 2337 consternatique
1225 2271 1254 2319 et

208 2379 300 2441 preter
323 2376 424 2425 castra
446 2366 531 2423 etiem
553 2380 607 2420 sue
627 2383 736 2439 pavore
754 2366 867 2441 praelati
887 2384 946 2423 non
967 2367 1047 2442 priua
1068 2386 1100 2425 se
1121 2368 1159 2425 ab
1182 2366 1254 2425 effu·

208 2490 233 2529 so
253 2494 339 2531 eursu
363 2474 483 2543 sistunt,
510 2488 597 2545 quem
618 2469 649 2525 in
669 2478 823 2545 conspeetu
845 2472 994 2529 Praeneste
1026 2472 1089 2531 trit.
1123 2474 1186 2532 *Ibi
1217 2479 1285 2533 ext

209 2577 268 2653 fuga
288 2579 434 2654 dissipata
454 2578 565 2647 locum,
594 2576 895 2649 quemeumultunto
921 2597 1010 2655 opere
1037 2581 1254 2651 communirent,

211 2684 324 2759 copiunt,
348 2704 396 2753 ne,
418 2685 442 2742 si
465 2684 541 2741 iutra
562 2682 668 2739 mmnia
690 2700 721 2739 se
740 2683 929 2758 recepissent,
959 2686 1104 2762 extemplo
1125 2694 1256 2743 ureretur

214 2808 272 2864 ager
300 2790 543 2866 depopulatisque
578 2787 723 2845 omnibus·
738 2788 851 2847 obsidio
883 2790 948 2847 urbi
977 2789 1140 2849 inferretur.
1197 2790 1285 2851 Sed5

212 2907 366 2971 postquam,
389 2895 507 2971 direptis
533 2894 572 2952 ad
595 2893 692 2951 Aliam
719 2894 830 2964 eastris,
859 2894 953 2953 victor
972 2896 1122 2954 Romanus
1147 2896 1258 2967 ederet,

213 3001 235 3056 id
253 3020 371 3077 quoque
392 2999 596 3056 munimentum
618 3000 763 3071 relietum,
792 3010 821 3057 et
840 3001 892 3058 vix
913 3002 1019 3059 moenia
1040 3011 1103 3059 tuta
1127 3002 1185 3059 rati
1205 3020 1258 3077 op-

215 3106 270 3177 pido
291 3126 323 3165 se
344 3108 494 3165 Praeneste
514 3104 671 3162 includunt.
713 3102 788 3162 Octo
810 3115 951 3181 praeterea
972 3108 1082 3183 oppida
1102 3116 1184 3165 erant
1204 3108 1288 3167 subd

215 3211 313 3270 dicione
334 3212 597 3285 Praenestinorum
629 3210 668 3266 ad
689 3228 725 3268 ea
745 3211 943 3270 circumlatum
964 3214 1080 3283 bellum,
1111 3212 1258 3286 deinceps-

218 3336 263 3390 que
280 3321 361 3379 haud
382 3337 490 3394 magno
514 3314 670 3376 certamine
691 3316 792 3392 ceptis,
816 3317 945 3375 Velitras
974 3319 1117 3377 exercitus
1146 3317 1257 3377 duona.

218 3421 260 3481 Ee
274 3427 391 3501 quoque
405 3432 584 3501 expugnatae.
620 3423 697 3480 Tum
713 3423 751 3479 ad
773 3432 861 3498 ceput
881 3424 949 3483 belli
962 3426 1110 3482 Praeneste
1130 3431 1258 3483 ventum.
1272 3429 1288 3482 7

217 3527 244 3583 Id
262 3550 317 3587 non
339 3532 387 3602 vi,
408 3531 459 3587 sed
486 3550 539 3606 per
559 3526 733 3587 deditionem
763 3537 909 3603 receptum
931 3540 985 3591 est.
1040 3530 1078 3589 Τ.
1099 3528 1290 3603 Quinetiuqa

219 3636 293 3693 semel
315 3637 380 3695 acie
413 3636 520 3706 victor,
551 3617 633 3693 binis
659 3633 761 3691 castris
793 3635 929 3706 hostium,
960 3654 1065 3694 novem
1097 3633 1209 3710 oppidis
1229 3633 1261 3690 vi
1342 3638 1345 3645 '

219 3742 306 3814 captia,
327 3744 476 3800 Praeneste
496 3739 526 3796 in
549 3738 722 3797 deditionem
744 3749 878 3815 accepto,
899 3742 1023 3800 Romam
1045 3740 1178 3810 revertit,
1206 3739 1260 3797 tui-

221 3847 406 3922 umphansque
432 3844 543 3919 signum
565 3845 711 3903 Praeneste
742 3845 893 3904 devectum
913 3847 994 3904 Iovis
1023 3846 1205 3923 imperatoris
1231 3847 1262 3904 in

204 3945 382 4025 ¹Capitolium
404 3950 478 4007 tulit.
524 3948 699 4009 Dedicatum
719 3958 763 4007 est
781 3951 858 4009 inter
878 3952 980 4009 cellam
996 3953 1077 4010 Iovis
1098 3970 1132 4011 ao
1154 3952 1292 4020 Miner-9
1326 3960 1329 3968 '

204 4058 269 4125 Qvo,
290 4058 446 4133 tabulaque
460 4056 513 4113 sub
535 4074 570 4113 eo
589 4056 659 4127 fixe,
680 4052 896 4115 monumentum
918 4077 1015 4115 rerum
1035 4066 1196 4133 gestarum,
1216 4058 1263 4116 his

205 4154 301 4219 *ferme
319 4164 410 4223 incise
431 4164 531 4223 litteris
558 4162 625 4223 fuit:
648 4161 798 4239 ,Iuppiter
818 4173 907 4240 atque
927 4163 987 4222 divi
1008 4182 1107 4222 omues
1126 4165 1183 4221 hoc
1210 4163 1262 4221 de-

1095 4394 1102 4433 t
