3392 5084
655 530 734 580 Liber
756 529 778 579 1.
1162 534 1200 590 25

207 725 319 789 mens.
363 716 454 773 Pater
476 721 609 789 penetus
636 715 673 771 ad
694 715 894 773 iusiurandum
915 716 1106 791 patrandum,
1133 717 1162 773 id
1191 728 1243 785 est,

208 821 372 877 senciendum
394 821 428 877 fit
447 818 566 889 foedus;
586 820 742 894 multisque
761 821 793 877 id
814 821 928 891 verbis,
956 840 1020 896 qua
1046 822 1134 899 longo
1154 822 1243 882 effato

208 928 315 984 carmine
337 946 396 984 non
417 944 514 1002 opere
540 936 584 983 est
603 925 725 998 referre,
746 927 870 1003 peregit.
919 926 1045 1002 Legibus
1071 930 1173 987 deinde
1197 938 1272 991 re·7

209 1034 300 1103 citetis,
332 1031 450 1098 „Andr
474 1031 580 1106 inquit,
604 1032 768 1108 „Iuppiter3
792 1031 877 1103 audi,
898 1040 983 1108 pater
1003 1042 1117 1109 patrate
1142 1036 1242 1112 populi

208 1140 313 1209 Albani3
334 1137 403 1196 audi
422 1147 470 1208 tu,
499 1138 624 1214 populus
646 1139 791 1198 Albanus.
824 1140 868 1199 Ut
888 1137 938 1195 illc
958 1139 1056 1215 pelam
1071 1140 1165 1216 prima
1189 1160 1242 1217 po·

206 1251 297 1301 enema
316 1262 352 1301 ex
372 1243 429 1301 illis
449 1243 556 1300 tabulis
576 1261 681 1301 cerere
702 1245 824 1303 recitate
845 1244 1064 1303 suntsinedolo
1079 1247 1166 1311 melo,
1188 1248 1242 1305 uti·

208 1368 252 1423 que
270 1369 301 1407 ee
320 1350 367 1408 hic
387 1347 475 1407 hodie
494 1349 652 1407 rectissime
673 1350 819 1407 intellecta
840 1359 919 1421 sunt,
940 1350 996 1409 illis
1017 1351 1128 1428 legibus
1149 1370 1242 1428 popu-

208 1455 392 1513 lusRomanus
412 1456 494 1531 prior
514 1475 573 1513 nou
595 1456 716 1515 deficiet.
747 1456 780 1515 Si
801 1456 883 1531 prior
904 1454 1013 1514 defexit
1033 1457 1149 1533 publico
1171 1462 1273 1518 con-8

208 1560 257 1617 silio
276 1562 341 1618 dolo
364 1562 452 1632 melo,
473 1570 534 1619 tum
548 1562 596 1619 ille
614 1563 684 1632 dies,
707 1562 848 1638 Iuppiter,
870 1562 1008 1638 populum
1021 1565 1184 1621 Romanum
1202 1565 1243 1621 sir

208 1666 284 1738 ferito,
304 1678 336 1724 ut
355 1685 411 1742 ego
431 1668 509 1725 hunc
529 1685 649 1742 porcum
670 1669 718 1726 hic
740 1668 828 1725 hodie
849 1666 966 1739 ierium3
987 1679 1127 1745 tantoque
1149 1671 1242 1745 magis

207 1772 283 1842 ferito,
303 1783 412 1848 quanto
433 1773 527 1849 magis
548 1782 631 1848 potes
655 1774 835 1849 pellesque.“
880 1774 916 1831 Id
937 1775 986 1833 ubi
1008 1775 1095 1845 dixit,
1121 1780 1273 1851 porcum9

207 1897 266 1935 suro
291 1880 368 1936 silice
397 1880 549 1955 percussit.
608 1879 670 1939 Sue
700 1880 769 1937 item
802 1879 932 1935 carmine
961 1879 1070 1937 Albani
1103 1898 1243 1956 suumque
1273 1902 1276 1910 ’

208 1985 383 2042 iusiurandum
414 2005 468 2061 per
499 2004 582 2043 suurn
618 1985 789 2043 dictatorem
818 2002 945 2060 suosque
972 1984 1136 2043 sacerdotes
1161 2005 1243 2062 pere·

209 2102 299 2163 gerunt

273 2196 401 2253 Foedere
426 2196 494 2267 icto,
517 2195 676 2271 trigemini,
698 2196 773 2253 sicut
793 2206 983 2265 convenerat,
1013 2216 1096 2253 srme
1117 2196 1241 2271 capiunt.
1295 2189 1338 2259 25

210 2302 286 2374 Quum
306 2302 350 2358 sui
374 2309 514 2375 utrosque
532 2301 775 2371 adhortarentur,
808 2303 878 2359 deos
900 2302 1029 2377 patrios,
1057 2302 1182 2377 petriam
1208 2320 1243 2358 ec

209 2417 330 2479 parentes,
352 2406 489 2481 quicquid
511 2406 615 2464 civium
644 2408 737 2477 domi,
767 2408 903 2483 quicquid
931 2409 960 2465 in
982 2409 1109 2466 exercitu
1130 2407 1181 2477 sit,
1208 2407 1242 2464 il-

209 2513 283 2570 lorum
309 2524 376 2571 tunc
405 2531 502 2582 armo,
530 2511 644 2570 illorum
670 2514 774 2572 intueri
802 2532 918 2584 manus,
950 2513 1060 2572 feroces
1087 2523 1116 2571 et
1141 2523 1243 2591 suopte

209 2619 305 2693 ingenio
325 2632 353 2677 et
380 2618 458 2694 pleni
481 2613 697 2675 adhortantium
719 2620 839 2677 vocibus
866 2621 896 2678 in
924 2620 1047 2677 medium
1075 2621 1150 2678 inter
1170 2621 1243 2677 duas

210 2724 269 2780 ecies
294 2726 461 2801 procedunt.
520 2722 720 2782 consederant
745 2727 881 2801 utrinque
908 2746 961 2801 pro
990 2726 1091 2783 cestris
1113 2727 1170 2783 duo
1193 2725 1272 2783 (ιι-2

212 2830 301 2900 ercitus,
322 2831 441 2906 periculi
463 2830 556 2905 magis
579 2819 729 2905 pinsentis
750 2850 836 2906 quem
861 2848 936 2889 curse
959 2842 1105 2906 expertem
1138 2832 1244 2907 quippe

212 2932 339 3007 inperium
367 2935 510 3010 agebatur
540 2934 576 2990 in
597 2944 657 2993 tem
689 2955 848 3011 paucorum
881 2937 987 2994 virtute
1014 2946 1101 3012 atque
1127 2937 1244 2995 fortune

212 3040 322 3109 positum.
372 3044 478 3116 Itaque
504 3058 574 3116 ergo
601 3041 689 3098 erecti
715 3042 907 3117 suspensique
933 3044 963 3099 in
992 3044 1107 3102 minime
1128 3053 1242 3119 gratum

214 3147 380 3215 petaculum
414 3148 512 3205 animo
538 3148 733 3205 intenduntur.
789 3148 887 3205 Detur
916 3150 1045 3225 signum,
1077 3147 1273 3222 infestisque3

214 3251 282 3307 onis
299 3254 375 3310 velut
397 3254 476 3311 ecies
494 3254 568 3311 terni
589 3254 707 3311 iuvenes
735 3270 906 3326 magnorum
931 3256 1107 3313 exercituum
1131 3254 1243 3311 animos

214 3366 319 3424 gerentes
340 3369 522 3417 concurrunt
554 3360 619 3416 Nec
639 3360 684 3417 his
704 3378 758 3416 nec
779 3358 836 3415 illis
858 3360 1017 3435 periculum
1035 3380 1127 3432 suum,
1149 3358 1244 3436 publi-

214 3475 262 3515 cum
288 3463 434 3539 imperium
465 3465 671 3538 servitiumque
697 3465 870 3523 obversetur
898 3466 994 3523 animo
1024 3465 1178 3541 futuraque
1208 3484 1244 3521 ea

214 3563 294 3623 deinde
312 3570 412 3644 patriae
432 3569 565 3641 fortune,
592 3588 680 3644 quem
702 3569 758 3645 ipsi
780 3570 925 3627 fecissent.
968 3572 1010 3630 Ut
1030 3572 1123 3648 primo
1145 3572 1272 3629 stetimt

216 3686 329 3732 concursu
349 3678 516 3752 increpuere
538 3694 620 3733 arma
647 3676 843 3751 micantesque
871 3676 977 3734 fulsere
1003 3677 1108 3753 gladii,
1139 3677 1243 3734 horror
1315 3686 1319 3694 “

215 3774 292 3851 ingens
311 3792 472 3857 spectantes
494 3781 674 3857 perstringit,
703 3792 732 3838 et
752 3791 855 3840 neutro
877 3781 1014 3839 inclinatu
1036 3801 1087 3859 spe
1109 3783 1244 3857 torpebat

216 3897 260 3938 vox
288 3888 465 3962 spiritusque.
508 3885 655 3944 Consertis
677 3887 781 3944 deinde
807 3889 955 3959 menibus,
986 3907 1073 3964 quum
1100 3888 1159 3944 iam
1185 3890 1273 3943 non5

217 3997 289 4047 motus
306 4003 413 4051 tuntum
437 4011 590 4067 corporum
612 3992 791 4068 agitatioque
814 4013 921 4070 ericepe
942 3995 1065 4051 telorum
1081 4010 1242 4051 armorum·

216 4108 265 4163 que,
282 4099 327 4155 sed
356 4100 478 4156 vulnere
505 4117 621 4172 quoque
650 4107 679 4155 et
705 4099 824 4174 sanguis
855 4099 1020 4187 spectaculo
1047 4108 1156 4167 essent,
1185 4096 1242 4153 duo

218 4197 316 4259 &neni
335 4222 421 4280 super
443 4204 529 4262 elium
551 4204 640 4273 eiius,
671 4204 828 4262 vulneratis
856 4207 948 4264 tribus
980 4204 1119 4267 Albanis,
1147 4201 1242 4276 exspi-

217 4314 292 4363 rute
302 4320 476 4369 corruerunt.
498 4310 682 4385 Aequorum
695 4328 795 4367 cesum
809 4329 897 4384 quum
914 4309 1122 4367 conclamasset
1135 4308 1243 4383 gaudio
1257 4305 1274 4359 t
