3392 5084
497 516 535 572 52
675 497 682 512 ⁸
776 513 855 564 Liber
873 513 934 567 vss.
973 513 1056 578 (Aac.
1070 527 1091 564 c.
1104 512 1179 576 set.)

453 699 546 756 cultro
568 698 729 756 succinctus
749 717 834 756 mene
854 699 884 756 in
906 699 1005 757 urbem
1028 709 1116 775 atque
1142 717 1160 756 e
1181 708 1268 774 porte
1295 700 1408 757 domum
1434 719 1491 758 cen·

453 805 548 862 festim
571 804 609 860 ed
630 804 671 861 M.
693 804 886 879 Pomponium
909 805 1053 863 tribunum
1075 805 1184 880 pergit;
1204 805 1330 876 ianitori,
1351 824 1422 880 opus
1441 824 1493 862 esse

453 910 509 967 sibi
526 910 643 968 domino
657 910 718 966 eins
732 921 874 968 convento
890 909 1044 986 extemplo,
1065 912 1120 980 eit;
1141 910 1295 981 nuntiaret,
1316 913 1354 969 T.
1366 912 1492 968 Manlium

423 1016 489 1072 tL.
507 1015 596 1073 filium
617 1033 690 1074 esse.
739 1016 813 1072 Mox
833 1016 1013 1073 introductus
1035 1016 1152 1092 (etenim
1173 1015 1314 1092 percitum
1336 1017 1381 1074 ire
1403 1017 1432 1076 in
1451 1036 1493 1091 pa·

453 1132 526 1180 trem
548 1141 615 1198 spes
642 1130 705 1178 erat
726 1131 777 1178 aut
798 1121 924 1180 criminis
951 1123 1059 1198 aliquid
1085 1123 1155 1180 nevi
1176 1131 1226 1178 eut
1247 1123 1361 1180 consilii
1389 1125 1494 1180 adrem

454 1229 597 1304 agendam
629 1226 762 1297 deferre),
793 1226 887 1284 salute
908 1239 1027 1303 accepta
1055 1229 1235 1303 redditaque,
1270 1247 1335 1285 esse
1358 1230 1414 1298 ait,
1443 1249 1495 1303 qua

423 1336 518 1392 5cnm
549 1354 584 1391 eo
613 1352 700 1409 agere
726 1334 842 1390 arbitris
870 1335 988 1392 remotis
1009 1300 1087 1391 delit.
1145 1334 1254 1392 Procul
1282 1335 1350 1392 inde
1378 1337 1495 1392 omnibns

453 1442 535 1499 abire
554 1441 654 1511 iussis,
675 1440 797 1497 cultmm
820 1441 936 1515 stringit
964 1451 992 1496 et
1020 1459 1107 1516 super
1137 1442 1241 1498 lectum
1264 1451 1348 1496 stains
1369 1440 1445 1499 ferre
1462 1443 1494 1497 in·

452 1557 546 1615 tento,
578 1547 632 1604 nisi
654 1548 683 1604 in
705 1565 770 1620 quae
789 1546 852 1621 ipse
882 1546 1063 1622 'concepisset
1091 1547 1181 1604 verba
1210 1547 1338 1615 iuraret,
1367 1566 1399 1604 se
1419 1547 1495 1623 petris

453 1654 513 1710 eius
535 1654 690 1710 accusandi
711 1671 800 1710 causa
820 1652 971 1710 concilium
993 1653 1085 1729 plebis
1109 1669 1255 1727 nunquam
1278 1653 1453 1721 habiturum,
1472 1672 1496 1710 se

422 1756 516 1816 (icum
533 1758 677 1834 extemplo
692 1761 896 1815 transfixurum
912 1760 1046 1817 minatur.
1091 1759 1220 1817 Pauidus
1238 1758 1384 1827 tribunus,
1406 1759 1496 1833 quippe

453 1865 501 1939 qni
516 1864 623 1922 ferrum
646 1875 713 1921 ante
735 1864 834 1922 oculos
855 1865 972 1935 micare,
993 1884 1024 1922 se
1038 1865 1141 1934 solum,
1162 1865 1311 1933 inermem,
1334 1865 1417 1922 illum
1437 1883 1496 1939 prae·

452 1971 579 2027 validum
597 1971 729 2028 iuvenem
752 1980 796 2041 et,
812 1972 890 2045 quod
912 1971 988 2028 baud
1012 1971 1104 2028 minus
1122 1971 1280 2028 timendum
1304 1981 1380 2041 erat,
1409 1970 1496 2028 stolide

450 2076 576 2133 ferocem
609 2077 719 2133 viribus
748 2077 808 2133 suis
837 2089 983 2146 cerneret,
1014 2075 1130 2132 adiuret
1157 2076 1186 2132 in
1216 2095 1281 2150 quae
1312 2077 1436 2135 ednotus
1463 2085 1496 2132 est

450 2184 549 2253 verba,
572 2192 601 2240 et
621 2200 734 2258 praese
755 2182 858 2239 deinde
880 2182 957 2245 tulit,
984 2201 1020 2238 ea
1040 2181 1070 2239 vi
1093 2182 1244 2239 subactum
1267 2202 1299 2240 se
1320 2183 1439 2259 incepto
1458 2182 1497 2238 de·

421 2290 566 2348 7stitisse.
611 2289 676 2346 Nec
700 2289 819 2364 perinde
841 2296 873 2343 ut
901 2286 1050 2345 maluisset
1078 2288 1191 2363 plebes,
1219 2288 1277 2344 sibi
1305 2287 1440 2364 suffragii
1465 2287 1497 2343 fe·

448 2396 530 2452 rendi
552 2395 589 2451 de
609 2395 669 2450 lain
688 2392 796 2450 crudeli
817 2402 846 2448 et
866 2394 991 2468 superbo
1012 2413 1062 2450 reo
1083 2404 1256 2468 potestatem
1275 2394 1351 2464 fieri,
1373 2395 1416 2452 ita
1435 2412 1497 2468 aegrt
1524 2449 1525 2454 ,

447 2502 559 2572 hebuit,
579 2501 669 2558 filium
689 2499 720 2556 id
734 2517 788 2574 pro
809 2509 929 2574 parente
944 2517 1060 2568 eusnm;
1083 2519 1174 2575 eoque
1188 2501 1218 2556 id
1239 2500 1419 2558 laudabilius
1439 2511 1498 2568 mat
1524 2473 1525 2482 ἵ

450 2606 528 2681 quod
550 2606 676 2663 animum
697 2606 758 2662 eins
780 2615 863 2662 tante
884 2605 1026 2662 acerbitas
1048 2604 1144 2680 patria
1159 2604 1231 2661 nihil
1251 2624 1270 2660 a
1292 2605 1406 2679 pietate
1426 2625 1498 2663 aver·

419 2707 538 2777 8tisset
584 2714 689 2787 Itaque
716 2731 775 2768 nun
797 2711 874 2785 patri
895 2711 981 2768 modo
1002 2710 1124 2767 remissa
1144 2727 1238 2766 causae
1260 2710 1351 2768 dictio
1374 2723 1431 2782 est,
1457 2709 1498 2768 sed
1522 2687 1523 2690 Ἴ

418 2814 504 2900 llipsi
525 2816 611 2872 etiam
634 2817 811 2876 adolescenti
830 2799 869 2873 ea
895 2834 941 2873 res
971 2815 1074 2872 honori
1096 2813 1163 2885 fuit,
1196 2825 1225 2873 et
1255 2835 1348 2890 quum
1377 2837 1412 2875 eo
1433 2835 1496 2873 annu

447 2922 571 2997 primum
593 2921 757 2997 placuisset,
779 2923 909 2980 tribunes
931 2921 1050 2978 militnm
1073 2921 1111 2977 ad
1131 2920 1260 2996 legiones
1281 2921 1427 2999 suffragio
1446 2919 1497 2979 fieri

449 3027 529 3104 (nam
552 3025 609 3105 [et]
627 3040 723 3099 antea,
744 3030 818 3086 sicut
838 3046 923 3098 nunc,
945 3045 1018 3102 quos
1032 3025 1155 3084 Rufulos
1176 3037 1294 3099 vocant,
1315 3028 1498 3104 imperatores

447 3134 504 3210 ipsi
534 3133 709 3211 faciebant),
739 3134 897 3192 secundum
929 3133 960 3190 in
992 3151 1044 3190 sex
1076 3132 1146 3190 locis
1166 3133 1279 3201 tenuit,
1309 3109 1399 3192 rlnllis
1430 3131 1492 3191 doni
1518 3169 1519 3172 =

447 3241 612 3316 militiaeque
644 3241 683 3298 ad
704 3240 913 3297 conciliandam
941 3239 1066 3314 gratiam
1094 3239 1215 3308 meritis,
1247 3247 1280 3296 ut
1311 3243 1364 3315 qni
1393 3247 1495 3299 tumet
1518 3233 1519 3241 ’

446 3348 548 3424 procul
568 3357 643 3405 coetn
665 3347 812 3403 bominum
833 3346 980 3402 iuventam
1001 3345 1114 3420 egisset.

529 3453 641 3510 Eodem
664 3471 756 3521 enno,
785 3470 837 3509 sen
867 3460 946 3508 motu
969 3460 1053 3508 terre
1079 3469 1130 3508 seu
1162 3469 1220 3524 que
1248 3451 1278 3508 vi
1306 3452 1377 3523 alia,
1411 3451 1491 3509 ferun

447 3559 573 3616 medium
597 3557 688 3616 ferme
709 3576 798 3633 specu
826 3568 911 3614 vasto
933 3556 1091 3632 collapsum
1121 3555 1151 3612 in
1177 3555 1351 3616 immensam
1379 3556 1490 3616 altitudi-

416 3672 511 3728 2nem
534 3665 651 3734 dicitur3
673 3683 767 3738 neque
788 3682 853 3720 sem
873 3663 1041 3738 voraginem
1063 3660 1193 3718 coniectu
1215 3671 1309 3734 terrae,
1341 3683 1429 3739 quum
1447 3679 1488 3736 pre

446 3789 478 3826 se
500 3770 621 3845 quisque
640 3781 762 3844 gereret,
792 3769 902 3844 expleri
929 3768 1066 3843 potuisse,
1095 3752 1263 3842 priu'squam
1284 3769 1371 3827 deum
1388 3769 1488 3828 monitu

416 3876 536 3950 3qnaeri
565 3888 706 3951 coeptum,
739 3893 797 3949 quo
826 3874 981 3950 plurimum
1009 3874 1133 3950 populns
1156 3875 1307 3933 Romanus
1326 3887 1440 3951 posset;
1464 3871 1487 3928 id

446 3984 520 4042 enim
542 3982 584 4039 illi
605 3982 670 4038 loco
692 3981 845 4038 dicandum
868 3989 950 4038 vates
972 3981 1124 4052 canebant,
1145 3980 1170 4037 si
1189 3999 1250 4038 rem
1272 3982 1418 4056 publicam
1437 3983 1487 4038 Ro·

446 4109 563 4148 manem
584 4097 754 4164 perpetuam
774 4106 838 4144 esse
859 4086 973 4144 vellent.
1022 4089 1098 4145 Tum
1126 4089 1170 4148 M.
1193 4086 1337 4156 Curtium,
1365 4088 1484 4146 invenem

446 4196 521 4253 bello
543 4194 704 4269 egregium,
738 4194 897 4269 castigasse
917 4191 1013 4250 ferunt
1034 4192 1211 4263 dubitantes,
1232 4213 1269 4250 an
1292 4192 1382 4252 ullum
1407 4190 1485 4266 magis
