<?xml version="1.0" encoding="UTF-8"?>
<!DOCTYPE html PUBLIC "-//W3C//DTD XHTML 1.0 Transitional//EN"
    "http://www.w3.org/TR/xhtml1/DTD/xhtml1-transitional.dtd">
<html xmlns="http://www.w3.org/1999/xhtml" xml:lang="en" lang="en">
 <head>
  <title>
</title>
<meta http-equiv="Content-Type" content="text/html;charset=utf-8" />
  <meta name='ocr-system' content='tesseract 3.04.00' />
  <meta name='ocr-capabilities' content='ocr_page ocr_carea ocr_par ocr_line ocrx_word'/>
</head>
<body>
  <div class='ocr_page' id='page_1' title='image "./titiliviihistor03ussigoog_0127.png"; bbox 0 0 3392 5084; ppageno 0'>
   <div class='ocr_carea' id='block_1_1' title="bbox 548 517 1219 584">
    <p class='ocr_par' dir='ltr' id='par_1_1' title="bbox 548 517 1219 584">
     <span class='ocr_line' id='line_1_1' title="bbox 548 517 1219 584; baseline 0.019 -14"><span class='ocrx_word' id='word_1_1' title='bbox 548 519 678 575; x_wconf 69' lang='lat' dir='ltr'>netem</span> <span class='ocrx_word' id='word_1_2' title='bbox 714 520 763 584; x_wconf 82' lang='grc' dir='ltr'>(Δ.</span> <span class='ocrx_word' id='word_1_3' title='bbox 777 517 914 584; x_wconf 62' lang='grc' dir='ltr'>(Μαι.)</span> <span class='ocrx_word' id='word_1_4' title='bbox 1181 525 1219 582; x_wconf 77' lang='grc'>89</span> 
     </span>
    </p>
   </div>
   <div class='ocr_carea' id='block_1_2' title="bbox 216 701 1359 3718">
    <p class='ocr_par' dir='ltr' id='par_1_2' title="bbox 216 701 1338 2772">
     <span class='ocr_line' id='line_1_2' title="bbox 218 701 1261 779; baseline 0.005 -20"><span class='ocrx_word' id='word_1_5' title='bbox 218 701 411 778; x_wconf 76' lang='lat' dir='ltr'>postulantibus</span> <span class='ocrx_word' id='word_1_6' title='bbox 431 701 486 773; x_wconf 82' lang='lat' dir='ltr'>iis,</span> <span class='ocrx_word' id='word_1_7' title='bbox 516 703 567 777; x_wconf 89' lang='lat' dir='ltr'>qui</span> <span class='ocrx_word' id='word_1_8' title='bbox 587 704 696 779; x_wconf 77' lang='lat' dir='ltr'>pulsati</span> <span class='ocrx_word' id='word_1_9' title='bbox 715 703 849 775; x_wconf 76' lang='lat' dir='ltr'>luerent,</span> <span class='ocrx_word' id='word_1_10' title='bbox 881 705 1054 764; x_wconf 81' lang='lat' dir='ltr'>desemente</span> <span class='ocrx_word' id='word_1_11' title='bbox 1080 703 1261 764; x_wconf 77' lang='lat' dir='ltr'>ferooissime</span> 
     </span>
     <span class='ocr_line' id='line_1_3' title="bbox 218 807 1307 886; baseline 0.001 -22"><span class='ocrx_word' id='word_1_12' title='bbox 218 824 320 881; x_wconf 83' lang='lat' dir='ltr'>quoque</span> <span class='ocrx_word' id='word_1_13' title='bbox 337 825 394 864; x_wconf 89' lang='lat' dir='ltr'>non</span> <span class='ocrx_word' id='word_1_14' title='bbox 413 808 564 871; x_wconf 73' lang='lat' dir='ltr'><strong>sententiis</strong></span> <span class='ocrx_word' id='word_1_15' title='bbox 584 810 679 886; x_wconf 76' lang='lat' dir='ltr'>magis</span> <span class='ocrx_word' id='word_1_16' title='bbox 698 828 787 885; x_wconf 83' lang='lat' dir='ltr'>quem</span> <span class='ocrx_word' id='word_1_17' title='bbox 809 809 937 868; x_wconf 72' lang='lat' dir='ltr'>elamore</span> <span class='ocrx_word' id='word_1_18' title='bbox 958 819 987 868; x_wconf 88' lang='lat' dir='ltr'>et</span> <span class='ocrx_word' id='word_1_19' title='bbox 1006 810 1137 886; x_wconf 78' lang='lat' dir='ltr'>strepitu.</span> <span class='ocrx_word' id='word_1_20' title='bbox 1180 811 1260 868; x_wconf 82' lang='lat' dir='ltr'>Ten·</span> <span class='ocrx_word' id='word_1_21' title='bbox 1274 807 1307 864; x_wconf 77' lang='grc' dir='ltr'>δ’</span> 
     </span>
     <span class='ocr_line' id='line_1_4' title="bbox 218 913 1261 990; baseline 0.005 -21"><span class='ocrx_word' id='word_1_22' title='bbox 218 913 272 969; x_wconf 88' lang='lat' dir='ltr'>dem</span> <span class='ocrx_word' id='word_1_23' title='bbox 294 930 378 988; x_wconf 90' lang='lat' dir='ltr'>quum</span> <span class='ocrx_word' id='word_1_24' title='bbox 400 913 452 970; x_wconf 80' lang='lat' dir='ltr'>irae</span> <span class='ocrx_word' id='word_1_25' title='bbox 479 914 667 986; x_wconf 71' lang='lat' dir='ltr'>resedissent,</span> <span class='ocrx_word' id='word_1_26' title='bbox 706 915 951 990; x_wconf 75' lang='lat' dir='ltr'>exprobrantibus</span> <span class='ocrx_word' id='word_1_27' title='bbox 971 915 1147 986; x_wconf 82' lang='lat' dir='ltr'>oonsulibus,</span> <span class='ocrx_word' id='word_1_28' title='bbox 1171 914 1261 974; x_wconf 88' lang='lat' dir='ltr'>nihile</span> 
     </span>
     <span class='ocr_line' id='line_1_5' title="bbox 217 1017 1262 1096; baseline 0.006 -24"><span class='ocrx_word' id='word_1_29' title='bbox 217 1017 270 1091; x_wconf 87' lang='lat' dir='ltr'>plus</span> <span class='ocrx_word' id='word_1_30' title='bbox 288 1018 417 1076; x_wconf 84' lang='lat' dir='ltr'>senitstis</span> <span class='ocrx_word' id='word_1_31' title='bbox 438 1019 469 1076; x_wconf 88' lang='lat' dir='ltr'>in</span> <span class='ocrx_word' id='word_1_32' title='bbox 491 1021 572 1078; x_wconf 84' lang='lat' dir='ltr'>euris</span> <span class='ocrx_word' id='word_1_33' title='bbox 593 1039 681 1096; x_wconf 86' lang='lat' dir='ltr'>quem</span> <span class='ocrx_word' id='word_1_34' title='bbox 702 1021 733 1078; x_wconf 89' lang='lat' dir='ltr'>iu</span> <span class='ocrx_word' id='word_1_35' title='bbox 753 1020 820 1079; x_wconf 81' lang='lat' dir='ltr'>foro</span> <span class='ocrx_word' id='word_1_36' title='bbox 841 1038 920 1092; x_wconf 78' lang='lat' dir='ltr'>esse,</span> <span class='ocrx_word' id='word_1_37' title='bbox 943 1021 1045 1078; x_wconf 87' lang='lat' dir='ltr'>ordine</span> <span class='ocrx_word' id='word_1_38' title='bbox 1064 1020 1176 1079; x_wconf 80' lang='lat' dir='ltr'>consuli</span> <span class='ocrx_word' id='word_1_39' title='bbox 1196 1038 1262 1078; x_wconf 88' lang='lat' dir='ltr'>eoe-</span> 
     </span>
     <span class='ocr_line' id='line_1_6' title="bbox 216 1123 1292 1201; baseline 0.002 -23"><span class='ocrx_word' id='word_1_40' title='bbox 216 1123 257 1196; x_wconf 91' lang='lat' dir='ltr'>pit.</span> <span class='ocrx_word' id='word_1_41' title='bbox 296 1123 368 1180; x_wconf 87' lang='lat' dir='ltr'>Tres</span> <span class='ocrx_word' id='word_1_42' title='bbox 389 1123 472 1182; x_wconf 81' lang='lat' dir='ltr'>fuere</span> <span class='ocrx_word' id='word_1_43' title='bbox 492 1125 650 1188; x_wconf 76' lang='lat' dir='ltr'>sententies.</span> <span class='ocrx_word' id='word_1_44' title='bbox 685 1127 722 1185; x_wconf 91' lang='lat' dir='ltr'>P.</span> <span class='ocrx_word' id='word_1_45' title='bbox 744 1124 904 1200; x_wconf 75' lang='lat' dir='ltr'>Verginius</span> <span class='ocrx_word' id='word_1_46' title='bbox 933 1144 994 1182; x_wconf 89' lang='lat' dir='ltr'>rem</span> <span class='ocrx_word' id='word_1_47' title='bbox 1022 1144 1080 1183; x_wconf 92' lang='lat' dir='ltr'>non</span> <span class='ocrx_word' id='word_1_48' title='bbox 1108 1125 1292 1201; x_wconf 57' lang='lat' dir='ltr'>vulgabant</span> 
     </span>
     <span class='ocr_line' id='line_1_7' title="bbox 216 1228 1263 1304; baseline 0.007 -21"><span class='ocrx_word' id='word_1_49' title='bbox 216 1228 245 1284; x_wconf 89' lang='lat' dir='ltr'>de</span> <span class='ocrx_word' id='word_1_50' title='bbox 267 1228 299 1284; x_wconf 91' lang='lat' dir='ltr'>iis</span> <span class='ocrx_word' id='word_1_51' title='bbox 326 1231 453 1299; x_wconf 78' lang='lat' dir='ltr'>tentum,</span> <span class='ocrx_word' id='word_1_52' title='bbox 477 1230 529 1304; x_wconf 88' lang='lat' dir='ltr'>qui</span> <span class='ocrx_word' id='word_1_53' title='bbox 550 1230 636 1288; x_wconf 88' lang='lat' dir='ltr'>tidem</span> <span class='ocrx_word' id='word_1_54' title='bbox 664 1231 755 1290; x_wconf 90' lang='lat' dir='ltr'>seeuti</span> <span class='ocrx_word' id='word_1_55' title='bbox 781 1232 819 1290; x_wconf 92' lang='lat' dir='ltr'>P.</span> <span class='ocrx_word' id='word_1_56' title='bbox 848 1230 964 1290; x_wconf 84' lang='lat' dir='ltr'>Servilii</span> <span class='ocrx_word' id='word_1_57' title='bbox 988 1230 1114 1288; x_wconf 76' lang='lat' dir='ltr'>consulis</span> <span class='ocrx_word' id='word_1_58' title='bbox 1142 1231 1263 1301; x_wconf 80' lang='lat' dir='ltr'>Volsco,</span> 
     </span>
     <span class='ocr_line' id='line_1_8' title="bbox 216 1333 1338 1410; baseline 0.006 -23"><span class='ocrx_word' id='word_1_59' title='bbox 216 1334 339 1390; x_wconf 76' lang='lat' dir='ltr'>Aurunco</span> <span class='ocrx_word' id='word_1_60' title='bbox 374 1333 544 1408; x_wconf 76' lang='lat' dir='ltr'>Sabinoque</span> <span class='ocrx_word' id='word_1_61' title='bbox 587 1334 760 1392; x_wconf 75' lang='lat' dir='ltr'>militassent</span> <span class='ocrx_word' id='word_1_62' title='bbox 796 1335 893 1406; x_wconf 85' lang='lat' dir='ltr'>bello,</span> <span class='ocrx_word' id='word_1_63' title='bbox 937 1336 1081 1410; x_wconf 83' lang='lat' dir='ltr'>egendum</span> <span class='ocrx_word' id='word_1_64' title='bbox 1117 1337 1263 1394; x_wconf 81' lang='lat' dir='ltr'>oensebet.</span> <span class='ocrx_word' id='word_1_65' title='bbox 1332 1339 1338 1345; x_wconf 83' lang='grc'><em>“</em></span> 
     </span>
     <span class='ocr_line' id='line_1_9' title="bbox 216 1436 1294 1516; baseline 0.004 -24"><span class='ocrx_word' id='word_1_66' title='bbox 216 1436 245 1492; x_wconf 84' lang='lat' dir='ltr'>T.</span> <span class='ocrx_word' id='word_1_67' title='bbox 256 1437 381 1509; x_wconf 75' lang='lat' dir='ltr'>Latoius,</span> <span class='ocrx_word' id='word_1_68' title='bbox 401 1458 462 1497; x_wconf 88' lang='lat' dir='ltr'>non</span> <span class='ocrx_word' id='word_1_69' title='bbox 482 1440 514 1498; x_wconf 92' lang='lat' dir='ltr'>id</span> <span class='ocrx_word' id='word_1_70' title='bbox 533 1448 649 1516; x_wconf 88' lang='lat' dir='ltr'>tempus</span> <span class='ocrx_word' id='word_1_71' title='bbox 670 1457 744 1511; x_wconf 87' lang='lat' dir='ltr'>esse,</span> <span class='ocrx_word' id='word_1_72' title='bbox 765 1448 798 1498; x_wconf 92' lang='lat' dir='ltr'>ut</span> <span class='ocrx_word' id='word_1_73' title='bbox 819 1439 924 1497; x_wconf 82' lang='lat' dir='ltr'>merite</span> <span class='ocrx_word' id='word_1_74' title='bbox 942 1439 1146 1496; x_wconf 77' lang='lat' dir='ltr'>tantummodo</span> <span class='ocrx_word' id='word_1_75' title='bbox 1167 1437 1294 1496; x_wconf 79' lang='lat' dir='ltr'>exsul-8</span> 
     </span>
     <span class='ocr_line' id='line_1_10' title="bbox 216 1544 1264 1620; baseline 0.007 -25"><span class='ocrx_word' id='word_1_76' title='bbox 216 1552 347 1613; x_wconf 79' lang='lat' dir='ltr'>verentur3</span> <span class='ocrx_word' id='word_1_77' title='bbox 378 1553 471 1604; x_wconf 80' lang='lat' dir='ltr'>tetam</span> <span class='ocrx_word' id='word_1_78' title='bbox 492 1546 607 1620; x_wconf 89' lang='lat' dir='ltr'>plebem</span> <span class='ocrx_word' id='word_1_79' title='bbox 630 1563 687 1602; x_wconf 76' lang='lat' dir='ltr'>mre</span> <span class='ocrx_word' id='word_1_80' title='bbox 709 1544 805 1602; x_wconf 84' lang='lat' dir='ltr'>slieno</span> <span class='ocrx_word' id='word_1_81' title='bbox 827 1544 991 1604; x_wconf 77' lang='lat' dir='ltr'>demersum</span> <span class='ocrx_word' id='word_1_82' title='bbox 1013 1561 1095 1614; x_wconf 80' lang='lat' dir='ltr'>esse,</span> <span class='ocrx_word' id='word_1_83' title='bbox 1127 1562 1180 1602; x_wconf 90' lang='lat' dir='ltr'>nee</span> <span class='ocrx_word' id='word_1_84' title='bbox 1201 1544 1264 1602; x_wconf 86' lang='lat' dir='ltr'>sisti</span> 
     </span>
     <span class='ocr_line' id='line_1_11' title="bbox 216 1649 1264 1724; baseline 0.002 -19"><span class='ocrx_word' id='word_1_85' title='bbox 216 1665 296 1719; x_wconf 85' lang='lat' dir='ltr'>posse,</span> <span class='ocrx_word' id='word_1_86' title='bbox 315 1649 346 1705; x_wconf 89' lang='lat' dir='ltr'>ni</span> <span class='ocrx_word' id='word_1_87' title='bbox 366 1652 501 1709; x_wconf 91' lang='lat' dir='ltr'>omnibus</span> <span class='ocrx_word' id='word_1_88' title='bbox 522 1650 704 1720; x_wconf 83' lang='lat' dir='ltr'>eonsulstur;</span> <span class='ocrx_word' id='word_1_89' title='bbox 726 1649 805 1724; x_wconf 82' lang='lat' dir='ltr'>quin,</span> <span class='ocrx_word' id='word_1_90' title='bbox 829 1649 857 1708; x_wconf 91' lang='lat' dir='ltr'>si</span> <span class='ocrx_word' id='word_1_91' title='bbox 878 1649 937 1708; x_wconf 82' lang='lat' dir='ltr'>alie</span> <span class='ocrx_word' id='word_1_92' title='bbox 958 1650 1082 1708; x_wconf 82' lang='lat' dir='ltr'>eliorum</span> <span class='ocrx_word' id='word_1_93' title='bbox 1104 1649 1142 1706; x_wconf 85' lang='lat' dir='ltr'>sit</span> <span class='ocrx_word' id='word_1_94' title='bbox 1162 1649 1264 1708; x_wconf 75' lang='lat' dir='ltr'>mndi-</span> 
     </span>
     <span class='ocr_line' id='line_1_12' title="bbox 217 1752 1294 1831; baseline 0 -23"><span class='ocrx_word' id='word_1_95' title='bbox 217 1752 266 1823; x_wconf 80' lang='lat' dir='ltr'>do,</span> <span class='ocrx_word' id='word_1_96' title='bbox 293 1756 410 1814; x_wconf 84' lang='lat' dir='ltr'>essendi</span> <span class='ocrx_word' id='word_1_97' title='bbox 432 1757 526 1831; x_wconf 72' lang='lat' dir='ltr'>magis</span> <span class='ocrx_word' id='word_1_98' title='bbox 547 1755 723 1814; x_wconf 74' lang='lat' dir='ltr'>discordiam</span> <span class='ocrx_word' id='word_1_99' title='bbox 745 1773 833 1829; x_wconf 84' lang='lat' dir='ltr'>quom</span> <span class='ocrx_word' id='word_1_100' title='bbox 860 1755 966 1814; x_wconf 79' lang='lat' dir='ltr'>sederi.</span> <span class='ocrx_word' id='word_1_101' title='bbox 1026 1757 1086 1830; x_wconf 86' lang='lat' dir='ltr'>Ap.</span> <span class='ocrx_word' id='word_1_102' title='bbox 1115 1752 1294 1824; x_wconf 66' lang='lat' dir='ltr'>Claudiustl</span> 
     </span>
     <span class='ocr_line' id='line_1_13' title="bbox 218 1859 1263 1935; baseline 0.003 -22"><span class='ocrx_word' id='word_1_103' title='bbox 218 1866 241 1914; x_wconf 86' lang='lat' dir='ltr'>et</span> <span class='ocrx_word' id='word_1_104' title='bbox 256 1869 355 1918; x_wconf 77' lang='lat' dir='ltr'>nature</span> <span class='ocrx_word' id='word_1_105' title='bbox 374 1862 495 1920; x_wconf 87' lang='lat' dir='ltr'>immitis</span> <span class='ocrx_word' id='word_1_106' title='bbox 526 1871 556 1919; x_wconf 85' lang='lat' dir='ltr'>et</span> <span class='ocrx_word' id='word_1_107' title='bbox 577 1861 714 1920; x_wconf 76' lang='lat' dir='ltr'>efferatus</span> <span class='ocrx_word' id='word_1_108' title='bbox 739 1859 807 1918; x_wconf 88' lang='lat' dir='ltr'>hine</span> <span class='ocrx_word' id='word_1_109' title='bbox 827 1860 921 1935; x_wconf 92' lang='lat' dir='ltr'>plebis</span> <span class='ocrx_word' id='word_1_110' title='bbox 943 1861 1028 1931; x_wconf 77' lang='lat' dir='ltr'>odio,</span> <span class='ocrx_word' id='word_1_111' title='bbox 1049 1859 1127 1918; x_wconf 89' lang='lat' dir='ltr'>illine</span> <span class='ocrx_word' id='word_1_112' title='bbox 1148 1867 1263 1934; x_wconf 82' lang='lat' dir='ltr'>petrum</span> 
     </span>
     <span class='ocr_line' id='line_1_14' title="bbox 218 1963 1264 2037; baseline 0.002 -17"><span class='ocrx_word' id='word_1_113' title='bbox 218 1963 343 2037; x_wconf 80' lang='lat' dir='ltr'>leudibus,</span> <span class='ocrx_word' id='word_1_114' title='bbox 363 1985 422 2024; x_wconf 90' lang='lat' dir='ltr'>non</span> <span class='ocrx_word' id='word_1_115' title='bbox 444 1965 568 2024; x_wconf 85' lang='lat' dir='ltr'>miseriis</span> <span class='ocrx_word' id='word_1_116' title='bbox 589 1967 640 2035; x_wconf 90' lang='lat' dir='ltr'>eit,</span> <span class='ocrx_word' id='word_1_117' title='bbox 663 1967 716 2024; x_wconf 87' lang='lat' dir='ltr'>sed</span> <span class='ocrx_word' id='word_1_118' title='bbox 737 1965 854 2024; x_wconf 78' lang='lat' dir='ltr'>lieentia</span> <span class='ocrx_word' id='word_1_119' title='bbox 875 1973 987 2023; x_wconf 74' lang='lat' dir='ltr'>tuntum</span> <span class='ocrx_word' id='word_1_120' title='bbox 1010 1965 1153 2022; x_wconf 88' lang='lat' dir='ltr'>oonoitum</span> <span class='ocrx_word' id='word_1_121' title='bbox 1166 1965 1264 2022; x_wconf 85' lang='lat' dir='ltr'>turbe-</span> 
     </span>
     <span class='ocr_line' id='line_1_15' title="bbox 218 2069 1316 2146; baseline 0.003 -22"><span class='ocrx_word' id='word_1_122' title='bbox 218 2087 277 2140; x_wconf 84' lang='lat' dir='ltr'>mm,</span> <span class='ocrx_word' id='word_1_123' title='bbox 296 2080 325 2127; x_wconf 92' lang='lat' dir='ltr'>et</span> <span class='ocrx_word' id='word_1_124' title='bbox 344 2071 480 2129; x_wconf 85' lang='lat' dir='ltr'>lssoivire</span> <span class='ocrx_word' id='word_1_125' title='bbox 501 2071 597 2146; x_wconf 73' lang='lat' dir='ltr'>magis</span> <span class='ocrx_word' id='word_1_126' title='bbox 610 2071 726 2146; x_wconf 86' lang='lat' dir='ltr'>plebem</span> <span class='ocrx_word' id='word_1_127' title='bbox 744 2087 833 2145; x_wconf 84' lang='lat' dir='ltr'>quem</span> <span class='ocrx_word' id='word_1_128' title='bbox 851 2071 963 2128; x_wconf 76' lang='lat' dir='ltr'>servire.</span> <span class='ocrx_word' id='word_1_129' title='bbox 1005 2070 1042 2128; x_wconf 90' lang='lat' dir='ltr'>Id</span> <span class='ocrx_word' id='word_1_130' title='bbox 1057 2072 1132 2128; x_wconf 79' lang='lat' dir='ltr'>odeo</span> <span class='ocrx_word' id='word_1_131' title='bbox 1157 2069 1264 2128; x_wconf 83' lang='lat' dir='ltr'>melum</span> <span class='ocrx_word' id='word_1_132' title='bbox 1280 2070 1316 2126; x_wconf 88' lang='lat'>10</span> 
     </span>
     <span class='ocr_line' id='line_1_16' title="bbox 219 2174 1265 2253; baseline 0.002 -23"><span class='ocrx_word' id='word_1_133' title='bbox 219 2192 247 2229; x_wconf 84' lang='lat' dir='ltr'>ex</span> <span class='ocrx_word' id='word_1_134' title='bbox 265 2177 468 2248; x_wconf 80' lang='lat' dir='ltr'>provocatione</span> <span class='ocrx_word' id='word_1_135' title='bbox 487 2187 603 2245; x_wconf 82' lang='lat' dir='ltr'>nutum3</span> <span class='ocrx_word' id='word_1_136' title='bbox 625 2177 734 2253; x_wconf 86' lang='lat' dir='ltr'>quippe</span> <span class='ocrx_word' id='word_1_137' title='bbox 751 2176 846 2234; x_wconf 83' lang='lat' dir='ltr'>mines</span> <span class='ocrx_word' id='word_1_138' title='bbox 864 2194 928 2235; x_wconf 89' lang='lat' dir='ltr'>esse</span> <span class='ocrx_word' id='word_1_139' title='bbox 949 2175 1109 2244; x_wconf 80' lang='lat' dir='ltr'>consulum,</span> <span class='ocrx_word' id='word_1_140' title='bbox 1131 2193 1191 2231; x_wconf 91' lang='lat' dir='ltr'>non</span> <span class='ocrx_word' id='word_1_141' title='bbox 1211 2174 1265 2232; x_wconf 90' lang='lat' dir='ltr'>im-</span> 
     </span>
     <span class='ocr_line' id='line_1_17' title="bbox 219 2279 1266 2358; baseline -0.001 -21"><span class='ocrx_word' id='word_1_142' title='bbox 219 2280 327 2352; x_wconf 84' lang='lat' dir='ltr'>perinm,</span> <span class='ocrx_word' id='word_1_143' title='bbox 358 2281 409 2339; x_wconf 91' lang='lat' dir='ltr'>nbi</span> <span class='ocrx_word' id='word_1_144' title='bbox 431 2283 470 2339; x_wconf 87' lang='lat' dir='ltr'>ed</span> <span class='ocrx_word' id='word_1_145' title='bbox 491 2300 560 2352; x_wconf 80' lang='lat' dir='ltr'>eos,</span> <span class='ocrx_word' id='word_1_146' title='bbox 592 2282 644 2358; x_wconf 89' lang='lat' dir='ltr'>qni</span> <span class='ocrx_word' id='word_1_147' title='bbox 666 2301 726 2340; x_wconf 87' lang='lat' dir='ltr'>une</span> <span class='ocrx_word' id='word_1_148' title='bbox 752 2281 954 2357; x_wconf 75' lang='lat' dir='ltr'>peccaverint,</span> <span class='ocrx_word' id='word_1_149' title='bbox 987 2298 1150 2355; x_wconf 82' lang='lat' dir='ltr'>provoesre</span> <span class='ocrx_word' id='word_1_150' title='bbox 1170 2279 1266 2338; x_wconf 85' lang='lat' dir='ltr'>lieeet.</span> 
     </span>
     <span class='ocr_line' id='line_1_18' title="bbox 222 2385 1311 2461; baseline -0.008 -12"><span class='ocrx_word' id='word_1_151' title='bbox 222 2387 375 2459; x_wconf 60' lang='lat' dir='ltr'>„Agedum</span> <span class='ocrx_word' id='word_1_152' title='bbox 404 2387 515 2461; x_wconf 79' lang='lat' dir='ltr'>inquit,</span> <span class='ocrx_word' id='word_1_153' title='bbox 548 2388 753 2458; x_wconf 61' lang='lat' dir='ltr'>„dictatorem</span> <span class='ocrx_word' id='word_1_154' title='bbox 786 2405 805 2444; x_wconf 84' lang='lat' dir='ltr'>s</span> <span class='ocrx_word' id='word_1_155' title='bbox 833 2405 893 2461; x_wconf 88' lang='lat' dir='ltr'>quo</span> <span class='ocrx_word' id='word_1_156' title='bbox 927 2385 1099 2460; x_wconf 78' lang='lat' dir='ltr'>provocatio</span> <span class='ocrx_word' id='word_1_157' title='bbox 1127 2403 1185 2442; x_wconf 91' lang='lat' dir='ltr'>non</span> <span class='ocrx_word' id='word_1_158' title='bbox 1212 2392 1265 2454; x_wconf 80' lang='lat' dir='ltr'>est,</span> <span class='ocrx_word' id='word_1_159' title='bbox 1280 2385 1311 2440; x_wconf 85' lang='lat' dir='ltr'>ll</span> 
     </span>
     <span class='ocr_line' id='line_1_19' title="bbox 220 2489 1264 2568; baseline 0 -22"><span class='ocrx_word' id='word_1_160' title='bbox 220 2505 344 2561; x_wconf 79' lang='lat' dir='ltr'>creemus3</span> <span class='ocrx_word' id='word_1_161' title='bbox 376 2493 436 2550; x_wconf 83' lang='lat' dir='ltr'>iem</span> <span class='ocrx_word' id='word_1_162' title='bbox 457 2493 525 2564; x_wconf 88' lang='lat' dir='ltr'>hio,</span> <span class='ocrx_word' id='word_1_163' title='bbox 547 2511 606 2568; x_wconf 89' lang='lat' dir='ltr'>quo</span> <span class='ocrx_word' id='word_1_164' title='bbox 630 2511 707 2550; x_wconf 88' lang='lat' dir='ltr'>nuno</span> <span class='ocrx_word' id='word_1_165' title='bbox 728 2493 827 2550; x_wconf 81' lang='lat' dir='ltr'>omnis</span> <span class='ocrx_word' id='word_1_166' title='bbox 849 2492 961 2562; x_wconf 79' lang='lat' dir='ltr'>ardent,</span> <span class='ocrx_word' id='word_1_167' title='bbox 984 2491 1151 2550; x_wconf 74' lang='lat' dir='ltr'>conticiscet</span> <span class='ocrx_word' id='word_1_168' title='bbox 1174 2489 1264 2548; x_wconf 86' lang='lat' dir='ltr'>furor.</span> 
     </span>
     <span class='ocr_line' id='line_1_20' title="bbox 221 2593 1317 2672; baseline -0.001 -22"><span class='ocrx_word' id='word_1_169' title='bbox 221 2594 304 2652; x_wconf 90' lang='lat' dir='ltr'>Pulset</span> <span class='ocrx_word' id='word_1_170' title='bbox 322 2606 383 2655; x_wconf 87' lang='lat' dir='ltr'>tum</span> <span class='ocrx_word' id='word_1_171' title='bbox 405 2597 478 2655; x_wconf 88' lang='lat' dir='ltr'>mihi</span> <span class='ocrx_word' id='word_1_172' title='bbox 497 2598 647 2668; x_wconf 80' lang='lat' dir='ltr'>lictorem,</span> <span class='ocrx_word' id='word_1_173' title='bbox 670 2598 720 2672; x_wconf 88' lang='lat' dir='ltr'>qui</span> <span class='ocrx_word' id='word_1_174' title='bbox 740 2599 821 2667; x_wconf 71' lang='lat' dir='ltr'>sciet,</span> <span class='ocrx_word' id='word_1_175' title='bbox 842 2597 888 2654; x_wconf 90' lang='lat' dir='ltr'>ius</span> <span class='ocrx_word' id='word_1_176' title='bbox 910 2596 947 2653; x_wconf 89' lang='lat' dir='ltr'>de</span> <span class='ocrx_word' id='word_1_177' title='bbox 967 2604 1050 2671; x_wconf 82' lang='lat' dir='ltr'>tergo</span> <span class='ocrx_word' id='word_1_178' title='bbox 1071 2596 1191 2671; x_wconf 82' lang='lat' dir='ltr'>vitaque</span> <span class='ocrx_word' id='word_1_179' title='bbox 1212 2614 1266 2654; x_wconf 83' lang='lat' dir='ltr'>sus</span> <span class='ocrx_word' id='word_1_180' title='bbox 1281 2593 1317 2650; x_wconf 81' lang='lat'>12</span> 
     </span>
     <span class='ocr_line' id='line_1_21' title="bbox 221 2699 1072 2772; baseline 0.004 -15"><span class='ocrx_word' id='word_1_181' title='bbox 221 2717 292 2772; x_wconf 88' lang='lat' dir='ltr'>penes</span> <span class='ocrx_word' id='word_1_182' title='bbox 309 2720 398 2760; x_wconf 90' lang='lat' dir='ltr'>unum</span> <span class='ocrx_word' id='word_1_183' title='bbox 420 2703 501 2760; x_wconf 91' lang='lat' dir='ltr'>illum</span> <span class='ocrx_word' id='word_1_184' title='bbox 523 2721 596 2772; x_wconf 87' lang='lat' dir='ltr'>esse,</span> <span class='ocrx_word' id='word_1_185' title='bbox 618 2703 699 2762; x_wconf 89' lang='lat' dir='ltr'>euius</span> <span class='ocrx_word' id='word_1_186' title='bbox 721 2702 903 2764; x_wconf 70' lang='lat' dir='ltr'>maiestatem</span> <span class='ocrx_word' id='word_1_187' title='bbox 925 2699 1072 2760; x_wconf 85' lang='lat' dir='ltr'>violerit“.</span> 
     </span>
    </p>

    <p class='ocr_par' dir='ltr' id='par_1_3' title="bbox 223 2798 1359 3718">
     <span class='ocr_line' id='line_1_22' title="bbox 287 2798 1359 2880; baseline -0.003 -16"><span class='ocrx_word' id='word_1_188' title='bbox 287 2808 401 2878; x_wconf 84' lang='lat' dir='ltr'>Multis,</span> <span class='ocrx_word' id='word_1_189' title='bbox 433 2817 467 2864; x_wconf 87' lang='lat' dir='ltr'>ut</span> <span class='ocrx_word' id='word_1_190' title='bbox 490 2818 567 2878; x_wconf 74' lang='lat' dir='ltr'>eret,</span> <span class='ocrx_word' id='word_1_191' title='bbox 594 2809 714 2868; x_wconf 83' lang='lat' dir='ltr'>horride</span> <span class='ocrx_word' id='word_1_192' title='bbox 741 2817 770 2866; x_wconf 88' lang='lat' dir='ltr'>et</span> <span class='ocrx_word' id='word_1_193' title='bbox 796 2817 883 2864; x_wconf 80' lang='lat' dir='ltr'>atrox</span> <span class='ocrx_word' id='word_1_194' title='bbox 911 2807 1066 2865; x_wconf 78' lang='lat' dir='ltr'>videbatur</span> <span class='ocrx_word' id='word_1_195' title='bbox 1087 2805 1180 2880; x_wconf 85' lang='lat' dir='ltr'>Appii</span> <span class='ocrx_word' id='word_1_196' title='bbox 1201 2822 1265 2862; x_wconf 91' lang='lat' dir='ltr'>sen·</span> <span class='ocrx_word' id='word_1_197' title='bbox 1310 2798 1359 2868; x_wconf 76' lang='grc'>30</span> 
     </span>
     <span class='ocr_line' id='line_1_23' title="bbox 223 2909 1266 2988; baseline 0 -22"><span class='ocrx_word' id='word_1_198' title='bbox 223 2910 310 2980; x_wconf 82' lang='lat' dir='ltr'>tentis3</span> <span class='ocrx_word' id='word_1_199' title='bbox 329 2930 431 2970; x_wconf 84' lang='lat' dir='ltr'>rursus</span> <span class='ocrx_word' id='word_1_200' title='bbox 452 2913 585 2988; x_wconf 86' lang='lat' dir='ltr'>Verginii</span> <span class='ocrx_word' id='word_1_201' title='bbox 608 2913 763 2988; x_wconf 84' lang='lat' dir='ltr'>Leroiiqne</span> <span class='ocrx_word' id='word_1_202' title='bbox 785 2913 920 2988; x_wconf 83' lang='lat' dir='ltr'>exemplo</span> <span class='ocrx_word' id='word_1_203' title='bbox 941 2913 1021 2971; x_wconf 80' lang='lat' dir='ltr'>bend</span> <span class='ocrx_word' id='word_1_204' title='bbox 1038 2911 1186 2978; x_wconf 81' lang='lat' dir='ltr'>salubres3</span> <span class='ocrx_word' id='word_1_205' title='bbox 1209 2909 1266 2966; x_wconf 89' lang='lat' dir='ltr'>uti·</span> 
     </span>
     <span class='ocr_line' id='line_1_24' title="bbox 223 3015 1266 3095; baseline 0.002 -25"><span class='ocrx_word' id='word_1_206' title='bbox 223 3031 266 3086; x_wconf 86' lang='lat' dir='ltr'>qne</span> <span class='ocrx_word' id='word_1_207' title='bbox 282 3017 376 3076; x_wconf 84' lang='lat' dir='ltr'>Luroii</span> <span class='ocrx_word' id='word_1_208' title='bbox 403 3015 563 3093; x_wconf 79' lang='lat' dir='ltr'>[putebant</span> <span class='ocrx_word' id='word_1_209' title='bbox 582 3016 789 3095; x_wconf 77' lang='lat' dir='ltr'>senteutiam]‚</span> <span class='ocrx_word' id='word_1_210' title='bbox 819 3035 885 3092; x_wconf 81' lang='lat' dir='ltr'>quse</span> <span class='ocrx_word' id='word_1_211' title='bbox 908 3024 1000 3074; x_wconf 79' lang='lat' dir='ltr'>totum</span> <span class='ocrx_word' id='word_1_212' title='bbox 1030 3017 1116 3074; x_wconf 88' lang='lat' dir='ltr'>fldem</span> <span class='ocrx_word' id='word_1_213' title='bbox 1143 3015 1266 3074; x_wconf 85' lang='lat' dir='ltr'>tolleret.</span> 
     </span>
     <span class='ocr_line' id='line_1_25' title="bbox 224 3119 1267 3198; baseline -0.001 -21"><span class='ocrx_word' id='word_1_214' title='bbox 224 3119 328 3179; x_wconf 87' lang='lat' dir='ltr'>lledium</span> <span class='ocrx_word' id='word_1_215' title='bbox 356 3123 485 3180; x_wconf 69' lang='lat' dir='ltr'>mommo</span> <span class='ocrx_word' id='word_1_216' title='bbox 517 3133 547 3180; x_wconf 90' lang='lat' dir='ltr'>et</span> <span class='ocrx_word' id='word_1_217' title='bbox 578 3125 760 3190; x_wconf 77' lang='lat' dir='ltr'>moderatum</span> <span class='ocrx_word' id='word_1_218' title='bbox 793 3134 917 3198; x_wconf 88' lang='lat' dir='ltr'>utroque</span> <span class='ocrx_word' id='word_1_219' title='bbox 950 3121 1100 3180; x_wconf 83' lang='lat' dir='ltr'>eonsilium</span> <span class='ocrx_word' id='word_1_220' title='bbox 1136 3119 1267 3195; x_wconf 84' lang='lat' dir='ltr'>Verginii</span> 
     </span>
     <span class='ocr_line' id='line_1_26' title="bbox 224 3223 1296 3304; baseline 0.002 -24"><span class='ocrx_word' id='word_1_221' title='bbox 224 3223 379 3296; x_wconf 75' lang='lat' dir='ltr'>bebebstm3</span> <span class='ocrx_word' id='word_1_222' title='bbox 412 3227 465 3285; x_wconf 89' lang='lat' dir='ltr'>sed</span> <span class='ocrx_word' id='word_1_223' title='bbox 488 3226 616 3286; x_wconf 79' lang='lat' dir='ltr'>faotione</span> <span class='ocrx_word' id='word_1_224' title='bbox 638 3238 949 3304; x_wconf 83' lang='lat' dir='ltr'>respectuque-rerum</span> <span class='ocrx_word' id='word_1_225' title='bbox 971 3226 1170 3301; x_wconf 77' lang='lat' dir='ltr'>privaturum,</span> <span class='ocrx_word' id='word_1_226' title='bbox 1202 3226 1296 3298; x_wconf 79' lang='lat' dir='ltr'>quae2</span> 
     </span>
     <span class='ocr_line' id='line_1_27' title="bbox 224 3330 1267 3409; baseline 0 -23"><span class='ocrx_word' id='word_1_227' title='bbox 224 3347 320 3406; x_wconf 79' lang='lat' dir='ltr'>semper=</span> <span class='ocrx_word' id='word_1_228' title='bbox 334 3331 461 3391; x_wconf 81' lang='lat' dir='ltr'>offensre</span> <span class='ocrx_word' id='word_1_229' title='bbox 482 3332 668 3408; x_wconf 82' lang='lat' dir='ltr'>officientque</span> <span class='ocrx_word' id='word_1_230' title='bbox 688 3334 813 3409; x_wconf 78' lang='lat' dir='ltr'>publicis</span> <span class='ocrx_word' id='word_1_231' title='bbox 834 3332 972 3402; x_wconf 80' lang='lat' dir='ltr'>consiliis,</span> <span class='ocrx_word' id='word_1_232' title='bbox 993 3331 1111 3407; x_wconf 84' lang='lat' dir='ltr'>Appius</span> <span class='ocrx_word' id='word_1_233' title='bbox 1126 3330 1210 3400; x_wconf 83' lang='lat' dir='ltr'>vicit,</span> <span class='ocrx_word' id='word_1_234' title='bbox 1233 3347 1267 3386; x_wconf 86' lang='lat' dir='ltr'>eo</span> 
     </span>
     <span class='ocr_line' id='line_1_28' title="bbox 224 3436 1296 3511; baseline -0.001 -18"><span class='ocrx_word' id='word_1_235' title='bbox 224 3453 296 3511; x_wconf 85' lang='lat' dir='ltr'>prope</span> <span class='ocrx_word' id='word_1_236' title='bbox 313 3438 389 3510; x_wconf 80' lang='lat' dir='ltr'>fuit,</span> <span class='ocrx_word' id='word_1_237' title='bbox 422 3446 455 3495; x_wconf 90' lang='lat' dir='ltr'>ut</span> <span class='ocrx_word' id='word_1_238' title='bbox 476 3438 602 3496; x_wconf 82' lang='lat' dir='ltr'>diotetor</span> <span class='ocrx_word' id='word_1_239' title='bbox 625 3439 674 3496; x_wconf 91' lang='lat' dir='ltr'>ille</span> <span class='ocrx_word' id='word_1_240' title='bbox 695 3439 773 3496; x_wconf 86' lang='lat' dir='ltr'>idem</span> <span class='ocrx_word' id='word_1_241' title='bbox 800 3447 961 3507; x_wconf 63' lang='lat' dir='ltr'>metretum</span> <span class='ocrx_word' id='word_1_242' title='bbox 995 3455 1059 3510; x_wconf 84' lang='lat' dir='ltr'>quae</span> <span class='ocrx_word' id='word_1_243' title='bbox 1088 3455 1137 3508; x_wconf 80' lang='lat' dir='ltr'>res</span> <span class='ocrx_word' id='word_1_244' title='bbox 1168 3436 1296 3511; x_wconf 80' lang='lat' dir='ltr'>utiqu03</span> 
     </span>
     <span class='ocr_line' id='line_1_29' title="bbox 225 3540 1266 3619; baseline 0.004 -25"><span class='ocrx_word' id='word_1_245' title='bbox 225 3540 355 3602; x_wconf 76' lang='lat' dir='ltr'>alienasset</span> <span class='ocrx_word' id='word_1_246' title='bbox 374 3544 490 3619; x_wconf 84' lang='lat' dir='ltr'>plebem</span> <span class='ocrx_word' id='word_1_247' title='bbox 511 3543 757 3619; x_wconf 82' lang='lat' dir='ltr'>periculosissimo</span> <span class='ocrx_word' id='word_1_248' title='bbox 771 3552 912 3617; x_wconf 75' lang='lat' dir='ltr'>tempore,</span> <span class='ocrx_word' id='word_1_249' title='bbox 935 3559 1024 3616; x_wconf 88' lang='lat' dir='ltr'>quum</span> <span class='ocrx_word' id='word_1_250' title='bbox 1043 3541 1144 3602; x_wconf 78' lang='lat' dir='ltr'>Volsci</span> <span class='ocrx_word' id='word_1_251' title='bbox 1159 3541 1266 3615; x_wconf 84' lang='lat' dir='ltr'>AEqui-</span> 
     </span>
     <span class='ocr_line' id='line_1_30' title="bbox 226 3646 1295 3718; baseline 0.002 -16"><span class='ocrx_word' id='word_1_252' title='bbox 226 3663 269 3718; x_wconf 89' lang='lat' dir='ltr'>que</span> <span class='ocrx_word' id='word_1_253' title='bbox 292 3659 318 3707; x_wconf 85' lang='lat' dir='ltr'>et</span> <span class='ocrx_word' id='word_1_254' title='bbox 346 3649 450 3710; x_wconf 78' lang='lat' dir='ltr'>Sebini</span> <span class='ocrx_word' id='word_1_255' title='bbox 481 3648 559 3707; x_wconf 85' lang='lat' dir='ltr'>forte</span> <span class='ocrx_word' id='word_1_256' title='bbox 585 3667 644 3706; x_wconf 88' lang='lat' dir='ltr'>une</span> <span class='ocrx_word' id='word_1_257' title='bbox 669 3665 769 3705; x_wconf 87' lang='lat' dir='ltr'>omnes</span> <span class='ocrx_word' id='word_1_258' title='bbox 792 3647 822 3704; x_wconf 92' lang='lat' dir='ltr'>in</span> <span class='ocrx_word' id='word_1_259' title='bbox 850 3647 939 3704; x_wconf 80' lang='lat' dir='ltr'>ermis</span> <span class='ocrx_word' id='word_1_260' title='bbox 961 3656 1066 3704; x_wconf 86' lang='lat' dir='ltr'>essent.</span> <span class='ocrx_word' id='word_1_261' title='bbox 1111 3646 1169 3704; x_wconf 86' lang='lat' dir='ltr'>Sed</span> <span class='ocrx_word' id='word_1_262' title='bbox 1191 3649 1295 3704; x_wconf 73' lang='lat' dir='ltr'>oursel</span> 
     </span>
    </p>
   </div>
   <div class='ocr_carea' id='block_1_3' title="bbox 226 3727 1298 4360">
    <p class='ocr_par' dir='ltr' id='par_1_4' title="bbox 226 3727 1298 4360">
     <span class='ocr_line' id='line_1_31' title="bbox 226 3727 1267 3840; baseline 0.002 -34"><span class='ocrx_word' id='word_1_263' title='bbox 226 3748 268 3808; x_wconf 82' lang='lat' dir='ltr'>tuit</span> <span class='ocrx_word' id='word_1_264' title='bbox 285 3756 443 3813; x_wconf 83' lang='lat' dir='ltr'>oonsulibus</span> <span class='ocrx_word' id='word_1_265' title='bbox 463 3763 493 3812; x_wconf 90' lang='lat' dir='ltr'>et</span> <span class='ocrx_word' id='word_1_266' title='bbox 515 3754 678 3812; x_wconf 88' lang='lat' dir='ltr'>senioribus</span> <span class='ocrx_word' id='word_1_267' title='bbox 700 3760 832 3827; x_wconf 82' lang='lat' dir='ltr'>petrum,</span> <span class='ocrx_word' id='word_1_268' title='bbox 855 3762 888 3810; x_wconf 87' lang='lat' dir='ltr'>nt</span> <span class='ocrx_word' id='word_1_269' title='bbox 906 3753 1021 3840; x_wconf 87' lang='lat' dir='ltr'>imperii</span> <span class='ocrx_word' id='word_1_270' title='bbox 1045 3751 1090 3809; x_wconf 86' lang='lat' dir='ltr'>vis</span> <span class='ocrx_word' id='word_1_271' title='bbox 1112 3727 1267 3808; x_wconf 83' lang='lat' dir='ltr'>vehemens</span> 
     </span>
     <span class='ocr_line' id='line_1_32' title="bbox 228 3835 1297 3936; baseline -0.006 -18"><span class='ocrx_word' id='word_1_272' title='bbox 228 3835 352 3918; x_wconf 67' lang='lat' dir='ltr'>mensu</span> <span class='ocrx_word' id='word_1_273' title='bbox 372 3861 588 3936; x_wconf 68' lang='lat' dir='ltr'>permittemur</span> <span class='ocrx_word' id='word_1_274' title='bbox 607 3859 739 3934; x_wconf 67' lang='lat' dir='ltr'>ugente:</span> <span class='ocrx_word' id='word_1_275' title='bbox 767 3852 819 3916; x_wconf 79' lang='grc' dir='ltr'>Μ’.</span> <span class='ocrx_word' id='word_1_276' title='bbox 847 3858 998 3916; x_wconf 63' lang='lat' dir='ltr'>versum</span> <span class='ocrx_word' id='word_1_277' title='bbox 1022 3855 1297 3914; x_wconf 58' lang='lat' dir='ltr'>noeentum</span> 
     </span>
     <span class='ocr_line' id='line_1_33' title="bbox 228 3957 1267 4026; baseline -0.003 -6"><span class='ocrx_word' id='word_1_278' title='bbox 228 3957 267 4020; x_wconf 81' lang='lat' dir='ltr'>lesi</span> <span class='ocrx_word' id='word_1_279' title='bbox 283 3964 362 4024; x_wconf 83' lang='lat' dir='ltr'>lilium</span> <span class='ocrx_word' id='word_1_280' title='bbox 384 3973 494 4026; x_wconf 77' lang='lat' dir='ltr'>creent.</span> <span class='ocrx_word' id='word_1_281' title='bbox 537 3965 643 4023; x_wconf 90' lang='lat' dir='ltr'>Plebes</span> <span class='ocrx_word' id='word_1_282' title='bbox 664 3964 720 4022; x_wconf 84' lang='lat' dir='ltr'>etsi</span> <span class='ocrx_word' id='word_1_283' title='bbox 740 3963 882 4022; x_wconf 71' lang='lat' dir='ltr'>adversm</span> <span class='ocrx_word' id='word_1_284' title='bbox 903 3983 935 4022; x_wconf 90' lang='lat' dir='ltr'>se</span> <span class='ocrx_word' id='word_1_285' title='bbox 950 3972 1079 4024; x_wconf 84' lang='lat' dir='ltr'>ereetum</span> <span class='ocrx_word' id='word_1_286' title='bbox 1096 3961 1267 4019; x_wconf 87' lang='lat' dir='ltr'>dietetorem</span> 
     </span>
     <span class='ocr_line' id='line_1_34' title="bbox 229 4065 1269 4145; baseline -0.008 -16"><span class='ocrx_word' id='word_1_287' title='bbox 229 4065 329 4139; x_wconf 72' lang='lat' dir='ltr'>videbat,</span> <span class='ocrx_word' id='word_1_288' title='bbox 349 4080 456 4140; x_wconf 77' lang='lat' dir='ltr'>tsmem</span> <span class='ocrx_word' id='word_1_289' title='bbox 479 4087 567 4144; x_wconf 88' lang='lat' dir='ltr'>quum</span> <span class='ocrx_word' id='word_1_290' title='bbox 578 4069 818 4145; x_wconf 78' lang='lat' dir='ltr'>provocationem</span> <span class='ocrx_word' id='word_1_291' title='bbox 839 4068 939 4127; x_wconf 78' lang='lat' dir='ltr'>fratris</span> <span class='ocrx_word' id='word_1_292' title='bbox 960 4067 1025 4143; x_wconf 81' lang='lat' dir='ltr'>lege</span> <span class='ocrx_word' id='word_1_293' title='bbox 1046 4067 1175 4137; x_wconf 84' lang='lat' dir='ltr'>heberet,</span> <span class='ocrx_word' id='word_1_294' title='bbox 1196 4065 1269 4122; x_wconf 91' lang='lat' dir='ltr'>nihil</span> 
     </span>
     <span class='ocr_line' id='line_1_35' title="bbox 229 4170 1298 4249; baseline -0.002 -19"><span class='ocrx_word' id='word_1_295' title='bbox 229 4187 257 4226; x_wconf 76' lang='lat' dir='ltr'>et</span> <span class='ocrx_word' id='word_1_296' title='bbox 272 4191 302 4230; x_wconf 89' lang='lat' dir='ltr'>es</span> <span class='ocrx_word' id='word_1_297' title='bbox 318 4173 428 4234; x_wconf 74' lang='lat' dir='ltr'>familie</span> <span class='ocrx_word' id='word_1_298' title='bbox 448 4175 530 4234; x_wconf 86' lang='lat' dir='ltr'>triste</span> <span class='ocrx_word' id='word_1_299' title='bbox 551 4193 605 4232; x_wconf 87' lang='lat' dir='ltr'>nee</span> <span class='ocrx_word' id='word_1_300' title='bbox 626 4174 783 4249; x_wconf 85' lang='lat' dir='ltr'>superbum</span> <span class='ocrx_word' id='word_1_301' title='bbox 805 4172 943 4246; x_wconf 60' lang='lat' dir='ltr'>timebam</span> <span class='ocrx_word' id='word_1_302' title='bbox 976 4174 1101 4232; x_wconf 86' lang='lat' dir='ltr'>edietum</span> <span class='ocrx_word' id='word_1_303' title='bbox 1124 4170 1228 4228; x_wconf 87' lang='lat' dir='ltr'>deinde</span> <span class='ocrx_word' id='word_1_304' title='bbox 1249 4172 1298 4228; x_wconf 83' lang='lat' dir='ltr'>sd</span> 
     </span>
     <span class='ocr_line' id='line_1_36' title="bbox 231 4273 1267 4360; baseline -0.006 -23"><span class='ocrx_word' id='word_1_305' title='bbox 231 4275 345 4338; x_wconf 70' lang='lat' dir='ltr'>dierum</span> <span class='ocrx_word' id='word_1_306' title='bbox 366 4281 548 4360; x_wconf 74' lang='lat' dir='ltr'>propositum</span> <span class='ocrx_word' id='word_1_307' title='bbox 569 4279 753 4338; x_wconf 76' lang='lat' dir='ltr'>eondrmevit</span> <span class='ocrx_word' id='word_1_308' title='bbox 772 4278 895 4350; x_wconf 80' lang='lat' dir='ltr'>enimes,</span> <span class='ocrx_word' id='word_1_309' title='bbox 918 4276 1033 4338; x_wconf 82' lang='lat' dir='ltr'>Servilii</span> <span class='ocrx_word' id='word_1_310' title='bbox 1053 4275 1115 4348; x_wconf 78' lang='lat' dir='ltr'>fere</span> <span class='ocrx_word' id='word_1_311' title='bbox 1142 4273 1267 4332; x_wconf 90' lang='lat' dir='ltr'>eonsulis</span> 
     </span>
    </p>
   </div>
   <div class='ocr_carea' id='block_1_4' title="bbox 0 0 1717 5084">
    <p class='ocr_par' dir='ltr' id='par_1_5' title="bbox 0 0 1717 5084">
     <span class='ocr_line' id='line_1_37' title="bbox 0 0 1717 5084; baseline 0 0"><span class='ocrx_word' id='word_1_312' title='bbox 0 0 1717 5084; x_wconf 95' lang='lat' dir='ltr'> </span> 
     </span>
    </p>
   </div>
  </div>
 </body>
</html>
