3392 5084
479 521 534 576 178
758 515 835 564 Liber
855 513 902 562 ΠΙ.
939 513 986 594 (Αἶ
1006 531 1031 565 u.
1051 529 1073 563 c,
1085 521 1165 576 eoa)

432 703 608 777 reliquisset,
645 700 751 776 quique
787 699 986 774 magistratum
1019 701 1079 757 sine
1111 702 1318 777 provocatione
1354 714 1466 763 creasset,

433 819 514 884 tergo
539 827 573 864 ac
594 806 687 881 capite
709 804 869 881 puniretur.

386 913 421 968 15
516 915 588 972 Haeo
617 913 713 969 omnia
746 921 778 968 ut
809 911 921 982 invitis,
957 912 999 968 ita
1028 931 1087 968 non
1114 914 1334 971 adversantibus
1361 914 1467 990 patriciis
1510 988 1511 997 ἵ

433 1030 596 1090 transacta,
635 1019 704 1094 quia
740 1017 867 1074 nondum
905 1017 935 1073 iu
974 1037 1147 1094 quemquam
1183 1040 1271 1077 unum
1309 1019 1467 1077 seviebatur.
1510 1002 1512 1025 ¹

339 1127 383 1196 56
432 1128 567 1185 Fundata
599 1125 701 1182 deinde
737 1135 765 1181 et
797 1131 941 1199 potestate
972 1124 1124 1182 tribunicia
1160 1134 1188 1182 et
1221 1126 1314 1200 plebis
1349 1126 1467 1184 libertate
1509 1098 1511 1105 ,

432 1245 491 1291 tum
533 1232 640 1290 tribuni
692 1229 811 1306 aggredi
860 1230 988 1305 singulos
1038 1240 1130 1289 tutum
1178 1243 1381 1308 maturumque
1427 1233 1467 1288 ion

431 1340 503 1410 rati,
549 1347 746 1406 accusatorem
788 1336 911 1412 primum
949 1337 1119 1412 Verginium
1167 1347 1195 1394 et
1237 1339 1368 1416 Appium
1406 1359 1466 1397 reuu

401 1446 568 1524 2deligunt.
620 1443 715 1517 Quum
747 1441 821 1498 diem
849 1443 949 1517 Appio
971 1419 1127 1519 Verginius
1159 1444 1294 1517 dixisset,
1325 1456 1353 1502 et
1373 1446 1468 1522 Appius

431 1553 553 1628 stipatus
588 1549 716 1626 patriciis
748 1547 899 1606 iuvenibus
929 1549 959 1604 in
992 1548 1088 1606 forum
1123 1551 1330 1621 descendisset,
1365 1551 1468 1608 redinte-

431 1666 515 1732 grata
563 1655 707 1731 extemplo
759 1663 803 1712 est
844 1655 977 1712 omnibus
1019 1656 1159 1713 memoria
1200 1655 1367 1714 foedissima>
1404 1667 1468 1733 pote

337 1827 339 1832 y
402 1763 523 1832 3statiS,
545 1781 631 1838 quum
653 1762 747 1837 ipsum
770 1760 964 1834 satellitesque
985 1761 1046 1818 eius
1064 1763 1211 1821 vidissent.
1243 1764 1321 1820 Tum
1333 1763 1468 1839 verginius

434 1868 573 1937 „Oratio“
596 1867 689 1942 inquit
713 1868 816 1937 „rebus
841 1866 935 1923 dubiis
963 1867 1081 1924 inventa
1107 1876 1166 1942 est3
1197 1870 1298 1943 itaque
1320 1888 1410 1944 neque
1427 1887 1467 1942 ega

432 1973 594 2031 accusando
617 1974 694 2049 apud
715 1991 768 2030 vos
791 1993 855 2029 eum
883 1983 995 2047 tempus
1025 1982 1131 2044 teram,
1162 1993 1181 2031 a
1208 1975 1288 2031 cuius
1322 1975 1468 2033 crudelitate

431 2088 543 2137 vosmet
568 2079 624 2156 ipsi
655 2080 742 2136 arinis
773 2079 956 2148 vindicastis,
989 2098 1041 2136 nec
1067 2081 1153 2137 istum
1184 2082 1222 2138 ad
1252 2091 1349 2137 cetera
1378 2080 1468 2138 scelera

400 2161 636 2262 limpudentiam
658 2186 688 2242 in
709 2184 888 2242 defendendo
909 2204 940 2242 se
962 2186 1086 2242 adiicere
1106 2186 1209 2261 patiar.
1242 2185 1378 2244 Omnium
1398 2186 1469 2261 igitrn

430 2293 497 2362 tibi,
526 2293 607 2368 Appi
629 2291 749 2362 Claudi,
779 2309 842 2366 quae
869 2292 957 2366 impie
984 2285 1151 2366 nefarieque
1176 2310 1229 2366 per
1256 2293 1400 2349 biennium
1423 2291 1467 2347 ulia

429 2419 516 2477 super
540 2400 598 2456 alia
625 2417 655 2455 es
683 2417 784 2469 ausus,
814 2399 938 2474 gratiam
964 2398 1051 2458 facio.
1099 2398 1193 2457 Unius
1221 2408 1334 2454 tantum
1361 2396 1467 2455 criminis

428 2506 483 2563 nisi
505 2505 627 2562 iudicem
653 2503 749 2571 dices,
778 2513 806 2560 te
831 2506 868 2560 ab
892 2503 1024 2561 libertate
1045 2504 1074 2559 in
1096 2504 1263 2560 servitutem
1285 2514 1386 2562 contra
1403 2503 1466 2576 leges

399 2611 567 2672 5vindicias
597 2627 655 2665 nou
684 2609 811 2678 dedisse,
843 2609 874 2664 in
900 2609 1064 2665 vinculato
1094 2609 1159 2665 duci
1180 2609 1316 2668 iubebo.“
1366 2611 1422 2667 Nec
1444 2607 1466 2661 iu

428 2716 580 2774 tribunicio
609 2715 717 2772 auxilio
745 2715 861 2791 Appius
887 2732 940 2771 nec
969 2715 998 2770 in
1026 2715 1131 2771 iudicio
1158 2714 1258 2790 populi
1285 2716 1373 2773 ullam
1401 2732 1465 2788 spen

428 2823 569 2888 habebam
590 2829 687 2878 tamen
710 2830 739 2876 et
760 2821 891 2878 tribunos
907 2820 1064 2895 appellavit
1079 2829 1116 2890 et,
1136 2821 1215 2877 nullo
1238 2832 1370 2879 morante
1384 2837 1465 2891 urrep

400 2938 474 2992 etus
497 2947 515 2983 a
529 2928 651 2997 viatore,
676 2928 849 2997 ,Provoco“
874 2926 974 2999 inquit.
1016 2907 1466 2984 Auditavoxunuvindexliber-

428 3034 511 3104 tatis,
532 3053 569 3090 ex
592 3053 626 3090 eo
648 3033 737 3088 missa
759 3051 825 3101 ore,
848 3050 906 3105 quo
924 3033 1055 3090 vindiciae
1076 3052 1169 3108 nuper
1189 3035 1227 3090 ab
1248 3034 1381 3091 libertate
1401 3031 1466 3086 dicte
1510 3072 1511 3079 ,

400 3150 519 3207 terant,
542 3138 684 3197 silentium
706 3137 782 3196 fecit.
831 3138 871 3194 Et
892 3138 959 3194 dum
981 3157 1034 3213 pro
1056 3158 1087 3195 se
1109 3138 1246 3212 quisque,
1273 3138 1344 3196 deos
1371 3135 1466 3194 tandem
1510 3120 1512 3128 ἱ

429 3267 491 3305 esse
514 3257 543 3304 et
565 3251 621 3302 uon
643 3239 793 3319 negligere‘
815 3245 955 3312 humana,
985 3242 1124 3315 fremunt,
1155 3253 1183 3300 et
1204 3245 1346 3319 superbiae
1367 3238 1467 3300 crudeli·

430 3355 549 3428 tatique,
571 3354 623 3410 etsi
645 3369 735 3419 seras,
757 3370 816 3407 non
838 3351 916 3406 leves
937 3359 1033 3406 tamen
1054 3351 1152 3407 venire
1175 3369 1290 3425 poenus:
1316 3365 1467 3426 provocare.

399 3462 479 3536 8qui
499 3457 735 3534 provocationem
759 3456 934 3525 sustulisset,
964 3465 992 3512 et
1014 3456 1170 3532 implorare
1190 3455 1357 3530 praesidium
1376 3451 1466 3530 populi.

429 3561 479 3643 qui
502 3565 597 3624 omnia
621 3565 684 3620 iura
706 3562 806 3638 populi
829 3562 976 3632 obtrisset,
1008 3563 1128 3637 rapique
1155 3562 1185 3618 in
1212 3562 1328 3618 vincula
1355 3571 1466 3637 egentem

428 3669 490 3726 iure
518 3667 675 3739 libertatis,
706 3668 755 3742 qui
784 3668 904 3745 liberum
935 3686 1039 3743 corpus
1068 3669 1096 3724 in
1126 3668 1293 3724 servitutem
1321 3665 1466 3723 addixisset

428 3775 517 3849 ipsius
550 3773 641 3848 Appii
674 3775 749 3830 inter
766 3759 922 3831 ‘contionis
954 3793 1082 3831 murmur
1113 3764 1199 3831 fidem
1231 3773 1332 3849 populi
1362 3765 1466 3830 Romuli

399 3879 608 3954 9implorantis
630 3899 690 3937 vox
714 3881 893 3937 audiebatur.
935 3881 1080 3937 Maiorem
1103 3880 1205 3936 merita
1225 3879 1254 3934 in
1269 3877 1466 3954 rempublicam

429 3986 507 4042 dorni
538 3986 702 4060 militiaeque
739 3987 998 4055 commemorabat,
1034 4004 1117 4041 suum
1149 3984 1250 4042 infelix
1277 4004 1347 4060 erge
1372 3984 1466 4060 plebem

427 4094 589 4150 Romanam
612 4092 751 4162 studium,
775 4111 832 4166 quo
855 4090 1166 4166 sequendarumlegum
1183 4109 1347 4149 causacum
1359 4088 1468 4148 mamus
1510 4124 1512 4155 ε

429 4195 585 4253 offensione
606 4207 721 4272 patrum
747 4196 898 4254 consulatu
920 4196 1044 4265 abisset,
1066 4215 1134 4253 suos
1144 4198 1231 4272 leges,
1255 4199 1468 4272 quibusmuncn·
1510 4206 1512 4221 ²

380 4305 414 4358 10
427 4303 503 4358 tibus
524 4301 599 4357 lator
621 4323 723 4359 eurum
747 4304 776 4358 in
808 4302 922 4357 vincula
948 4301 1077 4358 ducatur.
1125 4300 1258 4358 Ceterum
1292 4323 1344 4359 sua
1373 4297 1472 4377 propss't
