3392 5084
546 514 683 564 marm.
721 514 770 576 (a.
786 513 921 577 cumae.)
1164 519 1223 576 227
1278 495 1282 499 ’

206 696 318 752 Feretrii
338 697 450 772 templo
471 696 608 754 intulerit.
650 697 779 756 Proinde
800 717 953 769 memores,
975 717 1073 756 secum
1095 699 1298 775 triumphos,5

205 818 292 857 secum
314 801 422 876 spolia,
444 820 543 862 secum
564 802 717 861 victoriam
740 819 813 873 esse,
836 821 901 862 cum
915 805 1050 863 hosu'bus
1072 805 1167 863 scelus
1187 806 1267 882 lega·
1297 878 1300 884 1

205 914 291 962 torum
313 909 486 966 contraius
510 909 639 983 gentium
660 907 887 979 interfectorum,
910 909 1018 966 cadem
1038 909 1069 966 in
1091 929 1165 984 pace
1179 911 1266 968 Fide·

206 1011 303 1068 natium
327 1011 512 1083 colonorum,
532 1012 660 1072 indutias
680 1022 797 1089 ruptas,
826 1015 981 1090 septimam
1003 1014 1148 1074 infelicem
1170 1015 1267 1076 defec-

205 1115 317 1186 tionem,
344 1135 431 1174 arma
461 1126 613 1194 caperent..
664 1117 757 1176 Simul
786 1129 884 1178 cestra
908 1121 1011 1178 cestris
1041 1120 1266 1192 coniunxissent,
1279 1119 1315 1193 6ι

205 1223 266 1278 satis
286 1223 452 1293 confidere,
474 1241 528 1281 nec
548 1221 777 1282 sceleratissimis
798 1224 930 1282 hostibus
945 1225 1112 1282 diuturnum
1134 1226 1266 1300 exigno·
1345 1228 1349 1234 ⁴

205 1328 283 1384 minin
305 1328 455 1386 exercitus
477 1329 603 1386 Romani
623 1328 762 1403 gaudium
784 1327 858 1400 fore,
887 1340 916 1387 et
936 1331 1076 1405 populum
1099 1331 1295 1388 Romanum?

205 1433 421 1503 intellecturum,
444 1440 553 1506 quanto
576 1432 677 1491 melius
700 1433 736 1490 de
756 1453 789 1490 re
809 1436 928 1510 publica
949 1436 1043 1494 meriti
1064 1435 1136 1506 sint,
1160 1435 1210 1508 qni
1234 1453 1266 1492 se

205 1538 369 1596 dictatorem
400 1538 517 1596 tertium
551 1538 691 1608 dixerint,
721 1556 808 1612 quem
836 1541 887 1616 qui
916 1542 954 1599 ob
983 1551 1113 1617 ereptum
1136 1559 1265 1598 censurae

204 1661 312 1718 regnum
346 1645 447 1702 labem
481 1643 615 1702 secunde
647 1643 796 1702 dictaturae
827 1665 888 1704 sure
920 1645 1118 1722 imposuerint.
1176 1642 1294 1703 Votisss

205 1749 296 1806 deinde
317 1749 498 1824 nuncupatis
519 1747 667 1824 profectus
696 1749 784 1824 mille
804 1758 833 1809 et
861 1751 1034 1826 quingentos
1058 1768 1163 1825 passus
1191 1750 1265 1808 citra

205 1855 320 1912 Fidenas
357 1861 457 1912 castre
487 1852 582 1923 locat,
614 1855 718 1913 dextre
751 1854 908 1923 montibus,
940 1853 1016 1911 laeva
1047 1855 1148 1914 Tiberi
1179 1874 1265 1912 amne

205 1969 310 2035 septus.
376 1961 414 2018 T.
449 1931 614 2032 Quinctium
647 1961 780 2017 Pennum
812 1960 941 2034 legatum
975 1978 1119 2034 occupare
1152 1959 1295 2018 montes9

204 2065 273 2123 iubet
300 2065 512 2139 occultumque
536 2064 566 2122 id
592 2065 691 2140 iugum
714 2083 832 2140 capere,
862 2064 941 2138 quod
969 2065 1007 2122 ab
1029 2074 1112 2139 tergo
1132 2066 1265 2124 hostibus

203 2170 276 2233 foret.
320 2173 396 2248 Ipse
425 2177 543 2245 postero
572 2170 634 2240 die,
663 2189 751 2244 quum
781 2169 898 2227 Etrusci
925 2169 1004 2244 pleni
1031 2171 1193 2228 animorum
1226 2173 1264 2229 ab
1280 2172 1317 2227 to

203 2278 306 2352 pristini
329 2277 391 2336 diei
413 2275 533 2332 meliore
556 2274 710 2334 occasione
741 2293 830 2357 quam
849 2292 949 2350 pugna
976 2275 1007 2332 in
1034 2275 1125 2333 aciem
1147 2293 1264 2351 proces-

205 2384 307 2456 sislent‚
329 2391 486 2442 cunctatus
501 2399 666 2457 parumper,
689 2379 757 2436 dum
772 2381 969 2456 speculatores
985 2380 1137 2450 referrent,
1157 2380 1264 2453 Quinc·

205 2489 266 2546 tium
296 2488 431 2546 evasisse
458 2487 489 2544 in
516 2487 616 2562 iugum
642 2485 836 2561 propinquum
868 2487 929 2544 arci
957 2487 1149 2555 Fidenarum,
1179 2484 1265 2558 sigua

205 2594 305 2668 profert
334 2593 527 2670 peditumque
551 2592 642 2648 aciem
664 2592 834 2648 instructam
862 2591 949 2665 pleno
978 2591 1071 2666 gradu
1098 2592 1129 2648 in
1151 2593 1263 2648 hostem

205 2699 327 2771 inducite,
339 2695 484 2773 magistro
506 2697 634 2772 equitum
654 2696 799 2772 praecipit,
821 2715 858 2754 ne
877 2695 988 2755 iniussu
1011 2715 1139 2772 pugnam
1160 2697 1264 2772 incipi·
1279 2693 1313 2748 ll

207 2812 242 2861 at:
261 2823 300 2876 se,
324 2823 418 2880 quum
440 2821 514 2878 opus
536 2803 573 2860 sit
595 2803 723 2878 equestri
744 2801 863 2871 auxilio,
884 2800 999 2875 signum
1021 2802 1173 2873 daturum3
1202 2811 1263 2858 tum

206 2917 231 2964 ut
260 2928 376 2966 memor
398 2905 487 2981 regim
513 2925 632 2982 pugnes,
666 2927 779 2966 memor
807 2906 897 2981 opimi
926 2907 994 2964 doni
1025 2907 1202 2980 Romulique
1230 2925 1266 2964 ac

206 3011 275 3070 lovis
296 3013 426 3072 Feretrii
453 3033 514 3070 rem
538 3021 659 3088 gereret.
713 3013 859 3088 Legiones
887 3011 997 3086 impetu
1025 3011 1136 3086 ingenti
1163 3013 1265 3070 confli-

206 3129 275 3192 gunt.
322 3121 478 3178 Romanus
500 3119 568 3176 odio
591 3137 728 3192 accensus
749 3115 871 3191 impium
892 3115 1075 3188 Fidenatem,
1098 3118 1265 3192 predonem
1280 3113 1316 3170 12

206 3223 367 3296 Veientem,
399 3234 534 3300 ruptores
555 3223 748 3293 indutiarum,
780 3229 914 3278 cruentos
950 3222 1114 3295 legatorum
1144 3219 1267 3277 infande

206 3331 288 3400 caede,
314 3349 468 3406 respersos
491 3331 631 3405 sanguine
653 3328 821 3386 colonorum
843 3342 977 3395 suorum,
1006 3326 1133 3400 perfidos
1160 3325 1265 3394 socios,

206 3434 327 3494 imbelles
348 3438 450 3493 hostes
480 3433 673 3510 compellans,
698 3432 783 3490 fectis
810 3429 896 3488 simul
923 3430 1065 3505 dictisque
1092 3417 1191 3488 odium
1213 3450 1263 3488 ex·

206 3541 266 3612 plet.
321 3541 518 3600 Concusserat
549 3538 644 3614 primo
680 3538 777 3596 stetim
816 3553 973 3610 congressu
1007 3537 1137 3611 hostem,
1174 3556 1263 3611 quum
1314 3531 1360 3601 33

207 3655 315 3720 repente
337 3644 494 3722 patefactis
508 3643 686 3700 Fidenarum
707 3642 799 3718 portis
820 3659 900 3699 nova
922 3641 1047 3716 erumpit
1071 3642 1157 3712 acies,
1178 3643 1264 3698 inan-

209 3748 260 3806 dite.
288 3762 358 3809 ante
389 3750 420 3808 id
452 3758 566 3824 tempus
598 3745 813 3822 invisitataque.
868 3747 989 3820 Ignibus
1020 3756 1135 3807 armata
1164 3747 1297 3822 ingens2

209 3855 354 3913 multitudo
382 3855 553 3928 facibusque
575 3853 743 3913 ardentibus
765 3861 828 3909 tota
849 3853 1008 3922 collucens,
1037 3853 1118 3908 velut
1138 3851 1267 3909 fanatico

208 3957 336 4018 instincta
357 3979 443 4018 cursu
464 3960 494 4016 in
514 3961 628 4016 hostem
651 3959 722 4028 ruit,
749 3957 904 4031 formaque
931 3957 1054 4014 insolitae
1080 3959 1267 4033 pngnaesso·

208 4082 302 4122 manos
324 4085 482 4142 parumper
504 4063 650 4124 exterruit.
702 4065 779 4120 Tum
810 4062 944 4132 dictator,
975 4063 1115 4136 magistro
1137 4062 1298 4136 equitum3

210 4170 418 4248 equitibusque,
457 4178 518 4225 tum
560 4187 598 4226 ex
636 4167 781 4226 montibus
817 4165 952 4240 Quinctio
988 4167 1113 4236 accito,
1133 4167 1266 4243 proelium

210 4272 278 4330 ciens
299 4275 412 4350 ipsein
434 4274 581 4332 sinistrum
613 4290 718 4344 cornu,
747 4272 836 4346 quod,
863 4271 996 4329 incendio
1028 4271 1149 4328 similius
1179 4290 1267 4345 quam

1020 4370 1065 4420 15’
