3392 5084
688 533 767 583 Liber
787 534 810 584 Ι.
854 590 857 601 ,
1195 538 1232 595 23

240 717 324 786 Tullo,
343 718 478 786 dicturos,
500 716 552 773 sed
572 716 694 793 imperio
715 720 827 795 subigi3
853 737 900 777 res
921 719 1072 795 repetitum
1096 738 1128 779 se
1148 722 1277 792 venisee;

237 823 427 893 uireddantur,
438 823 548 881 bellum
561 824 687 883 indicere
699 826 803 885 iussos.
838 826 889 886 Ad
912 827 974 883 haec
984 825 1086 885 Tullus
1099 828 1274 903 ,Nuntiute“
1290 830 1306 883 7

236 928 316 1002 inquit
343 928 420 1003 ,regi
442 940 551 1000 vestro,
571 948 669 1005 regem
689 932 853 989 Romanum
876 931 945 987 deos
964 930 1059 991 lucere
1084 942 1189 1004 testes,
1215 944 1278 993 nter

235 1035 304 1109 prins
322 1034 445 1109 populus
470 1053 517 1093 res
542 1043 703 1111 repetentes
733 1036 845 1111 legatos
867 1046 1037 1112 aspernatus
1060 1038 1212 1110 dimiserit,
1245 1048 1276 1097 nt

236 1142 336 1197 ineum
358 1159 458 1197 omnes
481 1149 620 1217 expetant
639 1140 758 1199 huiusce
785 1142 883 1199 clades
908 1142 1007 1199 belli“.
1049 1145 1121 1203 Haec
1142 1146 1275 1205 nuntient
1327 1138 1370 1209 23

237 1246 338 1302 domum
359 1245 479 1305 Albani.
523 1247 569 1313 Et,
589 1246 695 1305 bellum
716 1248 851 1323 utrinqne
883 1266 997 1305 summe
1021 1267 1077 1324 ope
1107 1253 1275 1326 parebatur,

239 1350 303 1407 civili
322 1351 495 1410 simillimum
517 1351 602 1422 bello,
622 1370 714 1428 prope
735 1353 810 1411 iuter
830 1364 965 1429 parentes
984 1366 1144 1430 natosque,
1173 1357 1277 1415 Troia·

169 1529 170 1538 ἵ
237 1477 293 1525 nam
311 1466 462 1533 utramque
483 1456 603 1533 prolem,
629 1476 718 1532 quum
738 1460 891 1519 Lavinium
915 1463 951 1519 ab
971 1461 1072 1531 Troia,
1094 1462 1132 1518 ab
1154 1462 1277 1519 Lavinio

237 1564 317 1632 Alba,
346 1566 383 1622 ab
414 1564 597 1622 Albanorum
628 1564 718 1640 stirpe
744 1584 845 1640 regam
881 1566 993 1623 oriundi
1021 1567 1147 1624 Romani
1175 1578 1277 1625 essent.

240 1670 352 1727 Eventus
381 1681 480 1727 tamen
509 1668 577 1727 belli
603 1669 697 1740 minus
731 1672 924 1731 miserabilem
959 1672 1170 1731 dimicationem
1201 1667 1308 1743 feriat

240 1776 303 1848 qnod
322 1795 374 1833 nec
394 1775 458 1833 acie
488 1782 629 1833 certatum
657 1787 700 1834 eet
729 1786 773 1847 et,
803 1779 884 1836 tectis
914 1779 1003 1838 modo
1035 1779 1135 1837 dirutis
1161 1778 1278 1839 ulterius

239 1882 313 1950 urbis,
332 1883 389 1939 duo
408 1880 510 1956 populi
530 1880 561 1936 in
582 1900 670 1939 unum
689 1882 801 1941 confusi
815 1892 890 1943 eunt.
925 1885 1035 1943 Albani
1046 1884 1158 1960 priores
1170 1880 1308 1960 ingenti3

241 1987 350 2045 creatu
370 1987 399 2044 in
422 2004 525 2062 agrum
546 1988 712 2045 Muranum
733 1987 871 2063 impetum
894 1990 997 2049 fecere.
1027 1988 1132 2049 Castra
1154 1992 1191 2049 ab
1208 1991 1278 2049 urbe
1345 2020 1347 2023 ·

240 2094 304 2149 laud
322 2094 385 2168 plns
406 2093 534 2167 quinque
566 2093 646 2149 milia
675 2111 814 2169 peseuum
840 2095 947 2166 locant,
978 2094 1060 2154 fossa
1087 2096 1279 2164 circumdent3

241 2198 307 2255 fossa
317 2198 421 2257 Cluilia
443 2198 481 2254 ab
503 2198 619 2255 nomine
640 2198 721 2257 ducis
741 2220 795 2275 per
815 2202 929 2276 aliquot
941 2199 1204 2277 saeculseppellata
1225 2210 1278 2271 est,

243 2304 319 2362 donec
339 2324 402 2362 cum
424 2324 457 2361 re
478 2322 583 2361 nomen
597 2323 712 2378 quoque
729 2315 873 2365 vetustate
896 2306 1030 2369 abolevit.
1062 2308 1097 2363 In
1117 2306 1162 2363 his
1177 2300 1308 2363 castr-104

242 2407 344 2467 Cluilius
375 2410 510 2467 Albanus
542 2402 608 2468 rex'
623 2412 762 2482 moritur;
794 2414 964 2471 dictatorem
1005 2410 1115 2470 Albani
1146 2411 1278 2468 Mettium

240 2515 369 2575 Fufetium
390 2524 498 2574 creant.
531 2515 651 2573 Interim
673 2518 776 2575 Tullus
797 2518 892 2590 ferox,
916 2518 1059 2594 praeoipue
1081 2525 1172 2575 morte
1193 2516 1278 2591 regis,

240 2640 417 2697 magnumque
438 2622 558 2679 deorum
590 2640 696 2681 numen
722 2626 760 2683 eb
793 2626 859 2700 ipso
888 2626 983 2701 capite
1013 2642 1111 2683 orsum
1138 2624 1170 2681 in
1194 2642 1279 2681 omne

240 2744 329 2785 nomen
348 2729 498 2787 Albanum
525 2728 718 2803 expetiturum
741 2747 852 2805 poenes
878 2734 915 2790 ob
945 2732 1049 2790 bellum
1077 2730 1197 2806 impium
1219 2729 1278 2787 dic-

240 2831 321 2900 titans,
332 2845 416 2893 nocte
432 2834 585 2910 praeteritis
604 2835 730 2893 hostium
741 2816 854 2907 castris,
874 2836 978 2895 infesto
990 2836 1117 2895 exercitu
1131 2836 1161 2893 in
1176 2854 1278 2911 agrum

244 2937 373 2997 Albanum
395 2941 500 3016 pergit
533 2940 580 2997 Ee
601 2958 648 2997 res
670 2942 708 2999 ab
731 2943 844 3000 stativis
866 2943 972 3001 excivit
993 2943 1135 3001 Mettium.
1181 2942 1308 3013 Ducit,5

243 3060 289 3115 qua
305 3045 435 3120 proxime
449 3048 487 3103 ed
508 3048 621 3105 hostem
643 3055 758 3122 potest3
778 3048 845 3107 inde
868 3049 995 3124 legatum
1011 3048 1189 3123 praemissum
1206 3066 1278 3104 nun-

243 3147 300 3207 tisre
319 3152 403 3209 Tullo
424 3152 521 3222 iubet,
544 3152 712 3228 priusquam
732 3153 882 3223 dimicent,
904 3170 977 3229 opus
995 3170 1058 3209 esse
1073 3152 1232 3226 colloqui0;
1254 3152 1279 3208 si

243 3272 321 3315 tecum
341 3276 512 3333 congressus
534 3259 587 3328 eit,
613 3258 684 3315 satie
705 3259 779 3317 scire
802 3279 838 3317 ea
859 3278 891 3317 se
912 3259 1083 3329 allaturum,
1106 3276 1170 3331 quae
1189 3256 1278 3314 nihilo

243 3362 319 3419 minue
339 3365 377 3421 ud
396 3384 460 3420 rem
481 3365 644 3422 Romanam
667 3365 806 3439 quemad
821 3364 970 3423 Albanam
987 3363 1158 3440 pertineant.
1190 3361 1308 3420 Haudss

246 3478 398 3542 aspernatus
410 3469 524 3538 Tullus,
545 3471 660 3532 temetsi
681 3488 759 3528 vana
771 3469 869 3529 afferri
880 3471 1007 3538 rebatur,
1028 3468 1057 3525 iu
1069 3468 1158 3527 aciem
1177 3458 1278 3525 educit.

243 3572 340 3632 Ereom
359 3584 461 3634 contre
493 3584 521 3631 et
543 3564 661 3635 Albani.
707 3577 868 3651 Postquam
898 3574 1030 3633 instructi
1058 3575 1192 3650 utrinque
1217 3583 1278 3633 sta-

243 3677 306 3749 bant,
326 3656 388 3739 eum
409 3681 512 3755 pencis
533 3700 686 3756 procerum
706 3683 737 3739 in
755 3684 881 3741 medinm
911 3683 997 3740 duces
1018 3680 1187 3756 procedunt.
1232 3680 1307 3738 Ibit

245 3783 293 3841 infit
311 3787 460 3843 Albanus:
495 3786 639 3856 „Iniuriae
660 3798 689 3844 et
710 3808 768 3845 non
789 3788 917 3846 redditae
939 3806 986 3845 ree
1008 3807 1044 3845 ex
1064 3786 1194 3857 foedere,
1216 3804 1280 3860 quaa

244 3892 352 3964 repetite
372 3894 440 3966 sint,
462 3902 491 3949 et
513 3910 568 3967 ego
589 3910 687 3968 regem
710 3904 841 3953 nostrum
864 3894 998 3953 Cluilium
1023 3910 1141 3951 causam
1161 3892 1279 3949 huiusce

246 4012 294 4052 csse
314 3999 386 4065 belli,
409 3998 525 4055 audisse
546 3998 657 4069 videor,
677 4019 731 4057 nec
752 4010 781 4057 te
801 4002 912 4069 dubito,
935 3999 1029 4069 Tulle,
1051 3999 1152 4055 eedem
1170 4017 1230 4074 prae
1251 4009 1279 4054 te

246 4097 321 4172 iene3
347 4106 397 4161 sed
421 4104 447 4161 ei
467 4122 540 4161 vera
559 4104 656 4179 potius
680 4124 768 4179 quam
798 4107 876 4165 dictu
904 4107 1037 4183 speciosa
1063 4104 1183 4163 dicenda
1204 4112 1279 4173 sunt,

248 4208 333 4279 cupido
352 4209 464 4285 imperii
487 4211 560 4267 duos
581 4221 722 4286 cognatos
731 4212 899 4286 vicinosque
919 4211 1043 4288 populos
1065 4212 1102 4269 ad
1124 4229 1206 4267 arma
1229 4208 1279 4265 sti-

248 4313 328 4373 mulat
354 4317 468 4391 Neque,
488 4327 567 4377 recte
592 4338 629 4377 an
650 4336 813 4394 perperam,
833 4319 1020 4393 interpretor;
1040 4315 1127 4375 fuerit
1147 4316 1203 4373 ista
1219 4316 1309 4375 eiue8
