3392 5084
545 581 624 630 Liber
637 579 685 632 lll.
723 581 768 644 (A.
784 581 830 631 ch.
842 582 914 643 449.)
1157 581 1214 638 179

219 765 286 820 bona
307 765 445 840 malaque,
469 784 556 840 quum
578 783 672 824 causae
693 765 820 824 dicendae
841 767 910 824 data
931 765 1055 823 facultas
1076 765 1122 835 sit,
1144 773 1204 822 tum
1225 782 1258 822 ae

219 880 400 945 experturum3
434 871 463 927 in
495 872 647 946 praeseutia
677 890 708 928 se
744 873 888 930 communi
923 873 986 929 iure
1015 871 1139 929 civitatis
1165 872 1257 928 cive‘m

219 979 363 1034 Romanum
387 977 433 1034 die
456 979 532 1034 dicta
559 978 720 1054 postulare,
750 987 781 1037 ut-
811 980 906 1038 dicere
935 977 1034 1048 liceat,
1063 987 1095 1034 ut
1121 976 1257 1035 iudicium
1298 987 1301 1002 ⁴

217 1083 303 1158 populi
322 1084 448 1142 Romani
470 1084 602 1160 experiri.
650 1085 719 1142 Non
740 1085 781 1142 ita
803 1104 834 1143 ae
855 1083 993 1140 iuvidiam
1014 1084 1205 1159 pertimuisse,
1227 1092 1258 1141 ut
1273 1085 1307 1140 ll

217 1188 275 1244 nihil
294 1190 323 1246 in
347 1188 482 1264 aequitate
504 1198 532 1244 et
558 1188 755 1248 misericordia
777 1191 881 1249 ciuium
907 1208 1025 1247 suomm
1054 1191 1116 1267 spei
1142 1191 1258 1251 habeat.

218 1294 290 1365 Quod
310 1296 334 1352 si
354 1296 462 1352 indicta
485 1313 573 1351 causa
594 1296 623 1352 in
645 1297 760 1354 vincula
781 1298 918 1365 ducatur,
938 1296 1042 1353 iterum
1070 1315 1107 1366 aa,
1128 1296 1259 1353 tribunos

217 1400 295 1472 plebei
309 1401 457 1476 appellare
472 1409 501 1457 et
515 1421 640 1471 monere,
662 1421 698 1458 ne
712 1402 867 1473 imitentur,
890 1420 963 1476 quos
978 1402 1097 1461 oderint.
1131 1400 1217 1474 Quod
1235 1401 1260 1457 si
1275 1401 1311 1456 12

216 1507 307 1562 tribuni
335 1507 436 1562 eodem
464 1505 572 1564 foedere
594 1507 737 1583 obligatos
759 1527 790 1564 se
811 1509 957 1566 fateantur
977 1508 1110 1564 tollenda
1132 1507 1261 1583 appella·
1307 1477 1323 1502 Ι

216 1611 288 1666 tionis
309 1629 407 1683 causa,
428 1612 458 1669 in
481 1612 558 1686 quod
578 1615 758 1690 conspirasse
780 1614 959 1672 decemviros
981 1612 1123 1672 criminati
1142 1612 1208 1678 sint.
1230 1620 1261 1668 at

217 1735 241 1772 se
260 1735 419 1792 provocare
440 1717 478 1774 ad
499 1719 646 1794 populum,
667 1719 824 1794 implorare
844 1719 923 1794 leges
945 1721 981 1777 de
1003 1718 1211 1795 provocatione
1232 1726 1261 1774 et

217 1824 367 1880 consulares
397 1834 425 1879 et
453 1823 634 1894 tribunicias,
665 1843 698 1879 eo
727 1825 791 1900 ipso
823 1844 899 1882 anno
927 1826 1010 1882 latas.
1064 1824 1157 1898 Quem
1184 1823 1259 1880 enim
1278 1826 1313 1882 13

217 1940 442 2001 provocaturum,
470 1930 494 1985 si
517 1931 573 1986 hoc
596 1930 779 2002 indemnata,
806 1932 915 1989 indicta
940 1951 1042 2002 causa,
1069 1949 1126 1987 nou
1154 1927 1260 1986 liceat?

218 2031 261 2089 Cui
289 2036 403 2110 plebeio
436 2044 465 2092 et
495 2036 595 2093 humili
623 2021 788 2111 praesidium
819 2037 848 2093 in
879 2038 990 2113 legibus
1016 2036 1095 2108 fore,
1125 2036 1151 2092 si
1177 2039 1258 2111 App.

218 2137 324 2197 Claudio
348 2160 405 2196 non
427 2141 484 2198 sit?
519 2141 557 2200 Se
570 2142 748 2199 'documento
767 2142 905 2218 futurum,
927 2153 1022 2199 utrum
1044 2143 1128 2200 novis
1148 2122 1286 2218 legibusx

217 2245 360 2303 domiuatio
388 2267 426 2304 au
452 2249 571 2305 libertas
595 2250 710 2306 firmata
734 2250 780 2320 sit,
805 2257 833 2306 et
855 2247 1012 2324 appellatio
1033 2248 1261 2324 provocatioque

219 2353 340 2410 adversus
376 2353 510 2410 iniuriam
547 2354 765 2430 magistratuum
804 2363 950 2412 ostentata
983 2362 1094 2411 tantum
1129 2353 1262 2426 inanibus

218 2457 311 2515 litteris
330 2479 369 2516 au
396 2479 464 2517 vere
493 2462 563 2517 data
585 2460 630 2521 sit.
675 2457 786 2517 Contra
814 2481 849 2518 ea
874 2461 1046 2537 Verginius,
1068 2478 1156 2517 unum
1182 2459 1264 2534 App·
1313 2451 1358 2519 57

221 2561 358 2622 Claudium
380 2575 408 2623 et
428 2567 524 2642 legum
547 2547 693 2642 expertem
716 2574 745 2622 et
765 2566 857 2624 civilia
879 2577 907 2624 et
925 2567 1044 2624 humani
1058 2565 1175 2623 foedenia
1189 2583 1261 2634 esse,

221 2670 310 2727 aiebat,
353 2672 541 2748 Respicerent
561 2671 687 2728 tribunal
710 2672 851 2742 homines,
872 2672 1020 2729 castellum
1033 2669 1293 2729 omniumscele·2

221 2795 280 2847 mm,
302 2779 350 2834 ubi
372 2778 517 2834 decemvir
528 2776 576 2834 ille
587 2786 752 2852 perpetuus,
774 2779 868 2843 bonis,
890 2786 981 2852 tergo,
1003 2777 1136 2852 sanguini
1157 2776 1262 2834 civium

223 2880 334 2954 infestus,
357 2885 456 2959 virgas
478 2901 649 2956 securesque
662 2883 949 2952 omnibusminitans,
971 2883 1091 2940 deorum
1101 2882 1263 2940 hominum·

224 3005 267 3060 que
286 2996 481 3064 contemptor,
510 2988 703 3058 carnificibus,
728 3007 786 3045 non
807 2989 956 3046 lictoribus
978 2988 1115 3064 stipatus,
1144 2987 1204 3044 iam
1225 2988 1263 3044 ab

223 3096 315 3170 rapinis
336 3103 364 3154 et
386 3094 510 3178 caedibus
526 3095 623 3151 animo
635 3094 672 3150 ad
684 3093 830 3151 libidinem
841 3113 937 3167 verso,
959 3093 1262 3170 virginemiugenuam
1317 3114 1319 3123 ’

223 3198 246 3253 iu
266 3201 350 3258 oculis
376 3201 478 3276 populi
498 3200 640 3268 Romani,
672 3198 751 3256 velut
779 3200 856 3256 bello
884 3210 1014 3276 captam,
1048 3200 1084 3256 ab
1111 3198 1264 3273 complexu

223 3306 299 3376 patris
320 3309 468 3382 abreptam
483 3305 622 3361 ministro
644 3305 766 3362 cubiculi
788 3307 832 3363 sui
852 3305 948 3363 clienti
969 3306 1046 3362 douo
1067 3288 1193 3371 dederit;
1215 3303 1296 3360 ubit

224 3413 315 3469 crudeli
336 3414 451 3470 decreto
474 3411 663 3485 nefandisque
684 3409 815 3466 vindiciis
837 3409 969 3467 dextram
997 3410 1088 3485 patris
1115 3410 1145 3467 iu
1175 3409 1263 3466 tiliam

225 3521 377 3588 armaverit3
410 3518 459 3576 ubi
490 3517 622 3574 tollentes
655 3533 759 3590 corpus
789 3516 957 3572 semianime
984 3515 1103 3591 virginis
1128 3534 1264 3591 sponsum

226 3627 440 3700 avunculumque
465 3623 495 3679 iu
522 3641 666 3680 carcerem
696 3621 760 3677 duci
789 3621 920 3691 iusserit,
951 3630 1052 3697 stupro
1083 3620 1265 3695 interpellato

228 3731 303 3804 magis
333 3749 420 3806 quam
449 3730 525 3786 caede
552 3737 656 3787 motus.
703 3727 742 3785 Et
769 3728 809 3784 illi
833 3746 977 3785 carcerem
1001 3727 1171 3784 aedificatum
1194 3745 1266 3797 esse,

229 3837 291 3906 quod
319 3835 492 3893 domicilium
521 3834 612 3909 plebis
638 3835 778 3906 Romanae
798 3852 905 3890 vocare
927 3834 965 3891 sit
985 3833 1094 3891 solitus.
1139 3834 1298 3891 Proindet

229 3950 254 3994 ut
270 3942 312 3998 ille
337 3943 439 3999 iterum
473 3959 507 3996 ac
530 3940 634 4014 saepius
659 3923 812 4015 provocet,
843 3939 884 3995 sic
910 3957 942 3996 se
970 3939 1072 3996 iterum
1100 3957 1135 3996 ac
1162 3940 1267 4016 saepius

229 4035 332 4104 iudicem
355 4048 395 4104 illi
416 4046 504 4116 ferre,
529 4046 558 4102 ni
576 4047 716 4103 vindicias
731 4047 769 4102 ab
782 4044 915 4118 libertue
924 4045 954 4102 in
966 4045 1132 4102 servitutem
1144 4045 1267 4114 dederit;

230 4151 249 4204 si
269 4153 300 4209 ad
319 4154 437 4210 iudicem
461 4172 519 4209 uon
550 4160 613 4216 eat,
643 4170 697 4227 pro
726 4150 864 4207 damnato
885 4149 914 4205 in
932 4150 1053 4222 ,vincula
1074 4152 1139 4208 duci
1158 4151 1268 4212 iubere.

232 4255 266 4313 Ut
287 4260 358 4316 haud
386 4277 531 4333 quoquam
559 4258 756 4332 improbante,
786 4256 827 4311 sic
853 4273 959 4327 magno
990 4264 1070 4312 motu
1097 4257 1300 4327 auimomm,6

1024 4439 1070 4489 12·
