3392 5084
546 503 626 553 nuber
643 504 692 553 111.
729 502 837 568 (acl.
851 507 921 566 sse.)
1170 513 1223 568 151

287 687 325 742 Et
343 685 396 744 illu
418 687 535 760 quidem
557 695 643 746 nocte
671 688 743 745 nihil
769 697 963 764 preterquam
992 690 1143 767 vigilatum
1173 692 1270 748 estin

211 792 285 847 urbe.
331 792 459 848 Postero
487 793 535 848 die
555 792 681 850 dictator
713 811 803 867 quum
832 801 901 852 ante
927 794 1021 852 lucem
1049 797 1078 852 in
1100 796 1197 854 ionum
1219 816 1269 854 ve·
1322 799 1366 866 27

211 898 301 964 nisset,
321 897 495 971 magistrum
517 897 646 971 equitum
668 896 738 954 dicit
751 897 788 954 L.
808 899 1004 974 Tarquitium,
1025 903 1155 977 putrioiae
1176 903 1270 978 gentis

212 1003 316 1076 etqui,
345 1020 438 1076 quum
464 989 608 1076 stipendia
631 1002 754 1076 pedibus
781 1012 901 1079 propter
922 1006 1270 1081 paupertatemfecisset,

211 1108 279 1164 bello
304 1117 404 1164 tamen
433 1107 544 1182 primus
569 1106 657 1182 longe
685 1109 827 1165 Romane
855 1110 1011 1168 iuventutis
1039 1112 1156 1169 habitus
1185 1121 1270 1168 esset.

211 1210 278 1268 Cum
303 1211 446 1286 magistro
473 1211 601 1286 equitum
630 1211 661 1267 in
690 1213 854 1271 contionem
884 1215 977 1286 venit,
1005 1214 1145 1274 iustitium
1175 1215 1300 1284 edicit,2

210 1318 299 1374 claudi
329 1318 471 1374 tabernas
503 1325 567 1374 tota
598 1317 670 1374 urbe
702 1318 796 1390 iubet,
829 1329 911 1377 vetat
943 1337 1125 1395 quemquam
1148 1320 1271 1394 privatur

211 1424 358 1498 quiequam
380 1423 424 1480 rei
445 1441 545 1497 ugere3
566 1433 638 1492 tum,
661 1423 825 1499 quicunqne
845 1433 932 1482 estete
954 1425 1071 1483 militari
1093 1433 1201 1495 essent,
1224 1430 1301 1486 etr-3

211 1531 274 1586 muti
294 1549 360 1586 cum
391 1526 509 1584 cibariis
538 1527 569 1584 in
594 1527 657 1586 dies
687 1530 816 1604 quinque
843 1531 935 1588 coctis
966 1531 1109 1606 vallisque
1130 1529 1271 1596 duodenis

211 1646 271 1693 aute
296 1635 367 1694 solis
391 1650 527 1690 occasum
551 1629 691 1710 [Martio]
713 1635 744 1691 in
766 1653 871 1711 campo
901 1637 1049 1708 adessent3
1073 1636 1178 1711 quibus
1200 1644 1299 1696 aetast

210 1743 244 1798 ud
263 1741 444 1799 militandum
466 1739 587 1814 grauior
608 1749 698 1811 esset,
730 1741 827 1798 vicino
848 1741 946 1812 militi,
977 1741 1092 1799 dumis
1115 1759 1270 1816 srmapa·

212 1857 281 1903 reret
300 1845 471 1919 vallumque
491 1853 612 1919 peteret,
641 1845 753 1902 cibaria
774 1864 900 1920 coquere
929 1847 1021 1907 iussit.
1065 1847 1114 1906 sic
1135 1847 1301 1908 inventust

213 1947 337 2003 discurrit
358 1946 397 2003 ud
418 1949 527 2006 vallum
548 1950 714 2024 petendum.
759 1950 931 2027 Sumpsere,
953 1953 1029 2010 unde
1053 1952 1156 2026 cuique
1177 1970 1270 2026 prox·

212 2052 291 2108 imum
320 2051 391 2121 fuit3
420 2054 583 2127 prohibitus
609 2074 696 2112 nemo
717 2065 775 2124 est,
806 2057 987 2133 impigreque
1009 2075 1109 2114 omues
1133 2058 1171 2114 ud
1194 2058 1270 2114 edic·

214 2169 266 2214 tum
295 2158 448 2216 dictatoris
480 2167 586 2234 presto
617 2158 707 2217 fuere.
763 2161 838 2218 Inde
871 2163 1034 2238 composito
1065 2163 1180 2237 agmine
1211 2169 1301 2224 nonii

213 2264 297 2320 itineri
327 2265 423 2338 magis
446 2273 515 2339 epte
537 2284 625 2339 quem
648 2265 768 2340 proelio,
796 2267 822 2324 si
839 2286 887 2325 res
915 2269 957 2325 ita
985 2268 1111 2336 tulisset,
1143 2266 1271 2340 legiones

215 2371 268 2443 ipse
286 2371 421 2442 dictator,
444 2371 583 2446 magister
596 2370 727 2444 equitum
742 2389 811 2429 suos
832 2373 944 2449 equites
965 2373 1053 2431 ducit.
1097 2372 1134 2429 lu
1147 2379 1271 2446 utroque

215 2477 333 2549 agmine,
367 2493 442 2550 ques
466 2483 580 2549 tempus
611 2476 707 2550 ipsum
738 2479 894 2551 poscebat,
925 2477 1143 2536 adhortationes
1176 2485 1271 2534 erunt:

215 2582 342 2638 adderent
362 2581 503 2656 gradum3
531 2588 679 2638 maturato
704 2601 778 2657 opus
807 2601 885 2652 esse,
917 2591 948 2639 ut
977 2592 1061 2640 nocte
1090 2583 1128 2640 ad
1157 2585 1300 2642 hostem?

216 2688 346 2760 perueniri
374 2695 493 2762 posset;
522 2684 669 2744 consulem
700 2689 917 2763 exercitumque
940 2690 1105 2747 Romanum
1134 2688 1270 2756 obsideri,

217 2793 318 2850 tertium
349 2793 434 2850 diem·
456 2790 652 2850 ium'clausos
682 2809 758 2861 esse;
794 2793 864 2866 quid
894 2811 1017 2867 qumque
1040 2813 1099 2851 nox
1127 2803 1177 2852 erit
1209 2793 1270 2850 dies

218 2895 288 2967 lerut,
303 2899 447 2954 incertum
469 2914 546 2965 esse3
568 2904 677 2971 puncto
698 2915 775 2978 sepe
797 2900 936 2973 temporis
957 2899 1150 2958 maximarum
1172 2917 1269 2956 rerum

218 3003 445 3060 momentaverti.
491 3001 662 3073 „Accelertq
677 3003 826 3078 signifer“,
851 3023 999 3079 „sequere
1018 3005 1129 3076 miles“,
1149 3005 1224 3062 iuter
1238 3011 1300 3068 ses

217 3124 336 3181 quoque,
366 3107 565 3182 gratificantes
596 3109 732 3178 ducibus,
765 3109 940 3167 clamabant.
994 3111 1094 3168 Medis
1125 3118 1209 3166 nocte
1240 3109 1270 3166 in

220 3211 344 3286 Algidum
365 3213 539 3288 perveniunt
562 3223 606 3283 et,
628 3223 660 3271 ut
681 3232 807 3285 sensere,
830 3217 942 3273 seiam
962 3233 1055 3291 prope
1075 3217 1174 3272 hostes
1199 3232 1271 3282 esse,

219 3318 291 3391 signe
310 3320 497 3380 constituunt.
543 3320 590 3377 Ibi
613 3321 748 3390 dictator,
770 3330 911 3394 quantum
933 3331 1019 3378 nocte
1039 3320 1167 3396 prospici
1188 3328 1271 3395 pote·
1318 3307 1366 3378 28

220 3432 267 3493 rut,
285 3443 357 3499 equo
378 3425 590 3483 circumvectus
612 3421 892 3500 contemplatusque,
915 3427 964 3501 qui
985 3434 1096 3484 tractus
1110 3435 1272 3483 castrorum

225 3545 327 3604 queque
345 3530 445 3588 formu.
467 3540 559 3601 esset,
586 3531 710 3591 tribunis
740 3530 863 3590 militum
881 3531 1054 3606 imperavit,
1080 3540 1111 3587 ut
1142 3530 1272 3588 sarcinas

224 3630 345 3693 inunum
367 3636 472 3694 coniici
492 3636 627 3707 iubeant,
657 3635 778 3692 militem
809 3655 873 3694 curn
904 3638 992 3694 armis
1020 3637 1157 3712 valloque
1177 3636 1273 3694 redire

225 3736 372 3798 inordines
393 3759 473 3798 suos.
520 3742 629 3812 Facta,
659 3759 724 3814 qum
743 3741 909 3817 imperavit.
959 3743 1047 3813 Tum,
1078 3761 1136 3818 quo
1158 3740 1303 3800 inerunt'l

226 3844 309 3902 urdine
337 3846 368 3902 in
398 3845 465 3916 viu,
502 3845 662 3902 exercitum
697 3865 813 3904 omnem
847 3847 936 3922 longo
969 3848 1085 3923 agmine
1114 3849 1274 3906 circumdet

224 3945 332 4007 hoedum
354 3953 458 4009 cestris
485 3961 529 4020 et,
558 3951 609 4007 nbi
641 3952 756 4026 signum
784 3952 886 4008 datum
907 3953 961 4021 sit,
986 3953 1143 4012 clamorem
1173 3971 1273 4012 omnes

225 4052 416 4126 tollereiubet3
436 4057 566 4114 clamore
586 4055 713 4127 subluto,
735 4065 803 4114 ante
824 4075 856 4114 se
878 4076 1022 4132 quemque
1044 4058 1149 4116 ducere
1163 4057 1273 4116 fossum

225 4165 249 4212 tt
264 4159 352 4218 iacere
373 4161 491 4220 vellum.
539 4161 629 4219 Edito
647 4161 781 4236 imperio,
802 4163 917 4237 signnm
939 4173 1069 4220 secutum
1093 4173 1145 4220 est.
1188 4161 1305 4219 Iussu3

227 4263 293 4322 miles
318 4263 499 4342 exsequitur3
527 4267 640 4324 demur
665 4267 765 4324 hostes
795 4266 1000 4324 circumsonat.
1052 4267 1179 4342 Superat
1207 4265 1274 4322 iude
