3392 5084
468 498 529 557 sot
758 493 838 543 Liber
856 492 893 545 v,
927 489 976 554 <a
993 504 1020 538 ιι.
1039 500 1062 539 c.
1079 486 1155 550 sot.)

395 678 584 739 tenuatum
613 679 751 754 urgebat,
780 676 885 737 Gallos
915 671 1081 749 pestilentis
1109 670 1216 741 etiam,
1243 686 1335 744 quum
1362 667 1426 727 loco
1442 667 1479 725 is'·

426 795 509 844 sente
529 782 605 841 inter
629 782 756 841 tumulos
777 791 875 841 cestra
894 780 1052 847 habentes,
1073 788 1135 836 mm
1156 777 1195 832 ab
1216 772 1359 834 incendiis
1385 771 1480 831 torrido

426 899 455 947 et
481 887 600 963 vaporis
632 888 718 964 pleno
751 888 950 961 cineremque,
981 902 1040 941 uon
1055 886 1059 890 ’
1072 881 1221 957 pulverem
1252 880 1345 937 modo
1377 876 1481 945 fercuu,

396 996 515 1069 dquam
538 993 608 1068 quid
629 994 708 1053 venti
730 1003 840 1051 motum
863 1001 949 1049 esset.
982 988 1115 1063 Quorum
1135 984 1397 1043 intolerantissima
1414 1001 1482 1058 gent
1519 1003 1521 1069 ζ

426 1097 599 1172 humerique
626 1116 661 1158 ac
684 1099 788 1176 frigori
816 1107 950 1164 assueta,
977 1112 1067 1169 quum
1096 1098 1220 1149 estuat
1247 1109 1363 1165 angore
1390 1096 1483 1147 vexata
1519 1139 1521 1170 ζ

425 1203 554 1279 vulgatis
574 1203 654 1261 velut
680 1203 711 1262 iu
737 1220 831 1279 pecua
860 1201 970 1261 morbis
1001 1208 1179 1270 moreretur,
1209 1194 1416 1273 impigritia
1435 1194 1483 1251 siu·
1519 1246 1521 1252 .

427 1310 512 1386 gulos
540 1307 696 1383 sepeliendi
730 1308 876 1383 promisce
906 1315 1060 1365 acervatos
1088 1303 1221 1363 cumulos
1252 1304 1406 1361 homiuum
1432 1319 1483 1357 ure·

428 1417 513 1487 haut,
542 1410 752 1487 bustorumque
779 1413 847 1479 iude
875 1410 1057 1472 Gallicorum
1087 1408 1208 1469 nomine
1236 1408 1385 1483 insignem
1404 1407 1482 1465 lomu

397 1520 531 1581 tfeoere.
573 1517 697 1577 Indutiae
718 1518 822 1575 deinde
842 1537 908 1575 cum
929 1516 1072 1576 Romanis
1092 1514 1179 1574 ncta
1206 1524 1236 1573 et
1262 1512 1414 1589 colloquia
1431 1529 1484 1586 pet·

429 1624 519 1683 missu
542 1624 750 1697 imperatorum
777 1622 893 1692 hahita3
921 1622 951 1679 in
978 1621 1084 1695 quibus
1113 1639 1203 1695 quum
1232 1619 1395 1677 identidem
1420 1616 1484 1677 Galli

427 1728 534 1787 famem
542 1727 699 1785 obiicereut
710 1744 803 1801 eaque
813 1726 985 1785 necessitate
995 1726 1034 1782 ad
1046 1726 1221 1785 deditionem
1230 1734 1389 1793 vocarent,
1399 1722 1485 1779 dicitur

428 1833 593 1893 averteudae
615 1832 676 1889 eius
698 1831 843 1907 opinionis
865 1850 957 1889 causa
977 1830 1074 1889 multis
1092 1831 1166 1889 locis
1186 1830 1273 1906 panis
1294 1831 1336 1888 de
1356 1827 1485 1903 Capitolio
1519 1888 1521 1912 Ι

399 1938 554 1999 bisctatus
576 1958 639 1996 esse
661 1937 691 1995 in
711 1936 837 1995 hostium
852 1937 1003 1996 stationes.
1048 1936 1110 1996 Sed
1130 1936 1191 1995 iam
1210 1954 1310 2011 neque
1325 1932 1486 1993 diaeimmui

428 2062 523 2119 neque
537 2042 608 2101 ferri
628 2042 705 2102 ultra
726 2024 819 2101 fames
841 2052 965 2117 poterat
1008 2044 1114 2117 Itaque
1129 2041 1197 2099 dum
1209 2040 1345 2099 dictatur
1361 2042 1485 2099 deleamur

429 2168 483 2225 per
496 2167 529 2207 se
549 2150 657 2207 Ardea
678 2150 777 2234 hebet,
799 2148 971 2223 magistrum
991 2149 1120 2223 equitum
1143 2147 1178 2205 L.
1202 2146 1359 2205 Valerium
1383 2166 1403 2203 a
1421 2142 1487 2201 Veiis

400 2255 576 2315 dadducere
592 2254 755 2333 ¹exercitum
778 2254 875 2324 iubet,
896 2263 984 2329 parat
1003 2252 1194 2328 instruitque,
1219 2253 1330 2327 quibus
1350 2251 1429 2311 haud
1445 2249 1487 2305 im·

325 2428 327 2433 ¹
429 2378 486 2434 par
507 2358 658 2417 adoriatur
679 2361 796 2429 hostes,
817 2358 933 2417 interim
955 2357 1138 2435 Capitolinus
1160 2359 1305 2417 exmcitus
1328 2357 1487 2417 stadonibus

429 2464 593 2539 vigiliisque
626 2462 738 2535 fessus,
773 2464 917 2538 superatis
947 2473 1045 2521 tamen
1075 2464 1212 2521 humanis
1237 2464 1380 2522 omnibus
1411 2460 1487 2527 meib,

431 2586 519 2643 quum
542 2568 650 2637 famem
679 2588 767 2627 uuam
796 2578 904 2625 natura
931 2569 1010 2627 vinci
1036 2588 1096 2626 uon
1125 2570 1247 2637 sineret,
1278 2569 1360 2628 diem
1393 2569 1429 2625 de
1452 2565 1488 2621 dio

402 2678 631 2748 lprospectaus,
653 2674 767 2749 eoquod
787 2674 928 2733 auxilium
950 2676 989 2733 ab
1007 2674 1150 2732 dictatore
1164 2683 1334 2750 appareret,
1356 2685 1487 2749 postremo

432 2796 485 2854 spe
512 2796 628 2853 quoque
656 2778 730 2849 iam,
763 2798 822 2837 non
845 2780 941 2837 solnm
962 2779 1028 2849 cibo
1060 2779 1211 2839 deficiente
1242 2793 1287 2850 et,
1318 2798 1413 2855 quum
1440 2788 1488 2833 sts·

432 2883 525 2943 tiones
546 2883 753 2957 procederent,
772 2905 866 2961 prope
894 2883 1084 2942 obruentibus
1107 2886 1253 2943 infirmnm
1274 2903 1387 2960 corpus
1406 2881 1489 2947 emit·
1519 2961 1521 2969 k

432 2987 481 3046 vel
501 2987 569 3044 dedi
594 2987 642 3043 vel
669 2989 773 3047 redimi
802 3009 848 3061 se,
880 3008 1054 3065 quacunque
1083 2989 1217 3065 pactione
1245 3002 1385 3064 possent,
1412 2987 1490 3051 iussit

432 3093 612 3152 iactantibus·
629 3113 687 3153 non
709 3097 832 3153 obscure
854 3095 964 3166 Gallis,
993 3096 1072 3153 haud
1101 3113 1209 3169 magua
1234 3098 1375 3156 mercede
1399 3115 1430 3154 se
1448 3093 1488 3151 ad·

402 3200 499 3261 bduci
520 3218 623 3276 posse,
653 3210 685 3259 ut
706 3200 888 3261 obsidionem
909 3200 1084 3275 relinquant.
1132 3202 1210 3259 Tum
1232 3211 1356 3261 senatus
1378 3200 1490 3263 habitet

432 3306 613 3381 tribunisque
641 3302 763 3365 militum
790 3306 938 3381 negotium
961 3305 1077 3375 datum,
1103 3316 1136 3361 ut
1155 3306 1387 3381 paciscerentur.
1429 3303 1490 3364 lude

433 3412 508 3469 iuter
542 3410 577 3483 Q.
608 3410 768 3489 Sulpicium
796 3412 943 3471 tribunum
975 3411 1099 3469 militum
1129 3420 1159 3467 et
1177 3411 1341 3471 Brennum
1373 3410 1488 3487 regulum

396 3503 410 3519 '¹
435 3516 589 3577 Gallorum
622 3516 767 3589 colloquio
796 3524 945 3573 transacto
975 3534 1022 3573 res
1054 3526 1113 3586 est,
1145 3526 1175 3571 et
1201 3516 1281 3574 mille
1312 3518 1415 3593 pondo
1439 3512 1489 3571 suti

403 3623 422 3679 9
434 3620 559 3697 pretium
580 3619 682 3695 populi
702 3620 836 3695 gentibus
858 3641 928 3678 mox
949 3621 1121 3697 imperaturi
1149 3618 1271 3678 factum.
1327 3623 1385 3681 Rei
1405 3620 1489 3679 tutis

434 3726 515 3783 simae
537 3744 589 3800 per
617 3744 649 3781 se
676 3726 790 3783 adiecta
811 3724 970 3801 indignitas
991 3736 1049 3783 est:
1078 3725 1209 3802 pondera
1231 3727 1270 3783 ab
1294 3726 1394 3785 Gallis
1414 3727 1490 3785 sllsss

434 3831 545 3906 iniqua,
567 3840 604 3901 et,
625 3831 741 3889 tribuno
756 3841 918 3900 recusante,
932 3830 1050 3903 additus
1064 3832 1103 3889 ab
1117 3830 1259 3888 insolente
1274 3830 1369 3891 Gallo
1383 3828 1490 3909 ponderi

435 3935 560 4011 gladius,
582 3936 740 4011 auditaque
762 3935 947 3993 intoleranda
967 3937 1110 3995 Romanis
1132 3956 1202 4008 vox,
1223 3955 1269 3993 ve
1289 3937 1378 3995 victis
1399 3929 1489 4015 [esse].

340 4040 385 4111 49
520 4040 579 4099 Sed
600 4041 697 4117 diique
719 4052 748 4101 et
769 4042 900 4099 homines
927 4042 1102 4117 prohibuere
1121 4043 1289 4117 redemptos
1316 4042 1415 4099 vivere
1440 4042 1487 4099 Ro·

436 4166 548 4205 munos.
595 4148 673 4204 Nam
695 4146 771 4206 forte
795 4148 938 4223 quedem,
967 4148 1139 4224 priusquam
1160 4147 1282 4205 infanda
1303 4166 1415 4207 merces
1434 4163 1489 4221 per·

435 4253 579 4319 ficeretur,
597 4269 651 4325 per
673 4252 892 4309 altercationem
912 4253 1042 4311 nondum
1069 4252 1148 4311 omni
1169 4271 1243 4310 auro
1265 4271 1417 4329 appenso,
1440 4249 1489 4307 dic·
