3392 5084
478 482 517 539 46
903 474 981 525 Liber
999 474 1022 525 l.

363 658 406 726 45
519 665 617 721 Aucta
638 660 754 719 civitate
775 659 973 736 magnitudine
993 661 1083 731 urbis,
1104 660 1237 721 formatis
1259 664 1498 723 omuibus-domi

438 780 467 827 et
489 769 528 826 ad
548 768 616 826 belli
636 778 667 825 et
686 768 725 826 ad
745 768 827 843 pacis
848 784 932 837 usus,
963 785 1000 823 ne
1021 784 1134 843 semper
1156 768 1244 825 armis
1268 788 1339 844 opes
1362 772 1497 847 acquire·

434 885 542 945 rentur,
563 875 683 933 consilio
704 892 811 951 augere
829 872 981 949 impeiium
1002 883 1123 931 conatus
1145 862 1198 945 est,
1219 875 1305 933 simul
1325 885 1354 933 et
1375 877 1497 952 aliquod

404 981 543 1039 laddere
565 978 633 1037 'urbi
663 980 759 1037 decus.
808 980 873 1037 Iam
896 988 956 1037 tum
984 988 1047 1036 erat
1071 980 1200 1038 inclitum
1229 980 1333 1039 Dianae
1360 983 1497 1063 Ephesiae

434 1087 552 1156 fannm3
592 1086 623 1143 id
652 1086 843 1145 communiter
878 1104 897 1142 a
927 1085 1090 1143 civitatibus
1124 1087 1204 1143 Asiae
1245 1084 1371 1158 factum,
1414 1087 1499 1147 fama

435 1193 555 1253 ferebat.
601 1192 677 1251 Eum
712 1209 882 1250 consensum
910 1192 1039 1267 deosque
1071 1193 1252 1251 consociatos
1271 1192 1394 1251 laudare
1423 1197 1497 1255 mire

435 1298 553 1359 Servius
573 1298 649 1355 inter
668 1314 803 1374 proceres
823 1297 1012 1369 Latinorum,
1043 1316 1108 1355 eum
1133 1298 1237 1372 quibus
1258 1297 1374 1372 publice
1395 1300 1497 1375 priva·

433 1405 543 1480 timque
576 1403 702 1478 hospitia
737 1403 937 1478 amicitiasque
970 1405 1006 1462 de
1042 1403 1184 1461 industria
1212 1402 1357 1462 iunxerat.
1410 1405 1496 1482 Saepe

433 1509 565 1568 iterando
597 1509 699 1567 eadem
736 1509 863 1584 perpulit
897 1510 1030 1582 taudem,
1069 1518 1102 1567 ut
1130 1511 1231 1568 Romae
1261 1506 1361 1587 fanum
1389 1511 1497 1569 Dianae

403 1617 535 1695 dpopuli
554 1614 652 1674 Latini
679 1633 744 1672 cum
771 1616 880 1690 populo
901 1617 1036 1675 Romano
1064 1612 1202 1673 facerent.
1257 1615 1305 1673 Ea
1332 1626 1396 1685 erat
1423 1636 1496 1677 eon-

433 1723 531 1793 fessio‚
551 1730 638 1798 caput
657 1739 753 1777 rerum
767 1722 893 1779 Romam
909 1740 980 1793 esse,
1002 1723 1038 1779 de
1060 1740 1117 1796 quo
1139 1721 1223 1779 toties
1245 1720 1334 1778 armis
1352 1731 1494 1781 certamm

433 1830 538 1887 hierat.
583 1828 620 1885 Id
647 1845 814 1902 quanquam
841 1827 979 1885 omissum
1009 1827 1068 1885 iam
1099 1845 1136 1883 ex
1163 1827 1290 1884 omnium
1320 1846 1391 1886 cura
1413 1830 1495 1887 Lati-

433 1954 536 1993 norum
574 1935 612 1991 ob
645 1952 706 1991 rem
742 1933 827 1991 toties
861 1932 1012 1991 infeliciter
1044 1940 1197 2013 tentatam
1215 1932 1302 1989 armis
1330 1934 1493 1994 videbatur.

434 2042 483 2100 uni
504 2060 536 2099 se
557 2059 595 2098 ex
616 2039 733 2100 Sabinis
753 2040 815 2098 fors
836 2041 907 2099 dare
929 2038 993 2095 visa
1018 2046 1061 2096 est
1089 2038 1205 2113 privato
1235 2038 1355 2097 consilio
1379 2040 1493 2117 impen‘i

402 2147 630 2225 drecuperandi.
672 2148 734 2205 Bos
754 2148 784 2205 in
797 2146 914 2207 Sabinis
934 2152 1005 2201 nata
1019 2144 1132 2202 cuidam
1151 2144 1229 2219 patri
1249 2144 1368 2203 familias
1389 2148 1492 2205 dicitur

433 2255 565 2314 miranda
586 2254 784 2330 magnitudine
803 2272 839 2312 ac
860 2251 969 2328 specie;
990 2251 1050 2307 fixa
1070 2268 1123 2326 per
1142 2249 1247 2307 multas
1261 2258 1361 2309 aetates
1384 2272 1492 2311 cornua

431 2362 461 2419 in
487 2360 648 2420 vestibulo,
665 2359 765 2436 templi
791 2358 896 2416 Dianae
925 2364 1142 2413 monumentum
1170 2355 1197 2412 ei
1223 2355 1305 2415 fuere
1341 2360 1491 2419 musculo.

402 2468 552 2539 5Habita,
573 2474 606 2523 ut
622 2474 694 2537 erat,
714 2482 762 2523 res
784 2463 910 2540 prodigii
929 2463 995 2521 loco
1017 2468 1070 2532 est,
1097 2470 1126 2518 et
1147 2460 1275 2519 cecinere
1294 2472 1389 2537 vates,
1413 2466 1491 2524 cuius
1520 2492 1521 2524 l

433 2573 557 2631 civitatis
590 2590 655 2629 eam
689 2570 761 2627 civis
787 2570 892 2627 Dianas
923 2568 1117 2644 immolasset,
1153 2567 1195 2625 ibi
1227 2567 1291 2627 fore
1323 2571 1491 2647 imperium;
1519 2594 1520 2635 t

403 2679 520 2754 6idque
540 2696 657 2737 carmen
677 2683 849 2752 pervenerat
870 2676 909 2733 ad
935 2674 1092 2733 antistitem
1119 2671 1181 2729 fani
1198 2673 1312 2733 Dianae.
1355 2676 1490 2748 Sabinus,
1518 2706 1519 2750 q

432 2793 465 2842 ut
486 2784 581 2860 prima
601 2791 672 2859 apte
691 2781 753 2839 dies
776 2782 918 2839 sacrificio
942 2782 1006 2839 viss
1031 2791 1088 2855 est,
1117 2783 1222 2841 bovem
1244 2785 1372 2841 Romam
1396 2795 1489 2844 actam
1517 2834 1518 2862 q

432 2890 548 2947 deducit
568 2888 607 2945 ad
632 2888 734 2947 fanum
755 2888 860 2945 Dianae
891 2896 920 2945 et
946 2897 1013 2947 ante
1035 2907 1117 2947 aram
1140 2889 1250 2947 statuit.
1301 2890 1489 2949 Ibilantistes
1516 2942 1517 2974 ἢ

432 2994 599 3066 Romanus,
626 3013 714 3069 quum
736 3012 800 3051 eum
824 2995 992 3069 magnitudo
1013 2995 1137 3053 victimae
1159 2995 1306 3054 celebrata
1325 2996 1409 3055 fama
1432 3016 1489 3055 mo·
1515 3054 1516 3088 1

345 3136 348 3141 -
432 3101 531 3170 visset,
551 3119 662 3157 memor
680 3098 812 3175 responsi
832 3098 972 3159 Sabinum
993 3100 1034 3157 ita
1055 3100 1228 3175 alloquitur:
1262 3101 1431 3175 „Quidnam
1452 3113 1488 3171 tu,
1514 3154 1515 3200 1

432 3209 553 3283 hospes,
587 3204 713 3282 paras?“
746 3204 856 3279 inquit,
888 3205 1013 3274 „inceste
1042 3206 1213 3265 sacrificium
1240 3207 1345 3265 Dianae
1374 3206 1487 3267 facere?
1513 3256 1514 3314 1

432 3314 511 3387 Quin
530 3322 562 3370 tu
582 3320 649 3369 ante
670 3311 738 3369 vivo
760 3308 941 3386 perfunderis
969 3311 1106 3369 flumine?
1137 3314 1237 3371 infima
1264 3313 1342 3371 valle
1368 3316 1489 3389 praefluit
1512 3342 1513 3427 p

402 3419 574 3478 7Tiberis.“
628 3417 779 3493 Religione
805 3424 900 3473 tactus
927 3414 1043 3492 hospes,
1075 3419 1125 3494 qui
1154 3418 1269 3490 omnis,
1297 3427 1330 3476 nt
1356 3420 1488 3497 prodigio

430 3522 618 3602 responderet
646 3531 780 3594 eventus,
811 3528 929 3598 cuperet
956 3522 1011 3579 rite
1039 3522 1133 3596 facta,
1164 3524 1310 3601 extemplo
1343 3525 1489 3583 descendit

432 3632 470 3689 ad
481 3630 623 3700 Tiberim3
643 3630 754 3687 interea
768 3630 918 3686 Romanus
939 3629 1071 3688 immolat
1087 3630 1192 3687 Dianae
1210 3631 1325 3688 bovem.
1368 3631 1403 3689 Id
1419 3633 1488 3689 mire

432 3744 547 3811 gratum
572 3735 635 3811 regi
651 3731 743 3809 'atque
765 3733 875 3793 civitati
895 3733 958 3793 fuit.

338 3832 381 3900 46
514 3842 633 3901 Servius
656 3858 823 3916 quanquam
847 3840 905 3899 iam
934 3858 988 3899 usu
1014 3841 1094 3899 haud
1120 3840 1207 3899 dubie
1235 3860 1357 3917 reguum
1386 3860 1487 3919 posse·

432 3948 524 4018 derat,
544 3955 652 4017 tamen,
673 3945 742 4020 quia
761 3945 904 4004 interdum
925 3946 1029 4004 iactari
1050 3964 1136 4005 voces
1159 3966 1178 4004 a
1200 3947 1303 4005 iuvene
1327 3949 1485 4023 Tarquinio

432 4052 577 4123 audiebat,
598 4069 630 4109 se
646 4052 756 4110 iniussu
776 4052 879 4128 populi
897 4071 1036 4129 regnare,
1063 4052 1218 4111 concihata
1236 4052 1317 4129 prius
1338 4054 1484 4111 voluntate

431 4157 524 4233 plebis
546 4175 618 4233 agro
639 4167 725 4235 capto
747 4177 784 4217 ax
804 4158 936 4217 hostibus
960 4157 1067 4215 viritim
1089 4157 1201 4230 diviso,
1229 4174 1317 4217 ausus
1349 4166 1393 4217 est
1413 4158 1485 4217 ferre

433 4262 471 4319 ad
491 4262 640 4338 populum,
658 4265 764 4323 vellent
783 4265 952 4323 iuberentne
972 4280 1004 4321 se
1024 4282 1159 4339 reguare;
1180 4272 1320 4339 tantoque
1338 4282 1483 4331 consensu,

401 4367 540 4442 2quanto
562 4370 639 4426 haud
661 4371 813 4446 quisquam
838 4371 911 4427 alius
932 4378 1007 4441 ants,
1032 4388 1084 4427 rex
1106 4380 1150 4428 ast
1170 4370 1342 4433 declaratus.
1385 4372 1483 4447 Neque
