3392 5084
483 521 543 583 len
772 523 851 576 Liber
867 522 916 574 lx.
940 525 1002 588 ’(4.
1014 537 1038 574 a
1050 540 1072 573 c.
1085 527 1157 582 444.)

343 691 391 774 34
438 709 515 766 Tnm
537 707 573 764 da
593 703 792 782 persequendo
807 709 891 767 hosta
905 708 1011 785 agitari
1024 718 1160 784 emptum.
1203 708 1286 767 Silva
1299 705 1481 765 aniciana

437 813 606 889 megistum
627 813 706 874 invia
727 822 815 889 atque
836 815 991 887 horrenda,
1013 833 1101 889 qnam
1121 833 1214 890 nnpcr
1234 814 1318 874 fuere
1331 813 1482 872 Germanici

385 948 387 957 v
435 917 537 989 441444,
558 917 629 976 nulli
651 919 688 976 ad
710 937 773 976 eam
796 919 872 976 diem
892 939 930 977 ne
950 930 1143 978 meneatorum
1159 919 1276 994 quidem
1292 896 1379 976 adita.
1415 920 1482 977 44444

436 1025 545 1082 intrare
572 1025 651 1082 hand
683 1023 744 1082 fene
781 1025 933 1100 quisquam
960 1035 1065 1102 preter
1098 1025 1202 1082 ducem
1231 1024 1327 1100 ipsum
1357 1025 1484 1094 audebat}

437 1131 502 1188 aliis
533 1131 665 1188 omnibus
693 1131 782 1188 eladio
811 1130 950 1190 Cendinae
983 1131 1111 1188 nondum
1146 1131 1287 1188 memoria
1320 1132 1483 1192 aboleverat

406 1229 514 1294 2Τ444
536 1251 574 1293 ex
593 1236 637 1306 444,
659 1237 709 1312 qni
731 1237 860 1307 aderant,
887 1237 1014 1294 consulis
1034 1235 1126 1294 frater
1147 1234 1226 1310 (enm
1247 1235 1374 1294 Fabium
1395 1236 1486 1294 Caso·

384 1342 387 1348 '
435 1337 591 1412 4444444144,
623 1341 657 1400 C.
685 1341 837 1400 Claudium
859 1342 998 1417 4444414444,
1011 1350 1104 1399 4444444
1125 1342 1239 1412 eadem,
1259 1359 1320 1414 qua
1340 1343 1486 1413 consulem,

436 1448 562 1523 genitum
594 1447 724 1523 tradunt)
759 1449 938 1524 speculatum
969 1465 1001 1504 44
1029 1446 1135 1503 iturum
1162 1445 1327 1521 professus,
1359 1449 1486 1524 brevique

406 1531 534 1610 noman
555 1549 634 1610 4444
655 1553 819 1614 allaturum.
862 1551 945 1610 een
958 1553 1097 1609 adunatus
1111 1552 1190 1627 apua
1204 1551 1345 1627 hospites,
1366 1555 1487 1612 annm

436 1659 502 1716 inde
525 1660 626 1718 litteris
649 1659 775 1716 eruditus
797 1668 869 1728 4444,
889 1657 1076 1733 linguamque
1090 1658 1244 1715 Etnmoam
1257 1661 1352 1734 probe
1365 1673 1488 1724 noverat.
1530 1680 1531 1685 ¹

380 1802 382 1812 ·
435 1765 542 1823 Habeo
563 1773 704 1833 44444444,
726 1765 814 1841 vulgo
836 1773 899 1822 tum
919 1766 1072 1822 Romanoa
1090 1783 1206 1839 pueros,
1227 1765 1304 1822 444444
1323 1766 1489 1825 nuqurte·
1530 1804 1531 1819 t

406 1871 493 1941 4444,
523 1871 565 1928 444
586 1867 716 1928 Etruscis
736 1871 836 1928 14444444
860 1867 967 1926 erudiri
995 1867 1109 1937 solitam
1136 1870 1187 1927 sed
1206 1869 1395 1946 propins⁸est
1414 1892 1490 1940 vero,
1530 1864 1532 1941 i

434 1976 610 2052 precipuum
631 1977 740 2052 aliquid
761 1977 851 2034 fuisse
873 1975 904 2032 in
927 1993 973 2044 eo,
995 1972 1044 2047 qui
1066 1992 1097 2032 44
1117 1985 1177 2032 tam
1193 1977 1298 2034 audaci
1312 1977 1491 2035 simulatione

434 2079 565 2140 hostibus¹
584 2083 780 2140 immiscnetit.
837 2081 946 2140 844444
977 2079 1003 2136 44
1034 2079 1264 2138 44444444.4444444
1294 2093 1368 2140 unns
1394 2081 1491 2151 444444,

404 2188 558 2246 5444444444
573 2207 630 2246 una
649 2205 741 2264 eoque
757 2189 835 2245 hand
849 2189 968 2264 ignarus
982 2187 1089 2262 lingna
1106 2185 1249 2254 eiusdem3
1269 2205 1324 2244 nae
1338 2187 1490 2263 quiequam

434 2294 513 2352 aliud
534 2293 747 2370 proficiscentes
776 2312 864 2369 qnam
895 2293 1060 2350 summatim
1087 2291 1232 2366 regionis,
1262 2311 1328 2366 qua
1357 2294 1494 2352 intranda

434 2407 511 2470 4444,
540 2411 675 2458 naturam
697 2416 732 2454 44
751 2399 870 2455 nomina
895 2399 1057 2474 principum
1083 2398 1113 2454 iu
1133 2397 1249 2472 populis
1270 2415 1425 2474 accepere,
1456 2419 1494 2456 ne

432 2505 494 2578 'qna
513 2504 589 2564 inter
611 2483 758 2578 colloquia
777 2502 882 2578 insigni
909 2511 982 2560 nota
1006 2505 1171 2561 hesitantes
1201 2503 1340 2578 deprendi
1365 2515 1495 2579 possent.

403 2608 498 2668 blera
519 2609 660 2683 pastorali
681 2609 798 2679 habitu,
820 2611 983 2685 sigmatibus
1001 2609 1079 2681 telis,
1099 2609 1224 2667 ioloibna
1244 2610 1387 2685 genisque
1408 2611 1497 2679 binis,
1530 2590 1531 2603 ³

432 2716 547 2774 44444444.
583 2715 642 2774 Sed
663 2733 756 2791 neque
777 2696 981 2773 uommefoium
1000 2716 1105 2791 lingum
1125 2734 1178 2772 nee
1201 2716 1292 2774 vastis
1306 2735 1498 2775 armorumve

432 2821 548 2878 habitus
562 2821 604 2878 444
618 2839 668 2878 eos
683 2822 763 2892 texit,
779 2839 866 2896 quam
881 2821 961 2897 quod
982 2822 1157 2879 abhorrebat
1172 2818 1292 2891 obfide,
1314 2839 1495 2896 quemqnam
1530 2762 1532 2875 4

401 2929 418 2984 7
430 2925 725 2986 axlemnmCiminios
736 2927 826 2985 saltus
836 2927 1018 2986 innantium.
1041 2929 1143 3002 Usque
1153 2929 1191 2984 ed
1201 2926 1352 2986 Camertes
1360 2928 1498 2986 Umbros
1530 2926 1531 2929 ’

431 3041 597 3107 penetrasse
612 3033 752 3093 dicuntur.
786 3033 909 3108 Ibi‚·qui
923 3038 1027 3102 4444444,
1041 3032 1128 3090 lateri
1140 3035 1307 3091 Romanum
1322 3049 1437 3103 aueum,
1451 3033 1498 3088 in·

431 3138 652 3214 troductumque
665 3142 695 3198 in
709 3148 840 3198 senatum
856 3138 981 3196 consulis
996 3139 1093 3196 verbis
1107 3140 1201 3214 egisse
1213 3139 1252 3196 de
1265 3139 1404 3196 societate
1420 3142 1498 3195 ami·-

400 3243 564 3320 8citiaqne‚
586 3255 673 3321 atque
693 3246 759 3304 inde
773 3245 848 3304 comi
871 3245 997 3320 hospitio
1018 3253 1178 3320 acceptum,
1198 3245 1333 3302 nuntiare
1348 3244 1498 3302 Romanis

428 3349 553 3420 iussum,
582 3362 774 3410 commeatum
797 3351 936 3410 4444444444
958 3350 1069 3408 dierum
1090 3347 1209 3424 triginta
1229 3360 1336 3424 praesto
1359 3349 1445 3420 fore,
1474 3350 1498 3406 si

418 3472 466 3526 ‚ea
496 3454 561 3512 loca
592 3457 743 3529 intrasset,
775 3460 1011 3532 iuventutemque
1042 3453 1217 3533 Camertium
1248 3452 1434 3514 Umbrorum
1468 3457 1498 3512 in

398 3559 517 3616 94444444
540 3561 673 3636 paratam
693 3563 816 3640 imperio
844 3563 983 3621 futuram.
1041 3563 1113 3620 Haeo
1140 3579 1228 3634 quum
1258 3562 1353 3620 444444
1379 3563 1499 3620 consuli

386 3707 388 3712 ,
429 3676 533 3738 4444444,
565 3663 776 3744 impedimentis
797 3669 893 3745 prima
914 3669 1016 3744 vigilia
1035 3667 1205 3744 praemissis,
1236 3666 1404 3742 legionibus
1429 3679 1501 3745 post

383 3775 415 3828 10
428 3767 633 3848 impedimenta
652 3777 694 3832 ire
716 3776 819 3847 444444,
852 3777 917 3850 ipse
943 3774 1070 3832 substitit
1101 3792 1166 3832 cum
1195 3774 1343 3848 equitatu,
1377 3785 1410 3832 44
1432 3776 1501 3832 lnce

426 3887 494 3936 otta
512 3889 630 3955 postero
653 3879 700 3938 die
731 3881 910 3957 obequitavit
936 3880 1109 3938 emtionibus
1134 3881 1277 3948 hostium,
1306 3897 1375 3954 quse
1409 3891 1500 3937 extra

427 3986 531 4042 saltum
554 3985 700 4061 dispositu
721 3993 818 4055 erant3
851 3990 879 4044 44
907 4005 995 4062 qnam
1021 3987 1172 4044 ’4444441444
1198 3985 1339 4042 4444444444
1366 3987 1499 4051 hostem,
1530 4021 1532 4029 =

425 4089 457 4148 in
478 4099 575 4148 444444
595 4109 658 4148 sesa
679 4093 807 4168 44444444,Ι
832 4101 978 4168 portaque
1003 4091 1095 4149 altena
1122 4097 1253 4167 egressus
1282 4101 1352 4148 ante
1375 4101 1498 4150 noctem

377 4197 410 4252 11
428 4211 531 4272 agmen
555 4197 727 4273 assequitur.
770 4197 894 4256 Postero
916 4198 963 4255 die
983 4197 1236 4272 lnce-pnimaiuga
1249 4191 1499 4258 cimmii'monm
