3392 5084
672 510 753 561 nuos
773 512 797 565 1.
1065 480 1067 485 ’
1182 518 1217 571 st

291 691 349 747 Iem
370 710 479 768 magne
495 694 650 769 Tarquinii
671 696 829 755 auctoritas
851 697 927 754 inter
941 697 1113 755 Letinorum
1130 712 1266 771 proceres
1316 692 1365 761 5⁰

211 804 280 863 eret,
299 814 382 868 quum
402 797 433 853 in
447 796 523 854 diem
538 806 658 871 certem,
679 810 712 856 ut
732 800 770 857 ed
791 801 888 859 lucum
899 804 1062 861 Ferentinae
1084 802 1268 873 convenient,

212 898 318 968 indicit;
346 919 428 972 esse,
461 921 527 977 quae
554 921 641 979 egere
667 905 703 963 de
723 908 811 964 rebus
840 908 1041 965 communibus
1061 907 1140 965 velit.
1189 905 1297 965 Con-2

212 1006 320 1061 veniunt
339 1005 507 1081 frequentes
533 1009 629 1083 prims
658 1010 736 1080 lnce;
755 1011 828 1087 ,ipse
851 1013 1029 1087 Tarquinius
1051 1012 1127 1069 diem
1150 1012 1265 1086 quidem

211 1113 337 1182 serravit,
358 1114 410 1170 sed
432 1114 521 1188 paulo
544 1123 620 1186 ente,
643 1134 732 1190 quem
748 1116 794 1175 sol
812 1118 966 1190 occideret,
988 1118 1076 1175 venit.
1118 1117 1214 1174 Mults
1227 1118 1268 1175 ibi

211 1226 268 1273 toto
286 1218 381 1275 disin
407 1219 530 1275 concilio
552 1221 641 1277 variis
668 1220 778 1279 iectete
804 1223 986 1281 sermonibus
1006 1230 1100 1279 erent.
1149 1223 1299 1283 Turnus'd

210 1321 365 1380 Herdonius
393 1325 432 1381 ub
455 1324 557 1383 Aricia
583 1323 720 1383 ferociter
745 1327 776 1383 in
809 1329 959 1385 absentem
981 1326 1174 1402 Tarquinium
1206 1338 1269 1383 eret

209 1425 336 1485 invectus.
371 1429 482 1498 „Haud
494 1430 598 1487 mirum
610 1448 675 1489 esse
683 1431 817 1509 Superbo
831 1433 954 1490 inditum
962 1434 1065 1491 Romae
1076 1434 1266 1507 cognomen.“

209 1530 279 1601 (lem
305 1533 381 1589 enim
409 1532 453 1590 ite
482 1534 557 1590 clem
586 1536 702 1608 quidem
728 1538 929 1609 mussitantes,
960 1538 1048 1613 vulgo
1076 1546 1174 1593 temen
1203 1554 1295 1605 eum,

210 1636 412 1710 appellebant.)
468 1641 538 1708 ,An
567 1640 724 1716 quicquam
746 1643 899 1719 superbius
926 1659 989 1699 esse
1018 1660 1106 1715 quem
1127 1642 1270 1699 ludificari

208 1740 247 1796 sic
264 1760 345 1799 omne
366 1762 476 1800 nomen
501 1744 660 1803 Latinum?
693 1748 879 1823 Principibus
901 1746 987 1821 longe
1008 1764 1027 1802 ιι
1048 1746 1136 1803 domo
1158 1746 1299 1816 excitis,4

208 1844 301 1917 ipsum,
323 1849 374 1922 qui
396 1849 552 1905 concilium
578 1850 724 1920 indixerit,
748 1870 808 1907 non
828 1853 941 1911 edesse.
990 1851 1112 1909 Tentsri
1137 1850 1269 1926 profecto

208 1951 383 2024 patientiam,
413 1964 461 2024 ut,
489 1955 515 2010 si
542 1955 643 2029 iugum
665 1957 846 2030 acceperint,
881 1956 1025 2014 obnoxios
1046 1965 1168 2031 premet.
1215 1953 1271 2012 Cui

209 2054 274 2111 enim
303 2076 364 2114 non
400 2077 562 2133 apparere,
601 2057 741 2116 affectare
778 2079 844 2117 enm
877 2061 1028 2137 imperium
1060 2061 1091 2117 in
1123 2058 1269 2117 Latinos?

209 2157 284 2229 Quod
314 2162 340 2218 si
370 2163 418 2219 sui
451 2165 527 2221 bene
560 2164 735 2222 crediderint
768 2165 863 2233 cives,
903 2176 954 2224 eut
986 2167 1011 2223 si
1033 2165 1172 2223 creditum
1197 2162 1301 2219 iliudb

207 2274 233 2317 et
252 2283 306 2322 non
325 2276 449 2342 raptum
475 2270 636 2343 parricidio
657 2269 708 2339 sit,
740 2271 859 2327 credere
883 2280 913 2328 et
934 2272 1070 2340 Latinos,
1100 2284 1269 2343 quenquam

207 2385 240 2423 ne
261 2370 300 2427 sic
330 2373 452 2446 quidem
485 2374 673 2449 alienigene,
710 2374 830 2444 debere;
864 2377 908 2432 sin
935 2392 1004 2431 suos
1030 2375 1092 2431 eius
1125 2364 1302 2447 peeniteetss

208 2475 303 2551 qnippe
325 2480 376 2552 qui
397 2480 448 2537 elii
465 2498 555 2555 super
578 2479 652 2536 elios
669 2478 863 2552 trucidentur,
891 2480 1054 2537 exsulatum
1077 2490 1162 2549 eent,
1194 2478 1273 2535 bona

209 2580 338 2653 emittent,
364 2586 439 2657 quid
462 2584 527 2659 spei
548 2584 676 2641 melioris
699 2583 814 2643 Latinis
834 2581 990 2658 portendi?
1037 2582 1069 2641 si
1091 2602 1123 2641 se
1142 2583 1272 2652 eudiant,

209 2684 313 2743 domum
333 2706 423 2744 suem
440 2691 587 2762 quemque
601 2688 668 2744 inde
688 2688 820 2746 abituros
841 2706 936 2762 neque
956 2688 1050 2763 magis
1066 2688 1273 2745 observaturos

209 2790 274 2847 diem
294 2792 423 2863 concilii,
447 2810 538 2865 quem
553 2792 626 2866 ipse,
649 2794 699 2867 qui
711 2792 858 2861 indixerit,
881 2794 1044 2849 observet.“
1089 2792 1163 2850 Haec
1184 2788 1303 2865 atque?

209 2895 258 2952 siis
277 2898 380 2955 eodem
403 2898 584 2973 pertinentis
609 2899 764 2955 seditiosus
787 2896 1029 2971 facinorosusque
1060 2898 1149 2953 homo
1171 2895 1274 2969 hisque

207 3002 308 3061 artibus
329 3024 405 3079 opes
427 3004 511 3059 dorni
533 3012 635 3059 nectus
660 3021 750 3076 quum
770 3002 901 3058 maxime
921 3002 1091 3071 dissereret,
1120 2999 1275 3057 intervenit

208 3106 388 3182 Tarquinius.
452 3108 486 3164 Is
512 3108 578 3163 finis
612 3108 737 3164 orationi
768 3105 839 3175 futu
878 3106 972 3163 eversi
1003 3123 1104 3163 omnes
1133 3106 1171 3161 ed
1197 3100 1305 3161 Tar-8

210 3210 328 3281 quinium
350 3212 555 3269 salutandum.
595 3212 663 3285 Qui,
685 3210 801 3266 silentio
821 3208 913 3280 facto,
935 3209 1062 3266 monitus
1084 3228 1103 3265 e
1124 3208 1276 3283 proximis,

209 3322 235 3368 ut
253 3327 394 3393 pingeret
429 3334 482 3386 se,
510 3317 589 3391 quod
609 3316 640 3372 id
661 3315 803 3390 temporis
823 3314 960 3385 venisset,
992 3313 1215 3388 disceptatorem
1235 3310 1277 3367 eit
1378 3384 1383 3395 .

208 3435 235 3474 se
253 3430 401 3497 sumptum
428 3421 508 3477 inter
528 3430 641 3495 petrem
663 3429 693 3476 et
712 3419 819 3487 filium,
851 3435 921 3474 cure
948 3416 1154 3475 reconciliandi
1175 3433 1225 3471 eos
1247 3415 1277 3471 in

210 3526 322 3597 gretiam
345 3533 500 3583 moretum
523 3542 595 3595 esse,
623 3534 661 3592 ct,
690 3523 761 3597 quie
783 3540 820 3577 ee
840 3539 889 3577 res
910 3520 1065 3578 exemisset
1087 3521 1168 3577 iilum
1189 3520 1276 3589 diem,

209 3634 317 3695 postero
345 3627 396 3683 die
421 3637 573 3698 acturum,
601 3647 665 3703 quae
693 3625 899 3685 constituisset.
953 3626 1001 3682 Ne
1031 3626 1060 3682 id
1090 3624 1207 3699 quidem
1238 3622 1308 3680 abs

210 3727 302 3787 Turno
324 3732 432 3787 tulisse
463 3732 585 3787 tacitum
607 3731 718 3796 ierunt;
747 3728 857 3785 dixisse
877 3729 963 3798 enim,
984 3730 1092 3786 nullam
1114 3728 1278 3785 breviorem

210 3851 265 3890 esse
285 3838 491 3911 cognitionem
502 3853 590 3909 quem
599 3837 676 3893 inter
688 3843 803 3909 petrem
819 3843 849 3888 et
862 3834 961 3904 filium,
982 3834 1142 3907 paucisque
1157 3832 1280 3906 transigi

210 3940 297 3997 verbis
324 3958 432 4016 posse:
471 3939 504 3995 ni
537 3951 641 4013 parcet
669 3939 764 4013 petri,
791 3938 957 3995 habitorum
992 3936 1181 3993 infortunium
1208 3954 1281 3995 esse.

211 4041 275 4101 Huc
295 4046 441 4103 Aricinus
463 4044 497 4099 in
516 4061 614 4117 regem
630 4046 799 4100 Romanum
820 4041 974 4115 increpans
996 4058 1033 4096 ex
1054 4041 1177 4097 concilio
1200 4042 1281 4099 abiit.
1336 4038 1377 4106 51

211 4147 298 4218 Quem
331 4162 398 4207 retu
430 4148 612 4221 Tarquinius
645 4148 813 4219 eliquanto,
852 4162 939 4217 quam
971 4144 1140 4214 videbatur,
1177 4148 1283 4221 aegrius

211 4250 298 4309 ferens
309 4254 471 4311 confestim
485 4254 587 4309 Turno
602 4270 703 4308 necem
720 4248 914 4319 machinetur,
935 4260 966 4305 ut
988 4248 1111 4305 eundem
1133 4260 1285 4327 terrorem,

1051 4348 1082 4398 4·
1300 4350 1303 4357 .
