3392 5084
798 1353 990 1436 LlBllR
1036 1357 1109 1436 1V.

906 1580 1006 1592 ...ρ-

235 1702 410 1820 ‘wlffssg
422 1705 485 1784 llos
508 1725 600 1784 secuti
620 1727 662 1784 M.
684 1725 832 1786 Genucius
860 1738 890 1786 et
911 1727 945 1787 O.
968 1727 1089 1787 Curtius
1111 1728 1256 1790 consules.
1304 1729 1381 1787 Fuit
1402 1745 1480 1787 annus

422 1831 502 1888 domi
524 1830 655 1907 forisque
675 1830 807 1891 infestus.
856 1835 936 1892 Nam
967 1835 1036 1891 anni
1064 1832 1208 1910 principio
1233 1834 1323 1891 etde
1345 1835 1480 1893 connubio

421 1944 538 2011 patrum
571 1945 600 1994 et
631 1938 724 2013 plebis
757 1937 793 1998 C.
826 1936 984 1997 Canuleius
1016 1940 1149 1997 tribunus
1179 1939 1273 2015 plebis
1304 1941 1481 2015 rogationem

391 2040 633 2117 lpromulgavit‚
663 2062 721 2119 qua
746 2044 940 2102 contaminari
969 2045 1140 2121 sangninem
1169 2063 1254 2102 suum
1288 2055 1394 2121 patres
1424 2043 1481 2102 con·

420 2146 560 2222 fundique
580 2148 646 2206 iura
666 2149 794 2223 gentium
815 2151 964 2223 rebantur,
985 2159 1015 2207 et
1035 2150 1143 2207 mentio
1158 2150 1254 2225 primo
1277 2150 1392 2207 sensim
1412 2149 1483 2207 illata

420 2271 438 2309 a
460 2253 592 2326 tribunis,
612 2261 646 2310 ut
667 2253 790 2312 alterum
812 2275 849 2313 ex
871 2255 956 2330 plebe
969 2256 1124 2313 ‘consulem
1146 2255 1246 2312 liceret
1267 2255 1341 2322 fieri,
1364 2275 1404 2314 eo
1424 2275 1482 2331 pro·

345 2393 351 2400 ·
420 2357 506 2415 cessit
531 2357 644 2430 deinde,
668 2366 701 2415 ut
722 2358 905 2434 rogationem
927 2378 1034 2417 novem
1055 2360 1164 2416 tribuni
1190 2359 1432 2436 promulgarent,
1457 2370 1482 2416 ut

418 2463 528 2539 populo
556 2471 687 2538 potestas
719 2473 809 2535 esset,
841 2483 893 2522 seu
923 2465 960 2522 ds
981 2464 1065 2541 plebe
1090 2484 1141 2523 seu
1171 2467 1208 2523 de
1228 2465 1362 2542 patribus
1396 2467 1480 2534 vellet

388 2568 552 2626 3consules
574 2567 710 2626 faciendi.
754 2570 789 2626 Id
813 2587 885 2627 vero
915 2571 940 2626 si
967 2571 1064 2641 fieret,
1092 2568 1152 2629 nou
1173 2571 1289 2647 vulgari
1309 2573 1405 2629 modo
1425 2591 1480 2629 cun

415 2673 533 2741 infimis,
555 2674 606 2730 sed
627 2690 748 2748 prorsus
773 2674 882 2732 auferri
898 2661 922 2732 a
942 2675 1119 2752 primoribus
1141 2678 1179 2734 ad
1200 2677 1318 2753 plebem
1340 2695 1480 2734 summum

387 2778 571 2854 iimperium
603 2780 767 2840 credebant.
817 2781 893 2837 Lati
924 2799 994 2856 ergo
1027 2781 1145 2839 audiere
1165 2792 1274 2859 patres,
1310 2783 1480 2841 Ardeatium

416 2883 556 2959 populum
587 2885 625 2942 ob
660 2885 794 2944 iniuriam
828 2888 892 2966 egri
924 2885 1082 2944 abiudicati
1108 2887 1250 2957 descisse,
1284 2895 1315 2944 et
1345 2888 1481 2945 Veientes

416 2969 608 3065 depopulatos
631 2998 764 3047 extreme
784 2992 848 3066 agri
868 2994 1009 3064 Romani,
1038 3001 1067 3049 et
1093 2991 1219 3049 Volscos
1241 2993 1425 3068 AEqnosque
1448 2994 1480 3048 cb
1522 2992 1523 2995 ’

415 3097 621 3153 communitam
654 3097 848 3172 Verruginem
879 3097 1020 3169 fremere3
1056 3098 1129 3154 adeo
1161 3098 1209 3155 vel
1241 3095 1345 3153 infelix
1376 3099 1480 3155 bellum
1522 3118 1523 3127 ¹

384 3200 615 3276 bignominiosae
646 3202 713 3277 paci
743 3202 945 3277 preferebant.
991 3203 1047 3260 His
1078 3203 1179 3277 itaque
1211 3201 1241 3259 in
1270 3201 1367 3258 mains
1396 3203 1479 3259 etiam

396 3307 550 3382 ‘acceptia
572 3315 605 3365 ut
625 3307 700 3364 iuter
720 3308 872 3383 strepitum
887 3317 932 3365 tot
951 3309 1094 3390 bellorum
1117 3308 1339 3366 conticiscerent
1354 3308 1480 3366 actiones

413 3411 587 3488 tribuniciae,
617 3413 744 3470 delectus
766 3413 886 3481 haberi‚.
907 3413 1012 3469 bellum
1036 3431 1176 3486 armaque
1199 3413 1229 3470 vi
1250 3429 1367 3470 summa
1389 3432 1478 3488 appa·
1522 3404 1523 3447 Ὗ

352 3555 356 3562 -
413 3515 473 3571 rari
494 3516 602 3590 iubent,
625 3517 650 3574 si
673 3536 731 3592 quo
745 3517 882 3596 intentius
902 3517 1005 3592 possit,
1028 3536 1117 3592 quam
1139 3518 1176 3574 T.
1201 3516 1340 3590 Quinctio
1363 3518 1478 3576 consule

412 3611 585 3695 apparatum
608 3621 654 3678 sit.

382 3718 399 3775 6
496 3725 572 3783 Τιιιιι
598 3725 632 3785 C.
656 3725 820 3796 Canuleius,
841 3743 938 3801 pauca
959 3724 990 3782 in
1011 3734 1114 3784 senatu
1135 3723 1332 3797 vociferatus,
1361 3729 1476 3801 nequic-

411 3847 499 3903 quam
527 3831 686 3889 territando
721 3830 854 3888 consules
881 3837 1013 3886 avertere
1042 3830 1157 3906 plebem
1185 3848 1203 3887 a
1233 3849 1304 3894 cura
1334 3851 1475 3889 novarum

410 3935 520 4011 legum;
547 3955 695 4013 nunquam
725 3956 775 3994 eos
796 3953 828 3992 se
858 3935 928 4015 rivo
949 3934 1091 3992 delectum
1120 3937 1288 4008 habituros,
1318 3945 1474 4010 antequam

411 4061 456 4113 ea,
478 4061 542 4116 quae
563 4043 749 4118 promulgata
771 4042 808 4098 ab
831 4059 863 4098 se
884 4040 1061 4116 collegisque
1083 4050 1192 4112 essent,
1214 4042 1314 4117 plebes
1335 4041 1475 4109 scivisset,

382 4146 562 4204 .confestim
604 4147 642 4204 ad
685 4146 848 4204 contionem
890 4146 1055 4204 advocavit.
1121 4147 1235 4204 Eodem
1271 4136 1402 4222 tempore
1447 4156 1475 4201 et

409 4251 541 4309 consules
571 4259 702 4308 senatum
731 4251 760 4307 in
790 4251 936 4308 tribunum
969 4261 998 4309 et
1018 4251 1151 4309 tribunus
1173 4253 1315 4328 populum
1344 4253 1375 4309 in
1404 4269 1474 4308 con-
