3392 5084
486 487 525 546 02
725 485 804 535 Liber
819 485 883 542 Vll.
918 486 963 548 (Δ.
975 501 1001 536 u.
1014 501 1038 537 o.
1051 486 1212 553 titt-89⁷.)

443 679 531 746 atque
551 671 664 747 agitare
677 671 772 748 coepit,
793 680 827 729 ut
846 683 908 730 arte
930 671 1029 746 aliqua
1046 682 1184 730 terrorem
1203 673 1333 730 hostibus
1347 673 1480 730 incuteret

333 793 339 806 ·
439 777 560 837 Sollerti
581 777 678 836 animo
698 799 759 836 rem
781 797 888 836 novam
911 778 1071 854 excogitat,
1102 797 1161 854 qua
1181 778 1284 836 deinde
1304 777 1384 836 multi
1404 779 1481 836 nostri

442 891 530 958 atque
551 885 664 943 externi
684 884 891 962 imperatores,
919 893 1020 942 nostra
1040 903 1157 960 quoque
1178 885 1296 960 quidam
1326 892 1421 953 aetate,
1447 883 1484 940 usi

413 988 519 1050 dsunt.
567 991 654 1049 Mulis
672 1002 765 1049 strata
787 990 900 1050 detrahi
920 990 1010 1061 iubet,
1031 990 1164 1064 binisque
1190 999 1302 1048 tantum
1323 991 1483 1048 centunculis

442 1097 563 1168 relictis,
591 1115 733 1173 agasones
754 1099 859 1173 partim
890 1097 1012 1172 ceptivis
1041 1096 1146 1172 partim
1177 1114 1319 1172 oegrornm
1343 1098 1428 1154 aruris
1447 1116 1482 1154 or·

412 1197 526 1260 ductos
546 1203 676 1279 imponit.
719 1203 776 1260 His
796 1201 858 1260 iere
885 1202 964 1260 mille
987 1200 1095 1260 effectis
1122 1212 1236 1260 eentum
1259 1203 1400 1261 admiscet
1418 1205 1484 1277 aqui·

442 1320 495 1378 tes,
518 1319 546 1367 et
568 1320 652 1367 nocte
673 1329 760 1384 super
779 1317 877 1366 castre
897 1309 928 1366 iu
950 1317 1062 1367 montes
1084 1309 1210 1366 evadere
1231 1327 1268 1366 sc
1296 1308 1379 1367 silvis
1398 1328 1428 1366 se
1446 1328 1484 1366 cc·

442 1416 552 1473 culmo
569 1417 650 1474 iubet
669 1434 763 1491 neque
783 1416 851 1472 indo
873 1426 940 1472 ante
961 1414 1087 1484 moveri,
1110 1432 1197 1488 quam
1221 1401 1260 1472 cb
1282 1433 1315 1472 se
1336 1417 1485 1491 acciperent

412 1516 565 1597 9signum'.
613 1523 689 1596 lpse,
719 1522 770 1580 ubi
789 1522 901 1596 illuxit,
933 1523 963 1582 in
992 1520 1138 1579 radicibus
1170 1521 1313 1579 montium
1348 1522 1486 1580 extendero

444 1628 535 1684 aciem
569 1627 655 1703 coepit
683 1627 798 1696 sedulo,
829 1637 862 1684 ut
893 1629 1032 1685 adversus
1057 1636 1169 1683 montes
1198 1627 1372 1686 consisteret
1400 1629 1485 1686 hostis.

394 1730 430 1786 10
442 1733 588 1790 Instructo
607 1734 676 1792 veni
695 1733 814 1790 terroris
835 1742 990 1808 apparatu,
1014 1730 1063 1805 qui
1082 1731 1196 1806 quidem
1218 1742 1317 1790 terror
1334 1734 1401 1809 plus
1420 1751 1486 1809 pene

258 1856 262 1870 ¹
364 1885 371 1908 Ι
406 1893 409 1897 J
442 1838 519 1894 veris
539 1839 649 1896 viribus
665 1839 782 1915 profuit,
802 1840 896 1915 primo
918 1839 1035 1896 credere
1055 1837 1142 1894 duces
1166 1837 1342 1910 Gallorum,
1372 1859 1429 1897 non
1447 1840 1485 1894 de

442 1963 594 2003 scansuros
614 1946 644 2002 in
664 1963 777 2020 {equum
800 1921 965 2013 Romanum
992 1942 1105 2012 deiude,
1133 1943 1183 2000 ubi
1204 1944 1363 2018 degressos
1384 1955 1486 2022 repente

443 2051 585 2120 viderunt,
607 2051 712 2126 stipsi
735 2052 813 2109 avidi
834 2050 999 2108 certaminis
1019 2049 1048 2106 in
1076 2049 1208 2124 proelium
1230 2060 1335 2123 ruunt,
1365 2053 1487 2127 priusque

350 2145 390 2217 15
443 2167 542 2232 pugna
562 2157 658 2232 erepit,
680 2176 767 2233 quam
789 2157 902 2233 signum
926 2157 963 2212 ab
985 2155 1112 2232 ducibus
1134 2157 1262 2214 deretur.
1318 2159 1426 2216 Acrius
1452 2157 1487 2213 in·

444 2280 546 2318 uasere
573 2261 653 2320 Gelli
681 2263 814 2319 dextrum
847 2280 950 2331 cornu,
979 2279 1072 2335 neque
1102 2263 1237 2320 sustineri
1262 2264 1439 2338 potuissent,
1466 2263 1487 2318 ni

443 2366 519 2426 forte
539 2387 574 2425 eo
596 2369 661 2426 loco
687 2369 812 2425 dictator
830 2368 942 2438 fuisset,
969 2366 1037 2426 Sex.
1061 2368 1187 2426 Tullium
1209 2371 1329 2427 nomine
1350 2371 1488 2445 increpans

412 2469 644 2549 irogitansqne,
672 2474 761 2532 sicine
781 2483 962 2549 pugnaturos
992 2473 1097 2532 milites
1124 2475 1354 2550 spopondisset?
1385 2477 1431 2532 ubi
1456 2473 1489 2532 illi

441 2580 584 2638 clamores
605 2581 662 2638 sint
676 2579 969 2655 erma-poscentium,
993 2580 1043 2637 ubi
1066 2582 1160 2650 minae,
1182 2581 1294 2639 iniussu
1316 2580 1488 2658 imperatoris
1512 2613 1513 2616 =

441 2685 573 2760 proelium
592 2685 734 2743 inituros?
764 2687 809 2743 Eu
836 2686 930 2761 ipsum
960 2686 1165 2760 imperatorem
1196 2687 1278 2744 clera
1299 2703 1376 2744 voce
1396 2701 1488 2744 vocare
1512 2735 1513 2752 ,

443 2791 481 2848 ad
502 2792 634 2866 proelium
657 2802 686 2850 et
705 2792 748 2849 ire
770 2800 913 2848 armatum
945 2800 1012 2849 ante
1035 2792 1131 2866 prima
1152 2793 1251 2868 sigea3
1274 2792 1379 2866 ecquis
1399 2807 1488 2864 seque
1511 2851 1512 2856 η

440 2905 520 2953 retur
542 2915 656 2968 eorum,
684 2899 734 2972 qui
755 2897 843 2954 modo
867 2897 980 2954 ducturi
999 2893 1119 2966 fuerint,
1151 2895 1180 2952 in
1203 2895 1307 2952 castris
1328 2895 1447 2964 feroces,
1465 2893 1487 2949 in

411 3001 505 3063 3acia
525 3002 644 3078 pavidi?
682 3005 763 3062 Vera
783 3003 953 3070 audiebant;
987 3001 1088 3076 itaque
1116 3010 1213 3058 tantos
1243 3002 1341 3077 pudor
1369 3001 1486 3058 stimulos

441 3109 580 3183 admovit,
602 3121 635 3167 ut
653 3119 768 3168 ruerent
787 3111 817 3166 in
839 3106 964 3166 hostium
986 3105 1045 3163 tela
1067 3106 1199 3166 alienatis
1221 3127 1240 3165 a
1260 3107 1406 3166 memoria
1424 3104 1487 3182 peri·

442 3216 499 3273 culi
519 3215 630 3273 animis.
673 3216 731 3273 Hic
745 3215 839 3290 primo
860 3214 984 3288 impetus
1006 3231 1098 3288 prope
1112 3231 1214 3270 vecors
1235 3213 1369 3272 turbavit
1389 3215 1486 3276 bostes3

411 3325 529 3396 laques
550 3322 654 3380 deinde
684 3322 805 3379 emissus
836 3319 969 3378 turbatos
999 3318 1113 3379 avertit.
1170 3320 1239 3395 lpse
1271 3320 1399 3378 dictator
1419 3325 1486 3394 post·

442 3446 528 3501 quern
549 3429 695 3487 labantem
714 3447 772 3487 una
794 3435 878 3503 parte
898 3423 972 3481 vidit
992 3423 1099 3493 aciem,
1125 3426 1210 3501 signa
1230 3427 1261 3484 in
1282 3427 1388 3484 loevum
1410 3439 1485 3482 corun

442 3532 562 3603 confert,
584 3552 641 3608 quo
660 3534 775 3590 turbam
797 3531 923 3589 hostium
947 3533 1118 3604 congregari
1139 3535 1290 3605 cernebat,
1324 3542 1354 3590 et
1374 3532 1419 3602 iis,
1446 3525 1485 3603 qui

412 3637 471 3694 tin
495 3647 592 3695 monte
619 3647 710 3706 erent,
738 3623 863 3712 signum,
893 3637 972 3712 quod
1006 3646 1192 3708 convenerat,
1213 3639 1301 3698 dedit.
1350 3639 1410 3699 Ubi
1431 3635 1487 3693 indo

442 3761 558 3817 quoque
580 3761 672 3802 novus
694 3745 805 3802 clamor
825 3753 921 3814 ortus,
944 3744 1109 3800 attendere
1131 3743 1249 3817 obliquo
1270 3754 1369 3802 monte
1389 3745 1426 3801 ad
1446 3760 1485 3798 cuv

441 3857 502 3905 stra
525 3848 677 3907 Gallorum
698 3849 849 3918 visisunt,
871 3863 931 3906 turn
954 3859 1045 3919 metu,
1066 3866 1103 3904 ne
1126 3848 1364 3920 excluderentur,
1392 3849 1482 3906 omissa

411 3952 538 4029 iipugna
559 3966 617 4024 est,
639 3974 781 4029 cursuque
804 3954 896 4012 effuso
918 3954 956 4022 ad
978 3963 1074 4011 castra
1100 3952 1276 4010 ferebantur.
1327 3956 1387 4016 Ubi
1409 3971 1481 4029 quun

442 4060 614 4117 occurrisset
634 4061 675 4118 eis
704 4062 745 4119 Μ,
768 4061 903 4123 Valerius
925 4060 1063 4135 magister
1085 4060 1227 4133 equitum,
1259 4062 1318 4135 qui,
1341 4061 1480 4138 profligato

443 4166 545 4222 dextro
578 4185 683 4237 cornu,
714 4150 904 4239 obequitabat
934 4165 1060 4222 hostium
1091 4165 1290 4237 munimentis,
1322 4166 1360 4224 ed
1386 4175 1481 4224 montes

411 4266 588 4346 isilvasque
608 4275 723 4328 vertbnt
743 4271 852 4346 fugam,
873 4271 1046 4347 plurimique
1067 4271 1107 4330 ibi
1129 4270 1261 4330 afullaci
1282 4273 1409 4348 equiturn
1428 4287 1479 4344 spe·
