3392 5084
686 553 764 601 Liber
779 551 802 605 Ι.
1194 557 1227 612 11

235 747 362 812 apparatu
383 746 445 794 tum
467 737 598 795 sciebant
618 748 669 795 aut
688 747 839 813 poteraut,
863 738 1052 807 concelebrat,
1077 746 1109 794 ut
1129 756 1190 795 rem
1214 739 1272 795 cla·

230 862 282 899 ram
303 850 558 919 exspectatamque
577 842 694 901 iaceret
736 844 822 902 Multi
837 843 973 901 mortales
988 861 1156 911 convenere,
1177 842 1304 901 studioS
1377 827 1379 835 ’

232 949 306 1005 etiam
338 948 470 1005 videndae
497 967 581 1005 novae
613 949 707 1018 urbis,
729 948 855 1006 maxime
876 950 1002 1025 proximi
1025 949 1150 1025 quique,
1179 948 1271 1007 Caeni·

231 1072 331 1125 nenses,
342 1053 530 1125 Crustumini,
542 1057 750 1125 Antemnates;
771 1056 859 1113 etiarn
882 1055 1057 1115 Sabinorum
1072 1055 1165 1113 omnis
1178 1055 1272 1113 multi·
1286 1058 1303 1115 9

231 1160 289 1216 tudo
307 1178 370 1217 cum
391 1159 490 1216 liberis
514 1176 549 1216 ac
570 1160 740 1235 coniugibus
761 1162 848 1220 venit.
892 1162 1010 1219 Invitati
1030 1162 1210 1237 hospitaliter
1221 1181 1274 1237 per

229 1268 318 1324 domos
340 1285 430 1341 quum
451 1264 537 1321 situm
558 1266 731 1340 moeniaque
752 1276 781 1323 et
804 1266 983 1341 frequentem
1005 1267 1087 1324 tectis
1109 1269 1210 1325 urbem
1232 1268 1273 1323 vi·

229 1372 338 1441 dissent,
367 1372 528 1441 mirantur,
564 1381 624 1427 tam
654 1372 735 1429 brevi
761 1391 822 1429 rem
849 1374 1012 1432 Romanam
1036 1372 1169 1431 crevisse.
1214 1373 1273 1432 Ubi
1290 1377 1324 1433 10

230 1476 375 1552 spectaculi
396 1486 510 1552 tempus
530 1477 618 1548 venit,
639 1478 799 1553 deditaque
820 1497 856 1536 eo
878 1488 987 1536 mentes
999 1496 1065 1537 cum
1081 1478 1171 1537 oculis
1183 1488 1273 1549 eraut,

229 1594 279 1640 tum
300 1602 337 1640 ex
358 1582 520 1657 composito
542 1590 607 1639 orta
629 1584 688 1654 vis,
714 1584 856 1666 sign-oque
882 1586 951 1642 dato
979 1585 1112 1642 iuventus
1140 1586 1274 1643 Romana

231 1690 262 1745 ad
277 1689 430 1765 rapiendas
452 1688 578 1763 virgines
605 1688 748 1746 discurrit.
795 1690 906 1767 Magna
926 1708 995 1766 pars
1016 1689 1106 1761 forte,
1136 1690 1166 1746 in
1189 1709 1272 1765 quem
1290 1694 1322 1748 ll

232 1814 342 1870 quaeque
358 1795 507 1864 inciderat,
529 1804 633 1870 raptae3
656 1797 798 1870 quasdam
818 1792 915 1854 fornia
938 1796 1118 1866 excellentes,
1140 1795 1272 1870 primori-

231 1901 277 1957 bus
297 1910 411 1976 patrum
433 1900 602 1970 destinatas,
623 1919 660 1957 ex
683 1901 768 1977 plebe
777 1902 917 1972 homines,
940 1902 1043 1977 quibus
1063 1900 1162 1957 datum
1185 1919 1273 1975 nego-

232 2006 293 2063 tium
314 2017 392 2076 erat,
422 2006 526 2062 domos
548 2006 725 2065 deferebant
776 2010 873 2068 Unam
895 2007 981 2082 longe
1003 2016 1070 2065 ante
1092 2008 1164 2065 alias
1185 2007 1273 2082 insig-
1289 2009 1326 2065 12

230 2130 285 2168 nem
297 2113 391 2188 specie
413 2130 448 2169 ac
469 2112 680 2188 pulchritudine
701 2130 720 2167 a
740 2111 828 2185 globo
842 2112 968 2169 Talassii
990 2113 1138 2170 cuiusdam
1160 2123 1274 2188 raptam

230 2215 325 2288 ferunt,
345 2217 500 2291 multisque
510 2217 731 2289 sciscitantibus,
753 2217 866 2275 cuinam
885 2236 950 2275 earn
971 2216 1086 2289 ferrent,
1108 2218 1272 2287 identidem,

231 2324 342 2398 nequis
360 2323 498 2393 violaret,
530 2323 666 2395 Talassio
694 2321 765 2380 ferri
792 2323 990 2393 clamitatum,
1022 2324 1089 2381 inde
1114 2323 1272 2398 nuptialem

232 2430 295 2486 hanc
315 2447 416 2487 vocem
437 2427 571 2485 iactam.>

300 2535 432 2592 Turbato
460 2552 513 2608 per
539 2542 646 2591 metum
677 2534 802 2604 ludicro,
840 2534 931 2591 maesti
962 2544 1096 2611 parentes
1125 2533 1270 2609 virginum
1286 2539 1322 2596 13

230 2639 398 2716 profugiunt,
431 2640 596 2697 incusantes
623 2638 722 2696 violati
748 2641 866 2716 hospitii
887 2640 989 2697 foedus
1017 2640 1160 2715 deumque
1189 2640 1271 2697 iuvo-

230 2757 333 2817 cautes,
367 2746 447 2804 euius
472 2744 510 2801 ad
531 2736 670 2802 sollemne
695 2745 836 2821 ludosque
857 2766 909 2822 per
929 2745 975 2803 fas
1000 2765 1034 2803 ac
1054 2746 1141 2803 fidem
1162 2746 1273 2821 decepti

230 2852 371 2913 venissent.
417 2852 481 2909 Nec
502 2849 595 2925 raptis
616 2860 667 2907 aut
688 2870 754 2927 spes
781 2853 817 2909 de
843 2871 875 2909 se
905 2852 1005 2909 melior
1038 2861 1087 2909 aut
1114 2852 1273 2927 indignatio
1291 2856 1325 2911 14

232 2968 270 3013 est
287 2959 383 3018 minor.
416 2956 717 3031 Sedipspffitomulus
739 2957 908 3017 circumibat
935 2958 1129 3032 docebatque,
1159 2971 1274 3033 patrum

233 3060 257 3115 id
276 3064 405 3137 superbia
425 3056 556 3132 factum,
580 3062 629 3135 qui
659 3063 831 3120 connubium
860 3063 986 3121 finitimis
1009 3072 1178 3139 negassent3
1210 3064 1274 3121 illas

234 3175 317 3223 tamen
336 3168 366 3224 in
388 3169 588 3237 matrimonio,
610 3169 639 3225 iu
661 3168 1002 3227 societatefortuuarum
1025 3168 1152 3226 omnium
1173 3170 1272 3226 eivita-

233 3268 314 3343 tisque
334 3282 378 3343 et,
407 3292 466 3347 quo
487 3274 558 3331 nihil
578 3274 673 3332 carius
702 3274 828 3331 humano
857 3274 956 3349 generi
978 3275 1028 3344 sit,
1049 3276 1171 3333 liberum
1193 3275 1272 3346 iore3

233 3375 362 3434 mollirent
382 3379 470 3436 modo
492 3379 551 3436 iras
575 3389 617 3449 et,
645 3381 749 3453 quibus
770 3380 832 3439 fors
854 3398 978 3455 corpora
999 3380 1138 3451 dedisset,
1171 3380 1323 3439 darent15

234 3482 342 3553 animos3
374 3504 451 3559 saepe
480 3504 518 3541 ex
545 3485 650 3541 iniuria
681 3486 865 3561 postmodum
894 3485 1019 3559 gratiam
1040 3496 1147 3556 ortam3
1181 3506 1272 3562 eoque

234 3589 383 3649 melioribus
404 3608 508 3648 usuras
530 3591 617 3660 viris,
650 3592 728 3665 quod
757 3591 908 3649 anuisurus
941 3609 995 3665 pro
1023 3610 1054 3649 se
1084 3593 1205 3667 quisque
1226 3595 1273 3663 sit,

234 3703 267 3763 ut,
285 3716 367 3772 quum
389 3716 473 3755 suam
495 3696 588 3753 vicem
608 3695 723 3754 functus
746 3696 841 3755 officio
866 3693 911 3769 sit,
934 3699 1094 3772 parentium
1117 3699 1203 3756 etiam
1219 3718 1271 3774 pa·

235 3799 335 3876 triaque
358 3804 477 3879 expleat
498 3801 678 3861 desiderium.
744 3804 934 3861 Accedebant
961 3804 1106 3861 blanditia
1135 3805 1323 3875 virorum,16

234 3904 326 3967 lactum
347 3908 533 3985 purgantium
563 3908 719 3984 cupiditate
741 3918 829 3983 atque
854 3928 968 3979 amore,
1002 3929 1065 3984 qum
1087 3909 1213 3967 maxime
1235 3910 1272 3966 ad

235 4012 356 4073 muliebre
387 4015 538 4090 ingenium
569 4012 702 4071 efficaces
741 4032 842 4089 preces
874 4024 949 4075 sunt.
1018 4016 1082 4073 lam
1117 4016 1272 4072 admodum
1328 4009 1369 4077 lt)

233 4116 339 4193 mitigati
360 4120 450 4177 animi
471 4120 564 4195 raptis
589 4130 688 4188 eraut;
716 4129 747 4175 at
768 4130 917 4195 raptarum
938 4128 1074 4196 parentes
1095 4129 1156 4177 turn
1180 4122 1272 4177 maxi-

233 4238 270 4277 ne
302 4225 419 4283 sordida
449 4234 532 4283 veste
559 4225 742 4299 lacrimisque
769 4234 797 4281 et
830 4226 952 4301 querelis
986 4227 1117 4283 civitates
1147 4226 1272 4283 concita-

233 4324 297 4389 baut.
346 4332 411 4389 Nec
431 4331 512 4389 domi
534 4340 645 4389 tantum
665 4331 878 4406 indignationes
900 4330 1100 4401 continebant,
1132 4331 1184 4387 aed
1205 4349 1273 4388 con·
