3392 5084
445 507 502 564 188
685 504 762 555 Liber
778 503 826 554 11.
864 502 1160 568 (baem-440.)

352 690 557 760 redemtum
579 687 651 765 fuga
672 689 710 746 ab
732 687 911 748 Samnitibus
935 698 1040 764 empta.
1082 687 1152 747 'lem
1181 698 1279 765 strage
1303 690 1435 748 bominum

399 811 603 869 armorumque
623 795 775 871 insignium
796 793 893 870 campi
910 794 1028 870 repleri3
1050 811 1085 852 ac
1105 795 1201 870 primo
1225 795 1344 870 pavidos
1361 795 1438 856 Sem·

399 903 471 960 nites
488 909 585 959 casua
597 919 651 959 sua
665 919 811 977 accepere,
834 900 938 958 deinde
957 917 996 956 ne
1016 917 1053 956 ea
1074 900 1190 975 quidem
1214 910 1336 971 retenta;
1355 902 1437 977 mutis

351 1007 575 1083 lbdireptisque
603 1015 669 1064 aute
699 1016 812 1066 noctem
834 1005 956 1064 iniectus
976 1005 1060 1081 ignis
1107 1005 1244 1064 Dictator
1269 1025 1306 1064 ex
1334 1016 1439 1065 meurs

399 1112 530 1170 consulto
544 1113 742 1188 triumphavit,
763 1111 843 1168 cuius
864 1112 1011 1188 triumpho
1033 1112 1119 1187 louge
1148 1113 1306 1171 maximam
1326 1114 1438 1189 spadam

352 1219 387 1275 16
400 1219 514 1295 captiva
556 1237 638 1276 arms
673 1218 829 1295 prebuere.
888 1219 1016 1276 Tannum
1047 1218 1268 1294 magnificentie
1298 1221 1387 1278 visum
1416 1220 1444 1276 iu

398 1326 448 1396 iis,
476 1335 508 1382 ut
536 1333 640 1382 aurete
661 1333 744 1382 scuta
774 1323 899 1381 dominis
919 1323 1150 1399 argentariarum
1170 1325 1209 1381 ed
1230 1324 1326 1383 iorum
1347 1343 1443 1382 omm-
1517 1358 1519 1417 ζ

400 1433 467 1490 dum
500 1430 703 1490 dividerentur.
760 1429 834 1488 lude
857 1436 957 1485 natum
988 1426 1099 1487 initium
1132 1428 1238 1487 dicitur
1257 1432 1315 1490 fori
1334 1431 1446 1488 eruendi
1518 1476 1519 1503 u

351 1536 385 1591 17
400 1540 438 1597 ab
460 1537 602 1607 eduinus,
625 1555 713 1612 quum
734 1545 823 1593 teum
843 1535 1023 1594 ducerentur.
1069 1536 1110 1593 Et
1130 1537 1258 1594 Romani
1283 1539 1394 1614 quidem
1413 1537 1447 1594 ad

399 1647 539 1702 honorem
567 1642 651 1700 deum
683 1639 842 1716 insignibus
864 1638 953 1697 armis
973 1640 1099 1698 boetium
1125 1643 1170 1699 nsi
1197 1653 1281 1714 sunt3
1315 1641 1448 1720 Campani
1520 1708 1522 1719 y

400 1750 438 1807 ab
456 1747 592 1825 superbia
613 1757 641 1804 et
661 1746 728 1803 odio
751 1744 923 1804 Samnitium
948 1745 1141 1821 gladiatores,
1162 1749 1242 1823 quod
1263 1750 1448 1825 spectaculum

309 1852 312 1858 ’
399 1856 474 1912 inter
497 1854 597 1929 epulas
618 1863 689 1923 erat,
720 1869 756 1908 eo
784 1859 887 1908 ornatu
922 1862 1072 1909 armarunt
1091 1852 1324 1930 Samnitiumque
1342 1856 1451 1913 nomine
1521 1824 1523 1903 l

400 1959 618 2035 compellarunt.
1522 1940 1524 2005 l

351 2061 387 2118 18
482 2065 594 2122 Eodem
635 2083 711 2122 enno
743 2081 807 2121 cum
842 2061 971 2137 reliquiis
1001 2062 1190 2120 Etruscorum
1226 2064 1271 2121 ad'
1296 2067 1451 2136 Perusiam,
1523 2058 1525 2117 l

401 2189 464 2246 ques
495 2179 524 2228 et
543 2171 608 2246 ipsa
636 2170 811 2228 indutiarum
844 2169 930 2227 fldem
962 2177 1094 2245 ruperat,
1127 2169 1238 2226 Fabius
1273 2172 1373 2229 consul
1403 2191 1453 2229 nec
1524 2174 1526 2195 '

351 2273 387 2329 19
400 2277 488 2334 dubia
508 2295 561 2334 nec
582 2275 692 2334 difficili
712 2275 835 2334 victorie
857 2276 985 2333 dimicat.
1033 2275 1134 2350 Ipsum
1158 2277 1297 2352 oppidum
1320 2274 1398 2351 (nem
1419 2275 1454 2332 ad
1525 2290 1527 2359 y

401 2384 505 2440 moenia
527 2383 620 2440 vietor
641 2381 932 2457 somerio-cepisset,
956 2379 988 2437 ni
1015 2380 1103 2456 legati
1125 2383 1262 2440 dedentes
1284 2384 1385 2441 urbem
1407 2401 1454 2439 ex·

349 2484 387 2541 20
399 2489 497 2546 issent.
541 2489 682 2546 Praesidio
704 2489 832 2545 Perusiae
853 2487 998 2563 imposito,
1023 2487 1215 2563 legatiom'bus
1240 2488 1366 2546 Eburice
1387 2488 1456 2545 emi·

401 2595 496 2652 citiam
519 2595 682 2670 petentibus
705 2611 766 2670 pree
794 2609 825 2651 ss
846 2595 972 2651 Romam
1003 2593 1041 2650 ad
1067 2604 1198 2651 mustum
1220 2593 1331 2663 missis,
1358 2593 1457 2650 consul

400 2701 600 2776 prestantium
621 2701 707 2759 etiam
735 2717 821 2776 quam
849 2699 973 2756 dictetor
999 2698 1121 2757 victorie
1149 2701 1332 2777 triumphans
1357 2701 1456 2758 urbem

349 2799 385 2856 21
401 2813 444 2860 est
464 2804 609 2875 invectus3
638 2806 816 2881 quinetiam
838 2803 1016 2863 deviaturum
1038 2804 1211 2864 Samnitium
1239 2807 1329 2867 decue
1351 2821 1458 2882 magna

400 2918 540 2984 exparte
562 2911 741 2987 adlegatos,
764 2912 798 2998 ¹³,-
820 2911 942 2968 Decium
964 2920 995 2967 et
1014 2913 1055 2972 Μ.
1078 2912 1243 2984 Valerium,
1268 2921 1314 2970 est
1333 2929 1458 2980 versum,

401 3032 473 3090 quos
494 3016 618 3091 populus
639 3016 780 3092 proximis
793 3016 917 3074 comitiis
936 3014 1045 3091 ingenti
1060 3033 1200 3074 consensu
1218 3017 1366 3076 consulem
1386 3015 1459 3073 alte·

400 3133 473 3190 rum,
496 3121 616 3180 alterum
638 3109 790 3197 pretorem
813 3122 979 3180 declaravit.

305 3208 346 3278 ‘ll
484 3228 577 3285 Fabio
599 3229 637 3285 ob
659 3227 773 3304 egregie
799 3227 990 3303 perdomitam
1012 3225 1158 3286 Etrurim
1184 3228 1371 3286 continuatur
1389 3245 1459 3284 eon·

229 3294 521 3416 {ucss'gggtsulatnn
551 3335 644 3393 Decio
675 3334 786 3409 collega
816 3328 973 3411 [datur].¹)
1017 3333 1153 3390 Valerius
1184 3343 1294 3409 pretor
1324 3343 1458 3410 quartum

371 3440 524 3498 2oreatus.
569 3440 709 3499 Consules
729 3439 828 3515 partiti
842 3439 1024 3514 provinciam
1044 3438 1162 3496 Etruria
1184 3439 1286 3512 Decio,
1308 3440 1457 3500 Samnium

371 3540 388 3596 3
401 3547 495 3603 Fabio
507 3547 609 3603 evenit
652 3545 682 3603 ls
693 3544 839 3622 profectus
852 3543 891 3600 ad
900 3544 1058 3602 Nuceriam
1071 3542 1264 3616 Aliatemam
1278 3555 1341 3603 tum
1356 3561 1457 3621 pacem

401 3659 544 3726 petentes,
577 3651 656 3725 quod
680 3653 722 3709 uti
743 3669 793 3721 es,
822 3667 911 3724 quum
938 3648 1069 3718 daretur,
1095 3650 1264 3719 noluissent,
1286 3659 1456 3727 aspernetur

370 3753 457 3826 iest3
479 3757 673 3832 oppugnando
696 3757 734 3814 sd
754 3755 928 3813 deditionem
949 3754 1071 3830 subegit.
1115 3753 1189 3814 Cum
1201 3755 1381 3816 Samnitibus
1395 3758 1457 3816 acie

401 3862 575 3922 dimicatum.
622 3861 711 3920 Haud
737 3879 842 3937 magno
872 3862 1029 3919 certamine
1056 3863 1153 3920 hostes
1174 3864 1257 3934 victi,
1282 3881 1379 3938 usque
1393 3862 1457 3919 eius

400 3985 503 4044 pnguss
525 3967 664 4024 memoria
684 3966 792 4024 medita
810 3965 895 4037 foret,
916 3966 946 4024 ni
960 3967 1053 4024 Marsi
1074 3985 1108 4025 eo
1129 3968 1254 4042 primum
1275 3968 1379 4044 prtslio
1392 3985 1457 4025 cum

401 4073 540 4131 Romanis
572 4073 734 4131 bellassent
790 4071 889 4131 secuti
920 4073 1085 4131 Marsorum
1119 4071 1311 4132 deiectionem
1345 4073 1469 4149 Peligni·

451 4221 475 4291 ¹)
493 4225 523 4275 In
554 4226 623 4276 iestis
660 4225 807 4288 vulgaribus
839 4229 930 4277 iterum
960 4227 991 4278 L.
1015 4227 1111 4290 Papirii
1147 4228 1279 4278 dictatum
1312 4229 1458 4291 assignatur

487 4296 587 4359 integer
604 4309 693 4356 sunm,
710 4311 733 4344 ι.
753 4309 778 4344 u.
797 4311 819 4344 c.
839 4303 899 4357 445,
917 4313 940 4347 a
960 4297 1007 4347 Cb.
1026 4301 1085 4348 ³⁰⁹.
