3392 5084
488 551 544 608 toa
587 531 592 541 '
761 547 839 597 Liber
856 545 930 600 v111.
966 547 1013 611 (s.
1024 561 1048 598 u.
1059 563 1081 600 ο.
1091 547 1164 612 414.)

412 731 569 792 dillustres
592 731 655 802 viri,
676 731 737 789 noti
756 733 851 806 erant)
878 732 1031 808 cognovit,
1060 731 1201 802 ,Unane“
1236 732 1275 789 ait
1297 741 1404 802 ,turma
1423 733 1472 789 llo·

444 838 522 894 mani
544 855 608 895 cum
630 837 741 895 Latinis
764 839 908 914 sociisque
928 839 1033 896 bellum
1056 837 1164 912 gesturi
1186 837 1273 894 estis?
1303 823 1377 911 Q'uid
1401 837 1473 894 inter-

414 947 483 1002 5οα
504 942 643 1015 consules,
665 943 734 1018 quid
748 925 815 999 ⁵duo
836 942 978 1000 exercitus
1000 943 1165 1000 consuleres
1190 942 1312 1018 agent?“
1342 944 1475 1013 ,aderunt

444 1050 473 1106 in
496 1051 643 1125 tempore“
664 1048 790 1106 Manlius
810 1047 911 1122 inquit,
935 1057 982 1117 „et
1003 1065 1066 1104 cum
1088 1049 1144 1105 illis
1166 1049 1260 1105 aderit
1274 1047 1399 1124 luppiter
1417 1050 1475 1124 ipse,

445 1154 585 1213 foederum
607 1173 625 1211 a
645 1154 729 1213 vobis
749 1132 922 1213 violatorum
944 1153 1038 1224 testis,
1060 1155 1109 1228 qui
1136 1155 1200 1230 plus
1221 1163 1318 1230 potest
1339 1155 1475 1230 polletque.

412 1258 477 1320 osi
503 1262 542 1318 sd
570 1260 713 1336 Regillum
746 1261 840 1318 lecum
872 1258 909 1314 ad
942 1258 1102 1315 satietatem
1134 1268 1261 1316 vestram
1292 1261 1476 1336 pugnavimus,
1516 1335 1517 1344 ἵ

443 1367 490 1425 hic
512 1386 627 1442 quoqne
650 1363 805 1422 efficiemus
818 1363 958 1440 profecto,
979 1382 1015 1420 ne
1036 1364 1119 1422 nimis
1142 1365 1219 1422 acies
1239 1367 1326 1422 vobis
1349 1375 1376 1422 et
1390 1365 1478 1422 collata
1516 1397 1517 1400 =

412 1473 529 1548 leigun
549 1471 698 1528 nobiscum
719 1471 800 1528 cordi
820 1471 906 1527 sint.“
950 1470 1001 1528 Ad
1022 1489 1057 1526 ca
1071 1470 1212 1528 Geminus
1234 1472 1356 1546 paulum
1378 1473 1413 1528 ab
1432 1471 1478 1526 suis
1516 1471 1517 1504 ³

445 1597 519 1653 equo
552 1585 721 1653 provectus:
756 1576 866 1647 „Visne
900 1575 999 1651 igitur,
1034 1577 1100 1633 dum
1134 1577 1194 1634 dies
1226 1578 1285 1634 iste
1319 1577 1406 1647 venit,
1435 1593 1479 1650 qna
1516 1577 1517 1611 ³

442 1701 549 1760 magno
582 1691 686 1740 conatu
715 1682 858 1739 exercitus
887 1681 1041 1753 moveatis,
1075 1682 1185 1740 interea
1209 1693 1241 1741 tu
1267 1684 1333 1759 ipse
1363 1681 1479 1757 congredi

442 1807 562 1859 mecum,
583 1797 615 1845 ut
634 1798 734 1846 nostro
756 1789 878 1845 duorum
899 1787 958 1844 iam
978 1788 1043 1845 hinc
1065 1797 1167 1845 eventu
1190 1799 1336 1860 cernatur,
1360 1797 1479 1864 quantun
1516 1791 1517 1824 ³

410 1894 529 1971 deques
564 1895 686 1953 Latinus
716 1896 850 1952 Romano
882 1892 1035 1968 praestet?“
1074 1895 1175 1952 Movet
1204 1892 1336 1952 ferocem
1372 1896 1480 1952 animum
1516 1899 1517 1930 ³

443 2000 553 2059 iuvenis
581 2019 631 2058 seu
662 1999 706 2056 ira
736 2018 787 2057 seu
812 1999 988 2056 detrectandi
1019 1999 1181 2056 certaminis
1202 2001 1299 2075 pudor
1334 2019 1387 2058 seu
1414 2001 1480 2057 inex·

374 2121 382 2138 ·
440 2106 610 2182 superabilis
633 2107 677 2164 vis
697 2105 758 2166 fati.
807 2105 921 2164 Oblitus
942 2105 1039 2179 itaque
1060 2105 1172 2180 imperii
1186 2107 1273 2181 patrii
1288 2107 1482 2180 consulumque

442 2212 536 2282 edicti,
557 2230 683 2289 praeceps
711 2211 798 2267 adid
820 2212 1095 2287 certamenagitur,
1124 2229 1182 2285 quo
1213 2196 1359 2269 vinceret
1378 2232 1413 2268 an
1433 2213 1481 2266 vin-

410 2315 564 2388 tlceretur,
590 2317 668 2374 haud
689 2317 808 2374 multum
835 2316 993 2374 interesset.
1043 2316 1196 2391 Equitibus
1225 2317 1330 2374 ceteris
1360 2316 1482 2374 velutad

442 2423 636 2499 spectaculum
659 2423 818 2493 summotis,
840 2422 944 2498 spatio,
973 2422 1051 2496 quod
1072 2423 1156 2479 vacui
1176 2423 1373 2480 interiacebat
1395 2423 1483 2498 campi,
1516 2433 1517 2464 ³

355 2527 360 2543 ‘
442 2530 580 2587 adversos
612 2527 759 2608 concitant
782 2545 887 2602 equos;
920 2537 949 2585 et
980 2546 1067 2601 quum
1094 2527 1204 2584 infestis
1238 2529 1408 2604 cuspidibus
1428 2548 1483 2586 con·
1516 2540 1517 2589 3

441 2636 611 2705 currissent,
640 2633 743 2691 Manlii
771 2635 866 2709 cuspis
896 2652 983 2709 snper
1011 2634 1125 2708 galeam
1156 2635 1263 2705 hostis,
1295 2635 1396 2692 Maecii
1418 2647 1484 2690 trans
1516 2644 1517 2695 ἶ

296 2775 313 2794 .
389 2739 425 2794 10
441 2741 581 2799 cervicem
610 2739 675 2813 eqni
702 2739 802 2814 elapsa
832 2748 883 2796 est.
927 2738 1115 2797 Circumaetis
1145 2740 1247 2796 deinde
1277 2741 1379 2813 equis,
1411 2759 1484 2815 quun
1516 2763 1517 2780 2

440 2847 521 2922 prior
549 2846 586 2902 ad
616 2845 775 2902 iterandum
804 2838 890 2902 ictum
921 2844 1047 2901 Manlius
1078 2846 1321 2915 consurrexisset,
1357 2847 1484 2922 spiculum
1510 2849 1517 2883 3‘

441 2953 514 3009 inter
536 2968 619 3007 aures
643 2951 709 3026 equi
729 2952 799 3010 fixit.
843 2952 893 3008 Ad
915 2951 994 3008 cuius
1014 2949 1138 3008 vulneris
1154 2967 1268 3006 sensum
1293 2970 1385 3026 quum
1408 2970 1485 3026 equus

441 3056 584 3134 prioribus
604 3056 725 3130 pedibus
755 3058 856 3116 erectis
884 3074 989 3130 magna
1014 3055 1044 3111 vi
1072 3064 1160 3130 caput
1192 3064 1341 3129 quateret,
1373 3058 1484 3115 excussit

387 3162 421 3217 11
441 3162 580 3236 equitem,
613 3181 697 3237 quem
719 3163 835 3238 cuspide
857 3181 1017 3238 parmaque
1037 3161 1175 3228 innixum,
1201 3162 1385 3220 attollentem
1407 3183 1437 3222 se
1455 3165 1483 3218 ab

438 3268 522 3344 gravi
543 3287 620 3338 casu,
643 3267 769 3325 Manlius
790 3269 828 3325 ab
848 3267 962 3342 iugulo,
986 3267 1027 3324 ita
1048 3276 1080 3322 ut
1101 3286 1153 3342 per
1174 3276 1269 3324 costas
1292 3269 1405 3326 ferrum
1426 3268 1482 3326 emi·
1516 3295 1517 3300 1

389 3372 422 3428 12
438 3383 535 3444 neret,
570 3382 653 3431 terrae
685 3372 791 3444 affixit3
824 3375 980 3449 spoliisque
1001 3372 1081 3429 lectis
1100 3373 1137 3428 ad
1162 3390 1229 3429 suos
1251 3347 1404 3444 revectus,
1431 3394 1481 3433 cun
1516 3388 1517 3408 1

440 3488 545 3536 ovante
569 3481 675 3554 gaudio
696 3489 792 3537 turma
812 3479 841 3536 in
866 3490 962 3537 castra
990 3488 1077 3552 atque
1098 3478 1165 3534 inde
1188 3477 1225 3534 ad
1253 3483 1424 3555 praetorium
1453 3479 1483 3536 ad

438 3593 550 3660 patrem
572 3586 676 3656 tendit,
703 3585 821 3661 ignarus
850 3585 904 3642 fati
930 3585 1090 3660 futurique,
1122 3583 1185 3640 laus
1213 3603 1251 3641 an
1277 3603 1369 3660 poena
1392 3587 1483 3644 merita
1516 3611 1517 3630 1

386 3688 421 3743 13
438 3698 521 3747 esset.
571 3691 632 3760 ,Ut
652 3710 698 3748 me
722 3694 839 3778 οιιὶιιεε(ι
865 3691 977 3765 inquit,
1005 3700 1117 3766 „pater,
1147 3699 1196 3746 tuo
1225 3693 1371 3766 sanguine
1399 3707 1481 3751 ortun

437 3814 506 3851 vere
526 3793 648 3869 ferrent,
675 3805 850 3873 provocatus
872 3796 1016 3869 equestria
1037 3797 1098 3853 lraec
1122 3797 1215 3872 spolia
1239 3808 1329 3873 capta
1350 3819 1389 3857 ex
1411 3802 1481 3856 hoste
1516 3813 1517 3822 ¹

385 3899 421 3956 14
435 3919 509 3959 coeso
530 3907 642 3977 porto.“
691 3901 776 3974 Quod
796 3900 847 3958 nbi
869 3901 978 3958 audivit
998 3901 1106 3971 consul,
1128 3901 1273 3977 extemplo
1295 3903 1389 3962 filium
1410 3923 1481 3961 aver·
1516 3917 1517 3920 ’

435 4016 515 4064 setus
535 4007 695 4065 contionem
717 4006 837 4063 classico
865 4007 1001 4064 advocari
1027 4007 1117 4064 iussit.
1171 4006 1243 4079 Qnae
1270 4009 1320 4064 ubi
1352 4009 1480 4084 frequens

385 4112 421 4167 15
436 4112 578 4182 convenit,
601 4112 818 4186 „Quandoqne“
841 4112 934 4186 inquit
957 4122 1015 4183 ,tu,
1037 4113 1074 4170 Τ.
1096 4113 1198 4184 Manli,
1219 4131 1315 4189 neque
1336 4115 1478 4192 imperium
1516 4107 1517 4160 1

436 4219 586 4276 consulare
606 4236 699 4293 neque
720 4219 898 4276 maiestatem
920 4219 1043 4294 patriam
1066 4219 1182 4289 veritus
1204 4219 1345 4278 adversus
1365 4224 1478 4280 edictum

384 4323 420 4378 16
433 4334 564 4381 nostrum
591 4333 674 4380 extro
702 4310 880 4382 ordinemin
901 4325 1011 4382 hostem
1031 4326 1166 4402 pugnasti
1188 4336 1225 4397 et,
1247 4336 1390 4401 quantum
1410 4327 1438 4383 in
1457 4337 1479 4380 te
