3392 5084
534 548 612 598 urbe
630 548 678 597 iv.
703 549 749 610 (u.
766 535 816 600 cri.
830 545 905 610 coe.)
1048 521 1076 580 0
1131 548 1211 605 use

217 731 286 786 millia
314 739 341 787 et
368 730 517 806 quingenti
545 731 602 788 viri
634 731 797 806 cupiuntur.
846 732 875 788 A
904 739 1001 788 cetere
1021 729 1121 804 praede
1142 728 1284 789 sabinas

218 835 311 892 militem
343 837 496 905 abstinuit,
528 836 620 893 donec
653 835 770 910 collegoe
801 836 946 904 venirent,
978 837 1016 892 ab
1048 834 1106 890 illie
1135 850 1252 907 quoque
1265 829 1300 894 9⁸

217 941 362 997 exercitibus
383 948 501 1015 ceptum
523 942 629 996 Anxur
658 938 792 996 dictitans
815 958 893 1009 esse,
924 940 974 1014 qui
995 949 1107 996 ceteros
1129 938 1254 995 Volscos

218 1045 365 1120 epraesidio
396 1045 457 1102 cius
479 1045 536 1101 loci
560 1043 739 1100 evertissent.
782 1043 840 1116 Qui
861 1043 913 1100 ubi
930 1052 1086 1113 venerunt,
1114 1040 1253 1117 oppidum
1270 1049 1305 1103 tt)

217 1157 291 1204 vetere
311 1148 429 1206 fomuue
451 1149 618 1223 opulentum
650 1157 708 1204 tres
729 1147 1052 1223 exercitusrdiripuerm
1081 1165 1174 1221 euque
1194 1147 1253 1222 pri·

216 1271 274 1308 uum
289 1253 448 1328 benignitus
464 1253 672 1328 imperatorum
696 1253 808 1328 plebem
825 1253 958 1327 patribus
973 1251 1146 1310 conciliavit.
1190 1252 1252 1308 Ad·
1268 1261 1278 1312 t
1292 1260 1300 1313 l

216 1355 285 1412 ditum
303 1357 406 1414 deinde
427 1358 555 1416 omnium
579 1357 705 1414 maxime
727 1357 900 1433 tempestivo
921 1356 1083 1432 principum
1105 1356 1136 1412 iu
1157 1357 1253 1414 multi·

216 1461 318 1518 tudinem
338 1479 467 1530 munere,
489 1469 602 1518 utente
625 1464 798 1520 mentionem
814 1462 902 1518 ullam
924 1461 1017 1536 plebis
1036 1458 1254 1519 tribunorumve

215 1563 353 1624 decerneret
375 1574 522 1633 moetus„
538 1575 570 1622 ut
598 1565 771 1643 stipendium
795 1567 877 1624 miles
905 1567 941 1646 de
961 1567 1078 1642 publico
1101 1566 1253 1642 occiperet,

215 1687 281 1740 quum
301 1680 366 1727 ante
388 1670 418 1726 id
449 1681 562 1746 tempus
586 1673 623 1728 de
644 1689 697 1743 suo
720 1673 842 1746 quisque
863 1671 978 1729 functus
1010 1689 1046 1727 eo
1067 1689 1185 1728 munere
1205 1688 1251 1727 ee·

214 1783 252 1834 set.
290 1774 370 1832 Nihil
393 1787 544 1852 acceptum
572 1797 699 1853 unquam
722 1797 740 1834 a
761 1777 845 1852 plebe
872 1784 953 1832 tento
982 1776 1090 1869 gaudio
1118 1776 1250 1834 traditur.
1300 1774 1349 1841 60

214 1875 369 1937 Concursum
398 1881 498 1956 itaque
527 1882 565 1940 ed
598 1882 707 1940 curium
745 1901 808 1940 esse
844 1891 1056 1957 prensatasque
1084 1881 1250 1938 exeuntium

214 2001 292 2040 nunus
320 1993 349 2042 et
370 1995 470 2060 putres
491 2003 561 2044 vere
578 1988 753 2064 ,appellatum
783 1986 917 2045 effectum
942 2004 1006 2043 esse
1026 1985 1199 2056 fetentibus,
1221 1994 1254 2043 ut

213 2105 277 2146 nemo
296 2109 349 2166 pro
364 2101 427 2148 tum
449 2093 586 2150 munifice
607 2093 712 2168 putria,
734 2094 826 2151 donee
847 2093 1005 2167 quicquum
1026 2092 1131 2148 virium
1153 2109 1253 2166 super·

212 2205 277 2264 esset,
297 2197 413 2274 corpori
434 2205 486 2256 aut
507 2197 641 2272 sanguini
669 2215 722 2254 suo
749 2206 891 2273 parceret.
939 2197 1037 2270 Quum
1063 2197 1284 2254 commoditesl

213 2297 318 2371 iuvaret,
346 2320 410 2358 rem
432 2301 605 2360 familiarem
628 2303 732 2360 saltem
763 2303 948 2377 acquiescere
969 2321 1004 2359 eo
1027 2311 1166 2377 tempore,
1195 2321 1254 2376 quo

212 2421 295 2480 corpus
317 2407 466 2466 addietum
488 2418 585 2483 etque.
598 2415 750 2482 operatum
772 2408 814 2464 rei
830 2407 959 2482 -publicae
982 2417 1072 2477 esset,
1093 2417 1154 2463 turn
1177 2406 1255 2479 quod

213 2507 269 2566 ultro
288 2511 341 2568 eibi
363 2511 496 2570 oblatum
519 2519 608 2581 esset,
632 2511 694 2568 nou'
713 2531 731 2567 e
752 2511 875 2570 tribunis
895 2513 988 2587 plebis
1010 2529 1137 2586 unquam
1163 2511 1270 2598 cgito-x

213 2619 265 2684 tum,
284 2635 340 2686 non
361 2615 424 2674 suis
445 2615 627 2672 sermonibus
649 2615 855 2690 efflagitatum,
882 2619 913 2674 id
941 2618 1085 2678 efficiebat
1105 2617 1256 2692 multiplex

213 2720 326 2791 gaudium
349 2718 630 2794 cumulatioremque
655 2723 779 2797 gretiam
803 2724 854 2781 rei.
902 2725 1027 2781 Tribuni
1049 2723 1152 2799 plebis,
1176 2729 1286 2784 com-3

212 2825 286 2882 munis
299 2825 434 2882 ordinum
453 2823 559 2881 laetitiae
573 2827 792 2902 concordiaeque
815 2829 871 2885 soli
893 2838 1035 2905 expertes,
1057 2846 1174 2903 negare,
1195 2837 1255 2884 tem

211 2925 233 2982 id
249 2929 336 2988 let-um
358 2930 518 3006 [patribus]
540 2929 682 2988 universis
707 2952 759 2990 nce
781 2951 952 3009 prosperum
981 2934 1060 3004 fore,
1090 2918 1177 3007 quem
1199 2931 1256 3007 ipsi

212 3034 350 3093 crederent:
386 3033 537 3092 consilium
569 3035 665 3110 specie
697 3037 793 3112 prime
825 3040 927 3098 melius
958 3039 1048 3096 luisse
1081 3055 1168 3112 quem
1201 3053 1255 3092 usu

212 3141 401 3212 appariturum.
457 3140 544 3199 Unde
575 3141 651 3197 euim
681 3160 745 3198 eern
777 3145 929 3218 pecuniam
956 3145 1059 3220 confici
1084 3160 1171 3218 posse
1199 3141 1285 3204 nisit

212 3243 299 3300 tributo
319 3245 433 3321 populo
454 3227 581 3304 indicto?
610 3247 658 3304 Ex
681 3246 775 3303 alieno
798 3248 888 3323 igitur
908 3250 972 3305 aliis
996 3247 1132 3323 ler'gitos3
1161 3263 1254 3319 neque

211 3345 240 3414 td,
258 3350 365 3408 etiamsi
390 3351 478 3407 ceteri
493 3349 599 3420 lerant,
620 3369 759 3427 passuros
781 3369 840 3422 eos,
863 3353 968 3426 quibus
981 3353 1039 3408 iam
1063 3351 1183 3407 emerite
1204 3350 1255 3406 sti·

212 3453 297 3523 pendia
327 3462 441 3524 essent,
473 3455 592 3512 meliore
613 3456 782 3514 condicione
812 3457 885 3514 ulios
918 3458 1050 3527 militur-e,
1085 3474 1172 3530 quam
1200 3455 1256 3530 ipsi

212 3540 372 3628 militassent,
396 3567 425 3614 et
446 3559 562 3642 eosdem
584 3558 613 3614 in
635 3579 689 3618 sua
710 3562 856 3636 stipendia
875 3562 1021 3637 impensae
1052 3562 1156 3620 fecisse
1177 3570 1207 3616 et
1226 3559 1257 3616 in

213 3658 314 3720 aliorum
335 3663 445 3722 faeere
489 3663 546 3720 His
565 3665 686 3722 vocibus
707 3675 862 3724 moverunt
881 3676 993 3740 partem
1015 3667 1122 3740 plebis;
1143 3673 1287 3740 poetro-5
1321 3673 1324 3678 “

214 3780 261 3834 uo,
285 3768 395 3826 indicto
423 3761 482 3824 iem
512 3768 635 3839 tributo,
666 3771 817 3830 edixerunt
838 3771 925 3829 etiam
948 3771 1069 3841 tribuni,
1091 3771 1201 3828 auxilio
1224 3788 1256 3826 se

213 3864 318 3944 futuros,
346 3874 373 3930 si
397 3873 462 3947 quis
482 3873 513 3930 iu
534 3874 659 3932 militare
683 3875 855 3950 stipendium
877 3876 1015 3934 tributum
1036 3893 1097 3933 nou
1117 3875 1253 3933 contulis-

213 3985 252 4028 tet
294 3979 399 4036 Patres
422 3980 495 4035 bene
523 3990 647 4054 coeptam
675 3999 735 4036 rem
758 3990 977 4054 perseveranter
998 3982 1088 4050 tueri-3
1120 3979 1284 4040 conferre6

213 4077 255 4150 ipsi
273 4083 370 4158 prinei3
394 4093 424 4140 et
445 4083 514 4157 quia
528 4085 656 4140 nondum
680 4097 829 4160 argentum
846 4087 990 4160 signatum
1011 4067 1084 4155 erat,
1106 4105 1145 4142 tes
1167 4103 1257 4160 grave

213 4183 328 4253 plaustris
364 4189 497 4266 quidam,
517 4188 555 4244 ed
586 4189 719 4246 erarium
752 4192 945 4248 convehentes
961 4196 963 4201 ’
977 4190 1138 4264 speciosam
1171 4192 1257 4255 etium
