3392 5084
487 517 526 573 90
779 514 858 565 Liber
875 515 935 568 VII.
967 513 1021 579 (A.
1032 529 1058 568 u.
1067 529 1091 568 e.
1101 514 1175 578 412.)

395 701 576 758 rostanno
607 706 676 773 post
706 699 842 774 presidia
872 700 1078 770 hibernatura3
1110 700 1205 757 divise
1237 701 1312 758 enim
1337 707 1419 758 erunt
1445 719 1488 775 per

446 802 613 879 Campeniae
635 806 730 875 urbes,
754 815 1002 880 manaverantque
1029 824 1047 861 a
1068 805 1172 882 Capua
1195 807 1316 864 oonsilio
1343 806 1373 863 in
1394 806 1489 863 exerei-

444 919 506 967 tum
532 929 656 968 omnem.
708 913 754 970 Eo
780 912 948 970 laxamento
977 912 1201 987 cogitationibus
1228 914 1307 983 dato,
1338 913 1441 986 quievit
1466 914 1490 969 iu

350 1012 395 1083 39
445 1017 599 1092 praeseutia
617 1017 730 1077 seditio.
779 1016 898 1090 Consul,
920 1019 1022 1075 eduoto
1037 1019 1067 1075 in
1088 1019 1190 1076 aestiva
1211 1020 1311 1090 milite,
1334 1021 1402 1077 dum
1423 1019 1490 1094 quie

445 1132 492 1179 tos
519 1122 665 1181 Samnites
693 1125 834 1194 habebat,
864 1124 1020 1182 exereitum
1050 1141 1176 1200 purgare
1198 1125 1386 1184 missionibus
1406 1126 1491 1182 turbu·

444 1227 587 1286 lentorum
615 1230 763 1286 hominurn
797 1229 935 1302 instituit,
964 1231 1028 1288 aliis
1062 1231 1181 1288 emerite
1210 1232 1334 1290 dioendo
1365 1231 1493 1308 stipendia

446 1353 519 1405 esse,
552 1335 625 1392 elios
658 1354 763 1411 graves
798 1336 856 1393 iem
891 1347 975 1394 etate
1007 1346 1057 1394 aut
1091 1336 1202 1394 viribus
1241 1357 1348 1414 parum
1385 1337 1492 1394 validos.

413 1438 571 1516 2Quidam
595 1443 624 1499 in
645 1453 824 1499 commeatus
845 1444 1046 1514 mittebantur,
1077 1443 1182 1518 singuli
1202 1444 1316 1519 primo,
1347 1445 1449 1502 deinde
1473 1451 1494 1498 et

445 1551 579 1608 cohortes
600 1549 742 1622 quasdam,
764 1549 834 1624 quia
856 1551 1016 1624 proculab
1041 1550 1128 1608 domo
1151 1569 1185 1608 ao
1206 1552 1296 1608 rebus
1328 1553 1391 1608 suis
1414 1551 1495 1607 hiber-

445 1664 577 1725 nassent3
605 1673 658 1730 per
678 1657 802 1730 speciem
825 1656 912 1714 etiem
934 1657 1099 1714 militarium
1121 1674 1241 1727 usuum,
1263 1675 1357 1732 quum
1381 1657 1430 1714 olii
1450 1656 1495 1711 elio

393 1764 634 1834 ,dmitterentun
656 1779 762 1836 magne
783 1779 853 1836 pers
875 1762 1010 1838 ablegati.
1053 1761 1148 1836 Quam
1171 1762 1388 1820 multitudinem
1411 1761 1497 1818 consui

443 1869 520 1925 alter
538 1848 640 1925 Romae
661 1879 833 1942 praetorque,
861 1866 933 1923 alias
955 1886 992 1926 ex
1013 1867 1077 1924 aliis
1098 1869 1232 1942 fingendo
1256 1887 1381 1939 moras,
1408 1867 1498 1924 retine·

415 1975 505 2036 ibat.
553 1974 593 2032 Et
612 1973 707 2050 primo
729 1973 843 2047 quidem
866 1972 960 2047 ignari
979 1972 1182 2031 ludificationis
1210 1974 1331 2030 minime
1353 1972 1439 2030 iuviti
1458 1972 1498 2028 do·

445 2099 510 2138 mos
530 2081 708 2150 revisebent3
729 2088 885 2154 postquam
906 2097 999 2153 noque
1020 2080 1125 2136 reverti
1147 2081 1185 2136 ed
1206 2080 1293 2156 signe
1317 2079 1441 2154 primos,
1458 2095 1499 2133 neo

445 2187 536 2248 ferme
558 2187 656 2255 alium,
678 2203 766 2260 quarn
785 2185 834 2258 qui
849 2184 878 2240 in
892 2183 1055 2259 Campania
1069 2185 1279 2250 hibernassent,
1302 2188 1499 2262 praeeipueque

446 2313 483 2352 ex
504 2294 549 2351 his
570 2291 718 2350 seditionis
740 2299 873 2347 auctores
895 2291 969 2347 mitti
1001 2291 1148 2361 viderunt,
1184 2292 1311 2366 primum
1346 2292 1500 2354 admiratio,

442 2401 550 2458 'deinde
570 2400 649 2457 haud
671 2397 775 2456 dubius
796 2397 883 2453 timor
904 2398 1034 2455 inoesssit
1056 2397 1184 2468 animos,
1206 2399 1332 2456 consilia
1355 2418 1414 2458 sue
1436 2417 1502 2454 ema·

417 2510 547 2564 onasse:
574 2506 632 2562 iarn
656 2503 842 2579 questiones,
869 2504 927 2560 iem
954 2504 1074 2573 indicia,
1104 2502 1162 2561 ism
1191 2504 1308 2561 occulta
1330 2505 1502 2580 singulorum

446 2612 588 2688 supplicia
615 2611 817 2685 impotensque
842 2618 872 2667 et
898 2610 1014 2667 crudele
1039 2608 1188 2666 oonsulum
1217 2627 1252 2666 ao
1273 2619 1397 2685 petrum
1426 2611 1455 2666 in
1478 2627 1504 2664 se

415 2721 566 2794 dregnum
593 2736 740 2793 passuros.
787 2717 876 2786 Hes,
911 2714 961 2791 qui
988 2715 1017 2772 in
1044 2713 1267 2787 resumerent,
1301 2717 1429 2774 occultis
1453 2734 1503 2771 ser·

447 2824 579 2881 monibus
601 2832 708 2896 serunt,
728 2841 834 2880 nervos
855 2820 1060 2879 coniurationis
1082 2819 1188 2878 eleetos
1211 2830 1274 2878 arte
1296 2823 1430 2880 consulis
1452 2841 1503 2879 oer·

416 2934 556 2988 inentes.
609 2926 724 2986 Cohors
751 2949 811 2986 una
841 2947 930 3003 quum
958 2927 1036 2984 houd
1066 2926 1169 3001 procul
1194 2927 1323 2986 Anxure
1351 2939 1447 3001 esset,
1474 2926 1503 2985 ad

445 3034 587 3092 Lautulas
607 3034 683 3090 saltu
706 3043 830 3108 angusto
851 3031 925 3089 inter
955 3051 1035 3089 mare
1056 3049 1091 3088 ao
1113 3042 1224 3090 mentes
1243 3036 1381 3093 consedit
1402 3037 1443 3094 od
1463 3055 1502 3092 ex·

445 3141 602 3216 oipiendos‚
629 3158 703 3214 quos
724 3138 826 3197 consul
852 3139 915 3195 aliis
940 3149 1028 3212 etque
1055 3139 1133 3209 aliis,
1164 3148 1195 3195 ut
1225 3149 1291 3198 ente
1319 3143 1435 3200 dietum
1461 3151 1503 3198 est.

416 3247 540 3307 Sosusis
561 3247 701 3304 mittebat.
748 3246 812 3302 Iam
840 3245 939 3301 valida
971 3244 1126 3302 admodum
1156 3265 1276 3304 numero
1306 3265 1417 3304 manus
1441 3255 1502 3310 erat,

442 3371 496 3410 neo
519 3353 674 3427 quiequam
697 3352 735 3408 ad
755 3352 824 3409 iusti
845 3350 987 3406 exercitus
1011 3349 1135 3408 formam
1151 3362 1256 3427 praeter
1270 3353 1375 3413 ducem
1400 3354 1502 3410 deerat.

442 3457 632 3533 Inoompositi
658 3457 757 3532 itaque
778 3457 941 3532 predantes
968 3455 998 3513 iu
1020 3475 1122 3531 agrum
1146 3458 1296 3515 Albanum
1325 3460 1503 3534 perveniunt,

415 3567 473 3622 bet
493 3564 546 3620 sub
567 3564 636 3639 iugo
658 3561 743 3620 Albae
765 3562 876 3636 Lougae
899 3571 996 3618 eastre
1016 3563 1094 3620 vello
1116 3564 1242 3640 cingunt.
1285 3564 1429 3623 Perfecto
1445 3565 1502 3622 iude

445 3688 542 3745 opere,
568 3669 711 3744 reliquum
732 3668 789 3725 diei
812 3668 849 3724 de
874 3667 1050 3743 imperatore
1075 3671 1215 3728 sumendo
1237 3671 1389 3728 sententiis
1411 3673 1502 3728 decer·

397 3779 517 3846 littam,
535 3775 606 3832 nulli
627 3794 663 3832 ex
678 3775 866 3850 presentibus
881 3773 952 3830 satis
966 3774 1101 3831 fidentes:
1124 3794 1209 3851 quem
1230 3786 1327 3834 eutem
1349 3778 1390 3835 ab
1414 3779 1502 3836 Roma

376 3872 398 3915 ²
445 3900 532 3957 posse
556 3881 664 3940 exciri?
685 3901 771 3956 quem
793 3891 909 3957 patrum
931 3888 981 3936 aut
1002 3879 1095 3954 plebis
1116 3899 1195 3950 esse,
1226 3882 1275 3955 qui
1299 3891 1350 3940 eut
1370 3901 1407 3940 se
1428 3891 1501 3940 tanto

445 3987 573 4062 periculo
595 3987 688 4044 sciens
709 3985 822 4057 offerat,
845 3995 897 4042 eut
918 3984 963 4042 oui
984 4003 1021 4041 ex
1042 3984 1147 4042 iniuria
1170 3986 1340 4044 insanientis
1361 3989 1500 4046 exercitus

395 4094 430 4150 11
444 4111 534 4150 eausa
553 4101 632 4149 recte
653 4090 867 4150 committatur?
888 4092 1012 4148 Postero
1034 4090 1081 4147 die
1100 4109 1188 4165 quutn
1211 4092 1313 4150 eedem
1335 4092 1500 4151 deliberatio

443 4206 568 4267 teneret,
596 4217 633 4255 ex
653 4197 863 4273 praedatoribus
884 4197 967 4272 vagis
989 4196 1107 4272 quidam
1133 4207 1312 4273 routpertum
1338 4199 1499 4258 attuleruut

444 4305 480 4360 T.
503 4298 668 4377 Quinotium
689 4303 719 4359 iu
740 4302 908 4360 Tusculano
931 4321 1032 4379 agrum
1060 4304 1170 4374 uolens,
1199 4304 1280 4362 urbis
1303 4306 1498 4377 honorumque
