3392 5084
652 1388 912 1466 PRAEFATIO

554 1574 603 1645 lo.
628 1572 796 1647 umore
824 1572 1024 1647 Manum

351 1741 400 1783 sn
433 1713 662 1809 ruruouooos
690 1739 738 1782 nr
768 1739 982 1783 scuousauu
1009 1732 1219 1787 nsorsusos'.

739 1902 840 1911 ...ι-..-

289 2036 294 2042 ·
334 2018 437 2091 Quum
458 2020 490 2075 iu
511 2020 745 2077 emendationum
764 2018 955 2077 Livianarum
977 2020 1133 2089 volumine,
1163 2020 1242 2094 quod
1271 2038 1323 2077 an-

244 2121 319 2159 num
343 2101 409 2158 fere
430 2102 537 2159 abhinc
556 2103 674 2179 prodiit,
702 2101 784 2158 initio
808 2102 875 2159 libri
898 2104 938 2177 (p.
963 2104 1004 2175 2.)
1024 2104 1174 2172 dixissem,
1197 2102 1324 2163 universi

246 2185 350 2259 operis
374 2185 491 2241 Liviani
512 2186 551 2241 ad
575 2204 640 2242 eam
661 2183 804 2254 formam,
821 2202 911 2258 quam
933 2204 991 2243 non
1015 2187 1108 2243 solum
1134 2186 1232 2242 animo
1255 2204 1323 2243 con·

245 2278 385 2341 ceptam,
418 2268 471 2323 sed
500 2286 637 2342 maguam
667 2278 783 2342 partem
811 2268 915 2323 litteris
948 2270 1148 2343 consignatam
1177 2268 1325 2339 haberem,

245 2350 356 2405 edenffl
384 2350 527 2419 laborem,
556 2369 641 2424 quem
672 2350 743 2407 mibi
772 2350 891 2423 quidam
917 2350 1067 2425 imponere
1096 2362 1249 2425 cuperent,
1279 2370 1325 2427 me

246 2433 403 2505 suscipere
431 2432 524 2501 nolle,
551 2442 664 2489 mutato
693 2432 806 2501 deinde,
837 2432 906 2488 dum
935 2434 1009 2491 liber
1037 2434 1114 2509 typis
1143 2434 1324 2509 describitur,

246 2513 386 2583 consilio,
407 2525 538 2571 extremo
551 2515 618 2572 loco
642 2514 683 2590 (p.
707 2516 766 2571 629
789 2514 819 2570 in
840 2514 980 2573 addendis
997 2526 1025 2573 et
1046 2516 1236 2591 corrigendis)
1259 2519 1325 2574 bre·

156 2635 157 2638 =
247 2598 329 2653 viter
348 2597 521 2671 significavi,
551 2597 666 2653 Livium
689 2597 843 2653 coniuncta
864 2616 929 2654 msa
950 2599 1127 2673 collegaque
1159 2600 1325 2656 amicissimi

247 2690 279 2735 et
300 2680 483 2750 suavissimi,
503 2680 548 2738 lo,
570 2680 713 2749 Ludoyici
735 2679 875 2754 Ussiugii,
901 2698 992 2755 opera
1016 2682 1124 2739 editum
1154 2682 1198 2738 iri.
1250 2682 1324 2739 Eius

248 2763 393 2837 promissi
432 2763 609 2835 exsequendi
640 2764 697 2819 hoc
732 2761 844 2818 initium
879 2774 932 2819 est.
987 2765 1110 2821 Edimus
1145 2765 1221 2821 euim
1250 2782 1326 2820 nunc

248 2846 366 2919 primos
401 2845 527 2919 quinque
549 2844 625 2901 Livii
652 2846 758 2914 libros,
793 2862 867 2918 quos
897 2847 984 2903 ceteri
1007 2848 1144 2905 brevibus
1165 2846 1324 2903 intervallis

250 2930 485 3001 subsequentur,
523 2926 566 2984 sic
596 2929 780 3004 emendatos,
820 2930 1066 3001 quemadmodum
1101 2930 1234 2987 codicum
1273 2930 1325 2986 bo·

250 3030 360 3067 norum
384 3028 449 3085 ope,
465 3009 689 3067 adbibit-orecte
711 3010 817 3067 iudicio
839 3011 969 3084 artisque
983 3012 1057 3087 lege,
1080 3013 1142 3069 sine
1164 3013 1326 3069 temeritate

252 3112 288 3149 ac
309 3092 519 3167 superstitione
541 3094 689 3149 emendari
709 3110 797 3167 posse
818 3092 872 3148 visi
895 3106 976 3163 suut,
1007 3114 1042 3151 eo
1072 3095 1216 3170 exemplo,
1248 3094 1327 3168 quod

254 3195 346 3250 quum
368 3176 517 3232 communi
539 3176 773 3249 quotidianaque
795 3175 1010 3250 philologorum
1039 3196 1195 3251 rerumque
1216 3176 1326 3234 Roma·

252 3278 360 3316 uarum
390 3258 603 3327 studiosorum,
635 3259 743 3331 quique
772 3259 811 3314 ob
840 3258 914 3313 alias
948 3277 1052 3316 causas
1075 3260 1190 3316 Livium
1218 3259 1326 3332 legunt,

254 3341 426 3398 tractationi
454 3351 515 3406 tum
538 3342 743 3419 magistrorum
773 3339 1039 3415 discipulorumque
1067 3343 1097 3397 in
1126 3341 1232 3397 scholis
1262 3340 1328 3397 usui

255 3436 359 3499 aptum
384 3434 532 3497 putamus.
574 3426 742 3496 (Postremo
757 3422 898 3479 volumini
919 3437 1024 3497 praeter
1038 3424 1197 3498 scripturas
1219 3422 1327 3480 codicis

255 3505 498 3563 vindobonensis
520 3506 647 3579 quinque
668 3517 881 3580 postremorum
911 3506 1051 3563 librorum
1080 3502 1240 3581 periochae,
1263 3524 1327 3581 quac

197 3592 204 3600 '
256 3588 455 3664 appellantur,
478 3588 695 3662 adiungentur.)
738 3588 778 3644 Et
801 3588 940 3661 quoniam
955 3590 1110 3663 Ussingius
1132 3591 1174 3645 ita
1195 3598 1224 3646 et
1244 3590 1327 3646 labo·

255 3672 297 3727 ris
319 3670 653 3747 partem-molestiorem
674 3670 801 3744 suscepit
830 3680 860 3726 et
881 3671 1002 3727 consilia
1024 3673 1240 3747 sententiasque
1265 3690 1326 3727 me·

256 3774 325 3811 cum
345 3754 478 3823 contulit,
500 3762 532 3808 ut
552 3752 643 3809 totius
662 3752 838 3809 recensionis
858 3754 1007 3811 arbitrium
1031 3771 1125 3811 meum
1148 3772 1212 3811 esse
1233 3754 1328 3824 vellet,

256 3856 315 3912 par
335 3848 380 3893 est
401 3838 506 3905 etiam,
536 3854 582 3891 me
603 3835 746 3910 praefandi
766 3835 893 3891 breuiter
915 3846 943 3891 et
970 3838 1093 3893 instituti
1123 3837 1216 3893 nostri
1236 3828 1328 3909 expli-

257 3920 345 3977 candi
367 3938 488 3975 munere
509 3917 600 3993 fungi.
645 3919 748 3976 Aede
776 3927 841 3973 tot-a
862 3918 940 3974 Livii
967 3920 1106 3976 librorum
1135 3919 1328 3975 recensendo-

256 4022 324 4059 rnm
344 4002 472 4068 ratione,
495 4001 640 4075 qualeque
661 4010 736 4057 esset
757 4000 787 4055 iu
807 3999 929 4075 singulis
950 4001 1047 4076 operis
1068 4001 1201 4076 partibus
1213 4000 1328 4055 ¹instru-

210 4144 229 4154 ,
257 4095 390 4143 mentum
411 4084 558 4152 criticum,
586 4085 629 4140 ita
651 4083 816 4157 expositum
844 4092 890 4137 est
914 4103 932 4139 a
954 4102 1000 4140 me
1028 4086 1058 4140 in
1080 4083 1328 4140 emendationibus

256 4168 407 4234 Liuianis,
441 4177 476 4222 ut
500 4166 604 4222 iterum
637 4167 675 4221 de
705 4176 743 4221 ea
767 4182 799 4220 re
827 4163 941 4221 dicendi
962 4184 1038 4223 nuuc
1060 4166 1176 4239 quidem
1209 4180 1329 4223 causam
1426 4184 1430 4189 ·

256 4251 386 4321 habeam
408 4248 533 4317 nullam3
560 4248 727 4321 ibidemque
748 4256 778 4303 et
806 4247 867 4304 dixi
890 4257 989 4322 aperte
1020 4258 1049 4304 et
1071 4248 1210 4322 exemplis
1239 4251 1328 4320 quum

256 4332 288 4388 in
311 4352 404 4389 unum
426 4331 524 4388 locum
545 4330 690 4405 congestis
713 4329 753 4404 (p.
778 4331 817 4387 36
841 4328 931 4405 sqq),
949 4342 1027 4390 *tum
1059 4350 1112 4405 per
1143 4339 1236 4387 totum
1268 4328 1330 4386 fere

1099 4430 1130 4481 a*
