3392 5084
388 511 394 520 ,
475 477 530 532 176
751 473 829 524 Liber
846 473 896 527 111.
933 475 980 537 (A.
999 489 1024 526 u.
1043 489 1065 523 e.
1084 475 1158 538 bob.)

427 657 521 732 primo
533 675 648 732 quoque
657 665 788 734 tempore
802 660 973 736 magistratu
988 659 1165 731 abdicarent,
1186 660 1222 734 Q.
1233 661 1339 719 Furius
1350 661 1462 738 pontifex

427 764 571 822 maximus
593 762 723 822 tribunos
744 764 836 839 plebis
860 773 979 833 crearet,
1002 773 1030 822 et
1049 783 1087 822 ne
1103 766 1149 824 cui
1162 765 1259 825 fraudi
1271 776 1345 824 esset
1357 769 1463 824 seeesdo
1510 776 1511 837 l

427 869 549 926 militum
573 868 729 944 plebisque.
818 867 832 890 ⁸
858 872 860 879 '
1179 857 1184 862 ⁷

396 975 413 1027 d
465 961 468 966 ¹
509 975 575 1032 His'
588 981 704 1032 senatus
726 975 863 1034 consultis
884 974 1019 1051 periectis
1040 975 1159 1032 dimisso
1185 986 1303 1045 senam,
1329 977 1463 1035 decemviri

425 1081 567 1155 prodeunt
608 1079 638 1136 in
669 1081 831 1138 conbanem
864 1081 1057 1154 abdicantque
1088 1099 1119 1138 se
1152 1082 1337 1158 magistratu,
1372 1083 1464 1158 ingenti

397 1185 571 1243 ihominum
587 1173 693 1245 latitia.
737 1187 916 1270 Nuntiantur
929 1187 991 1244 haec
1004 1186 1091 1262 plebi.
1135 1187 1272 1261 Legatos,
1295 1186 1464 1262 quicquidin
1511 1232 1513 1236 ,

425 1291 497 1349 urbe
517 1290 665 1348 hominum
692 1299 856 1365 supererat,
883 1292 1075 1369 prosequitur.
1120 1293 1199 1350 Huic
1222 1293 1393 1352 multitudini
1410 1293 1465 1349 lats

426 1396 484 1454 alia
504 1397 590 1455 turba
611 1413 647 1452 ex
669 1395 770 1452 castris
792 1397 922 1457 occurrit.
966 1395 1212 1474 congratulantur
1230 1391 1390 1457 libertatern
1409 1417 1464 1455 eon

395 1502 610 1578 deordiamque
632 1500 742 1558 civitati
758 1503 930 1560 restitutam.
978 1504 1084 1578 Legati
1112 1523 1167 1580 pro
1194 1504 1345 1562 contione:
1376 1504 1465 1578 ,Quod

425 1610 532 1667 bonum
554 1608 680 1666 faustum
702 1604 829 1682 felixque
858 1608 896 1665 sit
923 1608 1007 1666 vobis
1034 1610 1134 1684 reique
1163 1610 1303 1685 publicae,
1332 1611 1418 1668 redite
1442 1610 1465 1666 iu

424 1713 548 1788 patriam
574 1715 611 1771 ad
632 1721 760 1790 penates,
782 1713 919 1788 coniuges
939 1713 1103 1790 liberosque
1124 1726 1255 1787 vestros3
1278 1717 1339 1784 sed,
1361 1735 1417 1792 qna
1429 1717 1466 1772 bie

425 1819 567 1876 modestia
587 1819 696 1882 inistis.
723 1819 773 1876 ubi
794 1818 899 1876 nullius
921 1821 1041 1894 egerin
1061 1830 1105 1879 tot
1127 1841 1223 1880 rerum
1242 1841 1297 1880 usu
1318 1823 1466 1881 necessario

424 1933 512 1983 tanta
534 1921 705 1982 multitudini
727 1936 770 1982 est
790 1924 925 1996 violatus,
947 1945 1012 1984 eam
1033 1928 1204 1985 modestiam
1224 1927 1298 1986 ferte
1319 1930 1350 1985 in
1369 1931 1465 1986 urben.

393 2031 459 2094 9In
482 2031 658 2089 Aventinum
679 2032 727 2102 ite,
749 2031 825 2088 unde
845 2031 968 2107 profecti
989 2003 1072 2102 estis3
1095 2032 1136 2090 ibi
1147 2032 1224 2092 felici
1233 2034 1309 2104 loco,
1326 2035 1378 2092 ubi
1386 2034 1467 2109 prims

424 2137 505 2195 initia
539 2136 696 2195 inchoastis
731 2137 873 2194 libertatis
909 2124 1042 2208 vestrae,
1060 2125 1191 2198 tribunos
1225 2137 1304 2216 plebi
1338 2137 1467 2196 creabitis

375 2242 410 2294 10
424 2228 535 2300 Praesto
557 2229 611 2299 erit
631 2241 762 2318 pontifex
781 2243 940 2314 maximus,
971 2243 1021 2318 qui
1049 2244 1166 2301 comitia
1185 2245 1323 2302 babeat.“
1371 2231 1467 2320 lugens

422 2346 775 2422 assensusalacritesque
804 2355 907 2406 cuneta
933 2349 1156 2425 approbantium
1187 2348 1251 2408 fuit.
1306 2348 1468 2407 Convellnnt

421 2455 487 2511 inde
514 2440 616 2530 signa,
646 2451 826 2528 profectique
849 2441 973 2512 Romam
1003 2454 1114 2513 certant
1142 2474 1205 2513 curn
1227 2441 1330 2512 'obviis
1361 2454 1465 2530 gaudio.

374 2559 404 2612 ll
422 2560 538 2618 Armati
570 2579 623 2635 per
654 2560 753 2616 urbem
786 2549 902 2617 silentio
929 2561 961 2618 in
988 2563 1164 2619 Aventinum
1196 2560 1379 2637 perveniunt.
1429 2560 1466 2616 Ibi

422 2665 582 2741 extemplo,
610 2665 744 2740 pontifice
770 2665 899 2722 maximo
925 2667 1042 2724 comitia
1063 2668 1203 2737 habente,
1233 2665 1366 2723 tribunos
1387 2664 1467 2742 plebis
1512 2718 1514 2737 ,

421 2776 607 2841 creaverunt,
623 2755 748 2827 omnium
770 2770 895 2846 primum
918 2773 954 2831 L.
969 2772 1149 2848 Verginium,
1169 2772 1237 2830 inde
1259 2772 1294 2834 L.
1316 2769 1429 2829 Icilium
1445 2779 1468 2826 et

412 2871 455 2934 Ῥ.
477 2877 683 2947 Numitorium,
705 2859 878 2934 avunculum
890 2878 1041 2953 Verginii,
1063 2887 1195 2936 auctores
1216 2864 1397 2945 secessionis,
1416 2885 1465 2933 tum

373 2962 455 3041 12‘0.
478 2969 642 3054 Sicinium,
661 2983 826 3058 progeniem
850 2982 927 3054 eius,
958 3001 1042 3058 quem
1067 2984 1192 3060 primum
1216 2983 1364 3040 tribunum
1386 2980 1467 3058 plebis

420 3096 546 3146 creatum
568 3089 598 3146 in
618 3105 702 3146 sacro
725 3097 821 3146 monte
843 3089 990 3164 proditum
1002 3090 1148 3147 memoria
1159 3097 1212 3161 est,
1222 3097 1262 3146 et
1272 3079 1315 3146 M.
1327 3089 1466 3153 Duillium,
1512 3068 1513 3093 ¹

419 3191 469 3265 qui
493 3192 668 3250 tribunatum
690 3194 830 3269 insignem
853 3203 920 3251 ante
940 3195 1118 3253 decemviros
1139 3205 1252 3252 creatos
1273 3203 1406 3268 gesserat
1423 3209 1466 3249 nec

371 3297 448 3354 isin
479 3298 718 3357 decemviralibus
749 3298 953 3356 certaminibus
981 3300 1058 3374 plebi
1087 3299 1228 3360 defuerat
1282 3298 1344 3374 Spe
1374 3297 1467 3356 deinde

419 3402 512 3478 magis
542 3421 630 3477 quam
659 3404 767 3461 meritis
795 3403 879 3462 electi
903 3407 945 3464 M.
970 3405 1112 3478 Titinius,
1144 3406 1187 3462 M.
1210 3404 1408 3481 Pomponius,
1439 3400 1465 3460 C.

369 3511 404 3564 14
419 3508 586 3584 Apronius,
607 3510 643 3570 P.
664 3510 783 3582 Villius,
804 3509 837 3571 C.
861 3509 981 3586 Oppius.
1029 3510 1193 3570 Tribunatu
1213 3509 1295 3580 inito,
1320 3510 1357 3570 L.
1378 3509 1467 3566 Icilius

418 3615 563 3690 extemplo
587 3615 700 3692 plebem
726 3617 841 3692 rogavit
869 3624 898 3671 et
926 3606 1008 3690 pleb's
1028 3615 1128 3686 scivit,
1155 3635 1192 3674 ne
1213 3615 1259 3673 cui
1279 3614 1381 3674 fraudi
1400 3623 1467 3671 essct
1512 3690 1513 3699 ἵ

370 3721 405 3775 15
417 3721 540 3780 secessio
563 3723 600 3780 ab
619 3723 789 3780 decemviris
800 3713 905 3798 facta„
922 3719 1081 3779 confestim
1102 3722 1139 3778 de
1155 3721 1321 3778 consulibus
1342 3718 1466 3779 creandis
1512 3764 1513 3793 ,

418 3845 482 3884 curn
504 3828 711 3903 provocatione
732 3829 774 3886 M.
786 3826 911 3886 Duillius
931 3827 1113 3902 rogationem
1136 3827 1262 3904 pertulit.
1308 3827 1357 3885 Es
1378 3824 1466 3884 omnb
1512 3818 1513 3833 ³

417 3932 447 3988 in
473 3933 564 4008 pratis
586 3933 737 3992 Flaminiis
765 3933 886 3992 coneilio
914 3933 1005 4008 plebis
1034 3944 1114 4004 aeta,
1145 3952 1230 4008 quem
1261 3949 1339 3990 nunc
1366 3930 1465 3990 circum

417 4036 591 4096 Flaminium
614 4037 768 4113 appellant.

323 4150 365 4216 55
498 4144 558 4202 Per
584 4141 756 4218 interregem
785 4142 888 4200 deinde
917 4144 1048 4203 eonsules
1074 4145 1164 4204 creati
1191 4147 1225 4204 L.
1248 4142 1402 4214 Valerius,
1429 4141 1463 4200 Μ.

415 4230 573 4317 Horatius,
611 4247 660 4322 qui
696 4249 840 4323 extemplo
876 4249 1073 4325 magistratum
1108 4259 1289 4325 occeperunt
1343 4250 1463 4324 Quorum
