3392 5084
1104 501 1259 552 Liber
1292 501 1387 552 IX.
1457 503 1547 565 (A,
1570 499 1663 553 ch.
1688 506 1830 562 320.)
2318 508 2429 565 151

422 703 526 742 non
564 685 873 761 indignitas
925 705 1115 744 rerum
1164 687 1491 763 sponsionis
1542 687 1832 746 vinculum
1896 687 2082 758 levat3
2134 689 2185 746 si
2232 688 2371 763 quid
2411 697 2517 760 est,

420 792 469 848 in
523 792 677 866 quod
741 791 986 868 obligari
1048 792 1296 868 populus
1358 794 1575 869 possit,
1645 793 1708 850 in
1771 793 1966 851 omnia
2004 803 2215 869 potest.
2312 796 2392 853 Et
2444 815 2519 853 ne

419 897 543 955 illud
583 898 813 972 quidem
830 941 846 967 ,
904 899 1061 974 quod
1109 900 1389 973 quosdam
1434 898 1675 959 forsitan
1727 907 1989 968 moveat,
2048 900 2254 972 refert,
2317 901 2518 960 consul

421 1023 483 1059 an
522 1004 771 1062 dictator
813 1023 887 1063 an
947 1015 1161 1080 praetor
1212 1003 1601 1080 spoponderit.
1687 1005 1768 1064 Et
1821 1005 1933 1063 hoc
1974 1005 2086 1081 ipsi
2127 1006 2302 1062 etiam
2347 1005 2516 1066 Sam·
2543 1007 2580 1063 8

419 1108 545 1164 nites
590 1110 1019 1180 iudicaverunt,
1083 1111 1290 1186 quibus
1347 1130 1464 1168 non
1522 1110 1632 1169 fuit
1674 1110 1845 1181 satie,
1905 1111 2168 1168 consules
2211 1111 2515 1186 spondere,

417 1215 503 1270 sed
543 1215 800 1290 legatos,
870 1225 1211 1290 quaestores,
1256 1217 1517 1275 tribunos
1559 1216 1803 1275 militum
1851 1217 2135 1292 spondere
2183 1228 2514 1292 coegerunt.

415 1321 526 1377 Nec
570 1340 608 1377 a
652 1339 747 1377 me
787 1339 938 1378 nunc
980 1322 1283 1396 quisquam
1349 1313 1710 1398 ilnaesiverit,
1765 1322 1904 1396 quid
1957 1322 2043 1380 ita
2081 1324 2513 1399 spoponderim,
2540 1323 2576 1379 9

416 1445 574 1499 quum
616 1427 682 1483 id
724 1444 831 1483 nec
874 1427 1120 1484 consulis
1162 1428 1252 1485 ius
1296 1437 1465 1497 esset,
1503 1446 1610 1486 nec
1638 1428 1752 1485 illis
1792 1429 2078 1504 spondere
2117 1448 2341 1504 pacem,
2384 1448 2514 1504 quoe

413 1532 510 1588 mei
551 1550 671 1588 non
716 1526 841 1590 erat
883 1534 1122 1603 arbitrii,
1168 1531 1329 1611 [nec]
1375 1553 1481 1609 pro
1509 1533 1695 1602 vobis,
1740 1533 1840 1608 qui
1881 1534 2024 1592 nihil
2066 1536 2513 1606 mandaveratis,

412 1656 646 1711 possem.
752 1639 916 1696 Nihil
957 1640 1031 1698 ad
1076 1639 1355 1698 Caudium
1375 1681 1392 1711 ,
1440 1648 1640 1716 patres
1682 1641 2018 1716 conscripti,
2062 1642 2327 1699 humanis
2371 1661 2512 1699 con·
2547 1640 2618 1695 10

413 1743 535 1800 siliis
576 1753 806 1820 gestum
856 1756 976 1816 est;
1018 1747 1097 1805 dii
1138 1745 1493 1803 immortales
1522 1755 1580 1802 et
1621 1745 1827 1804 vestris
1871 1757 1930 1804 et
1970 1747 2218 1805 hostium
2261 1748 2512 1824 impera-

410 1851 614 1908 toribus
660 1860 909 1909 mentem
954 1853 1307 1909 ademerunt.
1398 1851 1526 1909 Nec
1578 1869 1686 1908 nos
1741 1851 1803 1909 in
1854 1852 2006 1910 bello
2049 1852 2191 1909 satis
2234 1853 2512 1924 cavimus,
2544 1853 2609 1908 11

409 1966 456 2012 et
492 1956 572 2012 illi
616 1956 773 2013 male
814 1967 1041 2032 partam
1086 1957 1387 2016 victoriam
1418 1957 1569 2014 male
1594 1956 1984 2031 perdiderunt,
2028 1959 2163 2017 dum
2206 1959 2310 2016 vix
2349 1958 2510 2030 locis,

408 2063 601 2135 quibus
657 2063 949 2133 vicerant,
1026 2063 1289 2134 credunt,
1365 2063 1500 2120 dum
1561 2081 1903 2138 quacunque
1957 2064 2291 2122 condicione
2345 2083 2512 2122 arma

406 2168 529 2224 viris
571 2168 633 2224 in
682 2188 846 2226 arma
888 2170 1037 2226 natis
1077 2169 1305 2227 auferre
1345 2167 1634 2227 festinant.
1719 2173 1838 2239 An,
1881 2170 1932 2226 si
1975 2188 2120 2227 sana
2162 2188 2323 2228 mens
2365 2169 2508 2228 fuis·
2543 2167 2613 2224 12

402 2283 493 2341 set,
542 2274 782 2332 difficile
824 2274 935 2331 illis
976 2273 1116 2343 fuit,
1180 2275 1314 2331 dum
1358 2293 1525 2333 senes
1579 2275 1654 2332 ab
1711 2276 1885 2333 domo
1938 2276 2014 2332 ad
2067 2276 2507 2334 consultandum

403 2388 716 2450 accersunt,
775 2381 999 2438 mittere
1039 2383 1288 2439 Romam
1330 2380 1594 2467 legatos?
1654 2400 1784 2439 cum
1823 2393 2057 2452 senatu,
2117 2400 2244 2439 cum
2289 2383 2506 2459 populo

406 2483 467 2540 de
507 2504 658 2559 pace
705 2505 773 2544 ac
816 2485 1034 2545 foedere
1076 2485 1294 2562 agere?
1366 2488 1571 2545 Tridui
1613 2488 1724 2572 iter
1751 2489 2033 2563 expeditis
2060 2496 2209 2557 erat3
2285 2488 2506 2545 interea
2539 2484 2609 2539 13

403 2589 452 2644 in
490 2591 729 2648 indutiis
770 2611 863 2649 res
916 2591 1147 2661 fuisset,
1206 2592 1389 2650 donec
1452 2595 1526 2652 ab
1569 2595 1762 2652 Roma
1821 2594 1998 2670 legati
2049 2603 2152 2651 aut
2206 2594 2507 2652 victoriam

402 2694 501 2753 illis
544 2709 767 2755 certam
813 2708 914 2755 aut
974 2717 1175 2773 pacem
1233 2697 1524 2761 afferrent.
1617 2700 1710 2757 Ea
1760 2700 1990 2757 demum
2043 2700 2279 2775 sponsio
2337 2709 2506 2772 esset,

404 2820 564 2874 quam
610 2805 816 2880 populi
855 2804 1014 2861 iussu
1053 2805 1583 2880 spopondissemus·
1679 2806 1797 2866 Sed
1839 2822 2026 2881 neque
2067 2824 2175 2863 vos
2217 2805 2508 2878 tulissetis,
2537 2799 2608 2854 14

401 2927 495 2964 nec
549 2929 663 2967 nos
720 2910 1259 2985 spopondissemus3
1326 2930 1433 2968 nec
1492 2911 1585 2969 fas
1640 2910 1752 2968 fuit
1807 2911 1982 2968 alium
2044 2929 2234 2968 rerum
2289 2911 2504 2969 exitum

402 3031 542 3084 esse,
616 3034 795 3090 quam
834 3026 899 3071 ut
938 3015 1021 3072 illi
1070 3017 1239 3074 *velut
1296 3018 1522 3075 somnio
1575 3018 1822 3088 loetiore,
1867 3035 2039 3092 quam
2085 3017 2240 3090 quod
2287 3028 2505 3076 mentes

400 3138 589 3177 eorum
654 3139 861 3195 capere
914 3132 1177 3196 possent,
1243 3124 1628 3198 nequicquam
1684 3123 2076 3192 eluderentur,
2137 3132 2194 3180 et
2245 3133 2503 3181 nostrum
2533 3115 2606 3170 ¹5

402 3225 709 3282 exercitum
756 3209 989 3295 eadem,
1050 3246 1176 3302 quoe
1217 3229 1583 3304 impedierat,
1625 3229 1859 3286 fortuna
1902 3228 2229 3303 expediret,
2290 3247 2500 3286 vanam

398 3331 695 3389 victoriam
740 3333 947 3390 vanior
984 3333 1204 3390 irritam
1261 3332 1478 3390 faceret
1535 3352 1688 3410 pax,
1749 3334 1984 3410 sponsio
2016 3330 2501 3408 'interponet-emt,

399 3455 517 3510 quae
561 3438 852 3495 neminem
896 3445 1104 3512 praeter
1144 3455 1481 3513 sponsorem
1530 3438 1832 3514 obligaret.
1917 3437 2074 3511 Quid
2115 3437 2262 3495 enim
2305 3439 2498 3494 vobis—
2520 3431 2603 3483 1ss

396 3560 536 3612 cum,
596 3553 794 3618 patres
838 3543 1164 3617 conscripti,
1218 3543 1355 3617 quid
1399 3563 1529 3601 cum
1571 3545 1786 3620 populo
1828 3545 2096 3600 Romano
2146 3551 2331 3599 scmm
2373 3541 2499 3596 mr*

397 3647 532 3718 Quis
569 3635 692 3706 vos'
726 3648 1022 3723 appellare
1045 3659 1285 3723 potest,
1352 3650 1479 3725 quis
1526 3668 1591 3707 se
1637 3669 1673 3707 a
1715 3649 1883 3706 vobis
1933 3648 2122 3705 dicere
2159 3646 2435 3720 dercy-1:21:

397 3753 593 3810 Hostis
657 3773 733 3810 an
788 3746 973 3810 civis?
1039 3755 1214 3812 Hosti
1281 3756 1422 3813 nihil
1487 3755 1909 3830 spopondistis,
1979 3753 2159 3810 civem
2208 3770 2475 3807 nens-uz

394 3861 677 3932 spondere
719 3879 827 3935 pro
870 3861 1037 3917 vobis
1082 3861 1343 3918 iussisti&
1438 3861 1601 3919 Nihil
1654 3879 1792 3937 ergo
1842 3859 2014 3916 vobis
2052 3875 2163 3914 nec
2192 3864 2331 3912 msa
2371 3880 2466 3908 νς.
2559 3856 2579 3860 “

396 3974 491 4033 est,
550 3966 762 4040 quibus
806 3966 949 4023 nihil
990 3967 1325 4038 mandastis,
1373 3985 1479 4025 nec
1524 3985 1651 4025 cum
1696 3964 2075 4026 Samnitibus.
2118 3980 2235 4018 m
2299 3984 2311 4007 τ
2343 4008 2347 4012 -
2437 4004 2459 4012 -

395 4072 527 4127 nihil
573 4072 791 4147 egistis.
885 4074 1238 4132 Samnitibus
1288 4090 1597 4148 sponsores
1638 4091 1747 4130 nos
1788 4086 1996 4128 mmm
2023 4068 2118 4124 rei
2142 4086 2275 4124 ,ι

394 4176 568 4248 pletes
628 4179 689 4235 in
733 4180 822 4250 id,
877 4179 1032 4253 quod
1072 4189 1329 4236 nostrum
1382 4187 1494 4247 est,
1550 4179 1608 4236 in
1648 4180 1728 4247 id,
1768 4176 1932 4253 quad
1966 4188 2244 4245 ψ*
2295 4195 2312 4228 ι
2403 4200 2415 4212 ·

395 4299 533 4357 mus,
580 4303 829 4360 corpora
871 4295 1070 4342 nostra
1112 4293 1169 4341 et
1196 4284 1445 4354 animos3
1484 4282 1545 4341 in
1571 4283 1988 4343 humi-m.
2018 4299 2074 4335 :n
2105 4298 2219 4334 ,α
2267 4304 2367 4332 a*
2403 4300 2467 4328 ττι.

1200 4576 1222 4605 d
