3392 5084
495 523 552 576 ιιι
737 517 815 566 urso
833 515 905 566 vru.
944 514 1223 580 (saeue-42³.)

273 719 308 768 A.
316 733 341 768 ιι.
349 723 438 768 atta
450 713 562 781 pestate
580 703 784 788 imperatorem
806 701 847 760 M.
873 701 1019 762 Valerium
1042 699 1171 758 Corvum
1197 702 1340 759 consulem
1370 709 1487 776 quartum

279 786 437 917 ΜΝΞ·
450 810 591 880 lacerent,
612 809 725 882 collega
746 807 863 864 additus
878 805 975 866 Corvo
997 807 1036 864 M.
1053 806 1163 864 Atilius
1177 808 1317 882 Regulum
1339 816 1368 864 et
1380 825 1415 862 ne
1427 804 1489 864 lorte

292 897 298 905 ¹
450 935 520 974 casu
540 924 699 985 erraretur,
719 915 839 989 petitum
865 914 902 971 ab
923 914 1102 986 consulibus,
1125 927 1158 974 ut
1179 927 1263 976 extra
1283 923 1388 970 sortem
1416 911 1490 970 Corvi

419 1029 486 1083 dea
505 1020 656 1097 provincia
676 1029 760 1081 esset.
803 1020 941 1078 Exercitu
962 1021 1071 1080 victore
1093 1042 1111 1081 a
1132 1025 1330 1100 superioribus
1344 1019 1491 1078 consulibus

449 1136 578 1204 accepto,
599 1127 638 1184 ad
660 1125 761 1196 Cales,
793 1126 996 1184 audebellum
1025 1137 1118 1186 ortum
1141 1139 1220 1198 erat,
1240 1127 1398 1205 protectus,
1418 1144 1491 1198 quum

448 1236 546 1292 hostes
567 1234 605 1290 ab
626 1233 782 1309 superioris
803 1232 890 1289 etiam
913 1233 1075 1292 certaminis
1089 1235 1231 1294 memoria
1244 1235 1370 1310 pavidos
1384 1233 1492 1290 clamore

448 1350 536 1415 atque
555 1340 665 1414 impetn
685 1339 780 1415 primo
800 1337 937 1407 fudisset,
967 1340 1073 1398 moenia
1102 1341 1167 1416 ipsa
1195 1359 1369 1417 oppugnare
1394 1348 1435 1396 est
1453 1355 1491 1410 ag·

419 1453 574 1525 lgressus.
620 1448 660 1504 Et
684 1445 804 1502 militum
827 1444 942 1517 quidem
968 1444 993 1502 is
1013 1457 1075 1502 erat
1097 1446 1195 1515 ardor,
1221 1457 1254 1503 ut
1275 1446 1335 1502 iam
1357 1445 1423 1502 inde
1441 1463 1492 1500 cun

448 1555 534 1613 scalis
555 1553 708 1612 succedere
732 1551 770 1608 ad
798 1567 896 1606 muros
925 1550 1031 1618 vellent
1061 1570 1258 1626 evasurosque
1289 1552 1492 1608 contenderent:

347 1651 351 1666 ¹
416 1662 579 1730 800rvus,
611 1659 681 1734 quia
715 1658 746 1715 id
768 1656 889 1714 arduum
922 1655 1002 1714 factu
1023 1667 1098 1728 erat,
1131 1657 1232 1721 labore
1260 1658 1388 1716 militnm
1414 1657 1493 1732 potius

449 1786 537 1841 quam
564 1764 692 1841 periculo
718 1781 859 1839 peragere
894 1762 1038 1837 inceptum
1078 1764 1178 1822 voluit.
1233 1764 1344 1838 Itaque
1375 1779 1493 1839 aggerem

447 1883 476 1930 et
496 1872 596 1928 vinem
617 1870 675 1945 egit
709 1879 859 1943 turresque
885 1888 968 1927 muro
997 1869 1140 1940 admovit,
1168 1887 1293 1943 quarum
1327 1888 1415 1926 nsum
1434 1869 1494 1926 torte

416 1978 547 2040 9oblata
574 1975 777 2053 opportunitas
803 1974 957 2049 praevertit.
1000 1974 1137 2050 Namque
1155 1976 1197 2032 M.
1219 1977 1351 2046 Fabius,
1380 1975 1494 2052 captivus

447 2081 606 2154 Romanus,
635 2100 723 2157 quum
745 2099 798 2155 per
817 2080 1021 2156 negligentiam
1042 2081 1193 2138 custodum
1216 2079 1293 2138 festo
1320 2083 1371 2140 die
1392 2081 1495 2138 vinculis

446 2191 547 2267 ruptis,
567 2209 620 2266 per
639 2207 753 2244 murum
774 2188 849 2246 inter
864 2204 954 2260 opera
968 2163 1175 2258 Romanorum,
1196 2187 1323 2262 religata
1340 2188 1380 2244 ad
1395 2187 1495 2262 pinnen

397 2298 521 2357 lameri
541 2305 617 2355 reste
638 2311 807 2370 suspensus,
829 2293 961 2349 manibus
982 2310 1014 2348 se
1035 2293 1212 2363 demisisset,
1234 2293 1368 2368 perpulit
1387 2293 1496 2367 impera

446 2413 552 2474 torem,
582 2410 616 2458 ut
647 2400 716 2457 rino
748 2398 898 2474 epulisque
927 2397 1037 2473 sopitos
1069 2400 1167 2456 hostes
1195 2399 1426 2474 aggrederetnr3
1456 2415 1496 2453 uec

445 2509 556 2566 maiore
586 2505 743 2563 certamine
771 2505 850 2581 capti
877 2523 942 2562 cum
964 2507 1034 2563 urbe
1052 2509 1188 2564 Ausones
1215 2515 1299 2575 sunt,
1338 2525 1429 2580 quam
1448 2503 1497 2560 arie

445 2612 502 2670 fusi
529 2620 620 2670 erant.
668 2585 778 2670 'Praeda
808 2619 895 2686 capta
921 2612 1022 2686 ingens
1057 2621 1118 2682 est,
1149 2612 1348 2686 presidioque
1375 2610 1497 2686 imposito

397 2725 429 2779 11
445 2717 573 2789 Calibus,
593 2718 719 2776 reducta
744 2719 870 2775 Romam
897 2719 1034 2794 legiones.
1093 2717 1203 2776 Consul
1228 2737 1267 2774 ex
1294 2728 1418 2774 senatus
1443 2734 1497 2774 con

444 2826 520 2882 sulto
541 2823 745 2898 triumphavit,
777 2832 819 2894 et,
851 2843 888 2881 ne
911 2825 1023 2898 ¹Atilius
1055 2842 1159 2900 expers
1187 2824 1289 2898 gloriae
1319 2836 1415 2894 esset,
1441 2821 1497 2880 inssi

395 2935 431 2990 12
445 2932 532 2988 ambo
553 2929 685 2988 consules
714 2931 853 2988 adversus
875 2929 1017 2990 Sidicinos
1048 2931 1153 2988 ducere
1181 2930 1354 2988 exercitum.
1411 2928 1497 2986 Dicta-

444 3046 535 3093 torem
557 3043 624 3093 anta
644 3054 681 3093 ex
702 3045 819 3094 senatus
840 3029 971 3094 consulto
992 3037 1173 3094 comitiorum
1195 3037 1402 3094 habendorum
1424 3053 1497 3092 cansa

271 3143 578 3199 accucurrerunt
606 3141 643 3201 It.
669 3141 824 3199 AEmilium
856 3142 1081 3212 Mamercinum
1115 3141 1140 3199 is
1169 3141 1343 3216 magistrum
1382 3142 1496 3218 equitum

274 3209 433 3267 A‘ch'334‘
446 3248 484 3321 Q.
505 3247 661 3306 Publilium
675 3248 828 3306 Philonem
850 3246 933 3308 dixit.
976 3248 1127 3305 Dictatore
1147 3248 1266 3304 comitia
1286 3249 1420 3307 habente
1439 3267 1496 3305 con·

397 3347 431 3402 13
444 3355 520 3412 eules
541 3352 630 3412 creati
651 3363 716 3411 sunt
738 3355 775 3411 Τ.
796 3353 944 3424 Veturius,
966 3351 1017 3430 Sp.
1039 3352 1216 3413 Postumius.
1260 3355 1327 3412 Etsi
1348 3356 1420 3413 belli
1440 3371 1495 3430 part

443 3480 508 3518 cum
532 3459 666 3519 Sidicinis
693 3460 837 3528 restabat,
859 3468 965 3530 tamen,
992 3468 1024 3515 ut
1051 3459 1190 3516 beneflcio
1214 3461 1414 3536 pruvenirnt
1434 3459 1495 3516 desi·

395 3559 429 3613 14
443 3566 553 3622 derium
573 3567 675 3641 plebis,
698 3566 735 3622 de
755 3565 870 3622 colonia
890 3565 1058 3622 deducenda
1069 3562 1155 3623 Cales
1169 3565 1345 3636 retulerunt3
1368 3566 1494 3640 factoque

442 3681 559 3728 sanatus
583 3672 730 3742 consulto,
762 3679 796 3728 ut
823 3671 881 3728 duo
904 3671 994 3728 millia
1015 3670 1163 3746 quingenti
1185 3671 1318 3729 homines
1338 3691 1377 3730 eo
1399 3673 1493 3732 scribe»

442 3786 549 3848 rentur,
569 3777 736 3835 triumviros
757 3776 878 3835 colouiae
899 3777 1072 3834 deducendae
1091 3795 1221 3852 agroque
1240 3777 1403 3836 dividundo
1425 3795 1492 3836 crea·

442 3892 545 3940 verunt
565 3884 604 3941 Κ.
626 3883 776 3953 Duillium,
799 3883 835 3940 T.
859 3882 1033 3955 Quinctium,
1055 3883 1097 3940 M.
1117 3882 1254 3944 Fabium.
1457 3879 1461 3884 ’

349 3973 388 4041 ῙἾ
524 3989 605 4046 Novi
626 3989 729 4046 deinde
749 3989 897 4059 consules,
929 4007 947 4045 a
974 3987 1119 4046 veteribus
1145 3989 1274 4048 exercitu
1293 3999 1433 4066 accepto,
1456 3989 1491 4045 in·

441 4095 533 4169 gressi
552 4095 678 4153 hostium
698 4096 770 4152 fines
790 4095 957 4171 populando
978 4111 1070 4169 usqne
1092 4093 1129 4150 ad
1161 4095 1269 4154 moenia
1289 4104 1380 4170 atque
1401 4095 1490 4152 nrbsn

411 4192 642 4275 2pervenerunt.
684 4200 731 4256 Ibi
752 4200 821 4274 quia
844 4200 954 4275 ingenti
982 4198 1110 4258 exercitu
1136 4210 1307 4275 comparato
1329 4200 1452 4260 Sidicini
1468 4212 1489 4254 et

440 4305 497 4381 ipsi
517 4323 571 4380 pro
593 4313 724 4362 extrema
744 4323 797 4379 spe
818 4305 979 4363 dimicaturi
1002 4305 1086 4362 enixe
1100 4304 1282 4376 videbantur,
1303 4315 1332 4364 et
1345 4305 1487 4365 Samnium

412 4407 522 4467 3fama
542 4419 605 4467 erat
626 4411 733 4474 conciri
753 4411 791 4467 ad
812 4410 929 4480 bellum,
950 4409 1319 4469 dictator'sb'consulibus
1339 4431 1379 4469 ex
1398 4419 1487 4470 aneto·
