3392 5084
563 524 705 587 uiuer'vr.
741 538 789 601 (A.
803 536 851 590 cu.
866 540 939 603 ese.)
1119 540 1129 548 ‘
1226 547 1243 600 e

234 728 418 791 terroremque
448 736 506 775 non
534 719 564 775 in
593 721 716 795 primam
752 730 865 781 tantum
899 722 1007 791 aciem,
1039 723 1090 779 sed
1126 722 1214 797 etiam
1245 725 1288 799 ad

232 822 408 881 subsidiarios
424 825 577 897 perlatum.
624 826 687 883 Nec
710 826 753 885 vis
769 834 881 886 tantum
897 825 1019 883 militum
1034 827 1182 898 movebat,
1204 828 1286 885 exci-
1302 832 1319 882 5

232 934 285 983 tata
305 928 459 1002 praesentia
482 929 578 998 ducis,
599 930 652 985 sed
674 931 753 1003 quod
775 930 950 995 Volscorum
979 930 1083 991 animis
1104 930 1176 1008 nihil
1200 932 1287 991 terri-

232 1031 306 1087 bilius
342 1042 405 1089 crat
445 1050 532 1105 quam
565 1034 656 1108 ipsius
690 1032 807 1093 Camilli
838 1034 915 1093 forte
946 1035 1047 1092 oblata
1079 1036 1204 1109 speciem
1236 1036 1319 1107 itae

231 1154 395 1210 quocunque
410 1154 441 1196 se
458 1138 611 1207 intulisset,
634 1140 785 1197 victoriam
800 1158 899 1197 secum
915 1141 995 1198 haud
1009 1140 1127 1197 dubiam
1142 1142 1289 1202 trahebat.

230 1241 349 1299 Maxime
364 1242 395 1299 id
411 1242 528 1299 evidens
543 1242 606 1313 fuit,
623 1263 711 1318 quum
723 1245 752 1301 in
767 1245 871 1302 laevum
884 1257 974 1303 cornu
987 1264 1079 1320 prope
1092 1244 1288 1320 impulsum,

229 1356 336 1420 arrepto
357 1356 478 1421 repente
499 1366 574 1421 equo
597 1366 660 1406 cum
684 1358 765 1406 scuto
795 1350 937 1425 pedestri,
964 1350 1102 1407 advectus
1131 1360 1287 1425 conspectu

228 1468 274 1507 suc
288 1451 422 1525 proelium
438 1452 572 1523 restituit,
595 1461 744 1511 ostentans
759 1432 922 1511 vincentem
938 1462 1065 1512 ceteram
1081 1454 1182 1514 aciem.
1220 1455 1285 1512 Iam
1302 1464 1317 1517 7

228 1556 357 1613 inclinate
385 1574 434 1615 res
466 1567 542 1628 eret,
572 1559 622 1615 sed
652 1560 738 1617 turba
768 1561 896 1625 hostium
924 1567 954 1617 et
978 1558 1079 1635 lugam
1101 1558 1288 1633 impediebat,

227 1670 250 1717 et
270 1662 359 1735 longa
390 1661 470 1719 caede
497 1664 675 1723 conficienda
704 1666 858 1725 multitudo
882 1669 964 1721 tanta
993 1664 1071 1725 fesso
1099 1662 1184 1721 militi
1214 1674 1287 1737 erat,

226 1785 306 1839 quum
332 1773 453 1841 repente
473 1767 637 1841 ingentibus
665 1770 797 1843 procellis
830 1769 911 1827 fusus
939 1770 1034 1827 imber
1062 1776 1170 1827 certam
1193 1769 1287 1845 magis

225 1872 372 1929 victoriam
399 1888 486 1943 quam
508 1872 640 1946 proelium
664 1875 787 1935 diremit.
832 1873 924 1948 Signo
940 1873 1043 1930 deinde
1057 1872 1186 1948 receptui
1207 1874 1318 1943 dato‚8

224 1995 278 2033 nox
299 1977 434 2032 insecuta
456 1975 560 2048 quietis
575 1978 715 2035 Romanis
737 1977 860 2053 perfecit
880 1978 1000 2038 bellum.
1042 1978 1140 2039 Latini
1161 1996 1288 2052 namque

225 2090 249 2136 ct
269 2080 391 2137 Hernici
412 2079 519 2137 relictis
543 2080 659 2139 Volscis
681 2082 785 2139 domos
806 2081 931 2157 profecti
952 2093 1033 2153 sunt,
1056 2081 1140 2140 malis
1161 2083 1288 2141 consiliis
1361 2090 1364 2093 ’

223 2206 303 2260 pares
328 2184 430 2260 adepti
452 2194 586 2255 eventus;
618 2186 720 2246 Volsci
752 2188 802 2247 ubi
828 2207 861 2245 se
883 2188 1013 2257 desertos
1040 2187 1078 2243 ab
1108 2185 1150 2244 eis
1179 2186 1318 2259 siderali

224 2310 343 2365 quorum
365 2290 474 2347 fiducia
497 2280 724 2362 rebellaverant,
753 2286 861 2351 relictis
892 2292 995 2349 castris
1018 2290 1159 2356 moenibus
1180 2290 1288 2354 Satrici

222 2414 249 2451 se
262 2395 425 2455 includunt.
474 2394 556 2467 Quos
570 2396 665 2470 primo
681 2395 821 2455 Camillus
840 2399 919 2455 vello
942 2397 1121 2457 circumdare
1136 2403 1165 2451 et
1179 2413 1287 2471 aggere
1376 2377 1379 2383 Δ

222 2512 306 2575 atque
329 2500 469 2575 operibus
492 2519 663 2575 oppugnare
685 2511 729 2557 est
750 2502 880 2559 adortus
927 2503 1000 2575 Quae
1029 2510 1186 2577 postquam
1208 2500 1289 2559 nulla
1304 2506 1339 2559 10

223 2608 372 2681 eruptione
385 2604 521 2681 impediri
535 2605 622 2675 uidet,
646 2606 740 2663 minus
755 2624 819 2663 esse
831 2607 923 2665 ¹enimi
943 2618 1025 2665 ratus
1038 2609 1070 2664 in
1084 2606 1176 2675 hoste,
1199 2624 1287 2681 quam

225 2713 301 2770 utin
335 2730 372 2767 eo
402 2721 462 2770 tem
492 2710 577 2767 lon'tae
605 2712 668 2785 spei
699 2710 854 2769 victoriam
885 2720 1085 2786 exspectaret,
1120 2712 1289 2768 cohortatus

225 2816 343 2885 milites,
374 2834 413 2873 ne
439 2824 579 2887 tanquam
605 2814 696 2871 Veios
723 2824 928 2889 oppugnantes
957 2816 985 2872 in
1011 2835 1099 2891 opere
1129 2815 1288 2891 longinquo
1336 2796 1340 2801 ’

224 2937 283 2979 sese
315 2930 460 2983 tererent:
495 2918 647 2977 victoriam
683 2919 713 2975 in
744 2920 881 2978 manibus
912 2938 992 2989 esse,
1024 2920 1134 2995 ingenti
1165 2919 1289 2980 militum

225 3025 373 3083 alacritate
388 3024 495 3083 moenia
509 3024 636 3099 undique
651 3041 806 3098 aggressus
821 3024 908 3083 scalis
923 3026 1062 3100 oppidum
1077 3024 1161 3099 cepit.
1188 3024 1291 3102 Volsci
1327 3059 1330 3068 ι

224 3131 343 3189 abiectis
364 3129 454 3191 ermis
476 3146 538 3185 sese
560 3128 739 3190 dediderunt.

307 3234 446 3293 Ceterum
468 3234 580 3290 animus
604 3234 685 3289 ducis
716 3233 758 3291 rei
779 3233 893 3304 maiori,
927 3234 1034 3302 Antio,
1055 3233 1239 3291 imminebat:
1258 3231 1291 3298 ‚id
1316 3238 1320 3243 ’
1362 3228 1385 3292 ll

224 3352 310 3417 ceput
342 3341 534 3409 Volscorum,
566 3357 630 3395 eam
662 3337 752 3395 fuisse
779 3338 918 3413 originem
950 3338 1076 3413 proximi
1104 3338 1182 3395 belli.
1227 3336 1321 3397 sads

226 3447 291 3518 quia
313 3447 369 3503 nisi
395 3462 502 3518 magno
523 3452 677 3518 apparatu,
698 3444 848 3499 tormentis
871 3443 1083 3517 machinisque,
1111 3452 1171 3501 tam
1192 3442 1291 3501 valida

225 3553 291 3609 urbs
315 3552 381 3627 capi
404 3568 463 3608 non
485 3557 611 3623 poterat,
632 3547 733 3605 relicto
758 3548 797 3603 ad
825 3549 984 3606 exercitum
1007 3548 1134 3623 collega,
1163 3549 1290 3611 Romam

226 3664 266 3711 est
287 3656 447 3731 profectus,
472 3664 504 3711 ut
525 3660 657 3711 senatum
676 3650 714 3709 ad
737 3651 929 3710 excidendum
960 3652 1082 3710 Antium
1116 3654 1291 3711 hortaretur.
1380 3627 1386 3643 ’

225 3760 305 3817 Inter
319 3778 483 3820 sermonem
499 3758 559 3815 eius
581 3756 680 3833 (credo
702 3774 764 3813 rem
780 3756 929 3814 Antiatem
952 3757 1160 3815 diuturniorem
1175 3774 1293 3824 manere
1306 3756 1323 3812 3

226 3863 278 3920 diis
300 3864 382 3934 cordi
397 3863 500 3935 fuisse)
523 3862 612 3936 legati
634 3863 671 3919 ab
694 3862 809 3936 Nepete
824 3879 860 3919 ac
875 3862 974 3921 Sutrio
990 3861 1130 3920 auxilium
1151 3862 1292 3917 adversus

228 3969 367 4029 Etruscos
401 3979 532 4044 petentes
562 3968 698 4037 veniunt,
732 3968 850 4023 brevem
877 3967 1064 4024 occasionem
1094 3984 1157 4023 esse
1182 3965 1295 4024 ferendi

229 4074 329 4133 auxilii
350 4082 554 4133 meruerantes.
597 4073 644 4129 Eo
666 4072 726 4129 vim
741 4070 858 4131 Camilli
879 4072 917 4131 ab
931 4072 1024 4132 Antio
1045 4069 1163 4128 fortuna
1176 4069 1293 4130 avertit.

229 4179 365 4253 Namque
387 4198 476 4253 quum
499 4196 535 4233 es
555 4177 621 4237 loca
644 4176 780 4253 opposita
795 4176 922 4233 Etrurise
935 4185 965 4233 et
985 4176 1065 4231 velut
1086 4174 1214 4231 claustra
1226 4173 1325 4231 indae

229 4292 377 4359 portaque
404 4292 509 4353 essent,
535 4281 640 4339 stillis
662 4280 824 4357 occupandi
846 4299 892 4352 ea,
915 4299 1005 4353 quum
1027 4277 1098 4351 quid
1118 4277 1189 4335 novi
1211 4276 1294 4336 moli·
