3392 5084
467 538 502 592 10
890 530 968 581 Liber
984 529 1005 579 1.
1061 542 1071 553 ·

421 728 451 777 et
472 718 515 776 ita
527 716 664 775 habuisse
673 716 823 785 Etruscos,
849 715 927 790 quod
942 734 980 773 ex
994 713 1146 773 duodecim
1159 713 1273 789 populis
1288 716 1482 773 communiter

420 834 518 884 creato
542 840 610 897 rege
631 822 760 897 singulos
782 820 888 896 singuli
909 821 1008 896 populi
1029 820 1144 878 lictores
1166 820 1305 879 dederint.

391 939 409 992 t
504 927 661 988 Crescebat
682 927 795 985 interim
811 930 881 985 urbs
902 926 1108 985 munitionibus
1130 926 1188 984 alis
1210 927 1366 1000 atquealia
1387 947 1480 1004 appe·

421 1038 507 1095 tendo
528 1037 603 1105 loca,
625 1053 713 1110 quum
734 1035 764 1091 in
786 1053 867 1109 spem
890 1033 984 1108 magis
1006 1032 1109 1091 futurae
1130 1031 1317 1091 multitudinis
1333 1052 1421 1107 qnam
1441 1034 1481 1091 ad

392 1145 460 1218 aid,
480 1143 559 1219 quod
579 1152 640 1198 tum
661 1142 892 1209 hominumerat,
914 1138 1066 1197 munirent.
1108 1139 1231 1209 Deinde,
1247 1158 1283 1196 ne
1303 1158 1381 1197 vana
1398 1140 1480 1197 urbis

422 1249 588 1324 magnitudo
610 1258 698 1318 esset,
730 1246 888 1304 alliciendae
910 1244 1098 1302 multitudinis
1119 1263 1217 1315 causa,
1239 1253 1335 1302 vetere
1356 1246 1479 1303 consilio

419 1354 602 1430 condentium
623 1354 727 1423 urbes,
749 1352 799 1427 qui
821 1352 974 1409 obscuram
993 1358 1081 1425 atque
1101 1349 1237 1407 humilem
1259 1349 1417 1409 conciendo
1441 1352 1479 1408 ad

419 1479 451 1518 se
471 1460 681 1517 multitudinem
702 1467 802 1516 natam
824 1478 841 1516 e
863 1467 941 1515 terra
962 1456 1017 1513 sibi
1038 1456 1148 1531 prolem
1173 1457 1412 1528 ementiebantur,
1435 1458 1479 1515 lo·

419 1585 494 1636 cnm,
519 1566 568 1640 qui
588 1583 664 1623 nunc
680 1572 787 1639 saeptus
803 1562 1041 1621 descendentibus
1061 1561 1136 1618 inter
1150 1562 1224 1619 duos
1238 1562 1318 1621 lucos
1335 1571 1386 1634 est,
1411 1582 1479 1639 asy-

390 1672 478 1733 olum
500 1671 600 1748 aperit
642 1672 689 1729 Eo
711 1689 748 1727 ex
769 1669 896 1728 finitimis
918 1668 1033 1745 populis
1062 1668 1148 1725 turba
1175 1668 1267 1727 omnis
1288 1671 1349 1727 sine
1373 1670 1479 1727 discri-

420 1778 510 1847 mine,
536 1776 610 1834 liber
631 1796 669 1834 an
690 1794 791 1833 servus
812 1784 904 1844 esset,
939 1774 1027 1833 avida
1047 1791 1189 1831 novarum
1213 1795 1307 1833 rernm
1330 1775 1477 1852 perfugit;

387 1888 406 1943 7
417 1884 505 1960 idque
525 1884 650 1959 primum
672 1884 710 1940 ad
730 1894 863 1959 coeptam
885 1881 1112 1957 magnitudinem
1135 1880 1248 1939 roboris
1266 1880 1329 1939 fnit.
1378 1881 1478 1955 Quum

416 1990 479 2047 iarn
508 1990 612 2047 virium
639 1990 718 2047 haud
750 1989 913 2065 paeniteret,
949 1986 1098 2044 consilium
1127 1986 1229 2045 deinde
1249 1986 1359 2045 viribus
1380 1962 1477 2062 parat.

418 2094 539 2154 Centum
578 2104 657 2152 creat
688 2104 853 2165 senatores,
886 2093 947 2151 sive
977 2092 1046 2167 quia
1074 2092 1099 2149 is
1128 2110 1263 2151 numerus
1297 2093 1368 2151 satis
1401 2104 1476 2163 erat,

341 2172 347 2187 ,
415 2202 479 2259 sive
499 2202 570 2276 quia
590 2201 645 2259 soli
666 2209 779 2258 centum
793 2208 886 2270 crant,
911 2199 960 2274 qui
983 2198 1075 2256 creari
1090 2208 1188 2274 patres
1201 2208 1326 2274 possent.
1370 2200 1477 2257 Patres

417 2318 493 2367 certe
516 2309 554 2365 ab
575 2308 694 2377 honore,
718 2307 890 2382 patriciique
911 2305 1065 2382 progenies
1086 2324 1186 2361 eornm
1208 2305 1352 2381 appellati.

500 2415 565 2471 lam
588 2432 635 2471 res
656 2416 791 2472 Romana
805 2413 880 2470 adeo
896 2421 958 2469 erat
972 2411 1078 2480 valida,
1100 2419 1132 2467 ut
1152 2411 1268 2469 cuilibet
1287 2411 1475 2471 finitimarum

416 2519 565 2577 civitatum
587 2520 662 2577 bello
685 2538 741 2594 par
766 2527 856 2587 esset3
878 2519 929 2576 sed
951 2518 1072 2593 penuria
1092 2517 1242 2575 mulierum
1264 2518 1388 2575 hominis
1406 2530 1476 2577 aeta·

416 2632 474 2681 tem
501 2624 639 2683 duratura
662 2624 831 2700 magnitudo
853 2632 933 2694 erat,
969 2623 1077 2699 quippe
1103 2624 1206 2697 quibus
1227 2640 1281 2680 nec
1307 2623 1386 2679 domi
1409 2643 1475 2701 spes
1537 2664 1538 2697 3

386 2729 505 2805 lprolis
534 2748 587 2788 nec
616 2749 681 2789 cam
709 2730 837 2788 finitimis
865 2729 1009 2787 connubia
1037 2737 1141 2789 essent.
1188 2730 1264 2785 Tum
1295 2748 1332 2787 ex
1353 2732 1475 2787 consilio
1537 2798 1538 2803 ἵ

415 2845 530 2910 patrum
552 2835 693 2893 Romulus
717 2836 829 2910 legatos
845 2836 924 2893 circa
953 2834 1062 2891 vicinas
1084 2842 1184 2910 gentes
1205 2834 1290 2904 misit,
1312 2836 1361 2910 qui
1382 2838 1475 2894 socie·

386 2942 506 2999 3tatem
530 2942 762 3017 connubiumque
783 2960 861 2999 novo
883 2940 992 3017 populo
1014 2948 1161 3016 peterent:
1183 2940 1267 2996 urbes
1290 2958 1425 3014 quoque,
1446 2948 1476 2997 ut

416 3055 532 3116 cetera,
562 3066 600 3103 ex
620 3048 718 3106 infimo
740 3047 836 3116 nasci;
869 3046 944 3117 dein,
968 3065 1039 3121 quas
1061 3064 1114 3103 sua
1136 3045 1227 3103 virtus
1248 3064 1283 3103 aa
1306 3046 1346 3103 dii
1366 3047 1475 3116 iuvent,

385 3156 537 3227 dnmgnas
560 3154 616 3211 sibi
635 3172 706 3230 opes
733 3172 930 3229 magnumque
946 3171 1056 3211 nomen
1078 3151 1189 3221 facere;
1219 3154 1289 3211 satis
1310 3154 1393 3225 scire,
1418 3154 1474 3211 ori·

415 3258 475 3333 gini
508 3260 648 3317 Romanae
679 3269 708 3317 et
738 3261 808 3318 deos
836 3258 956 3317 affuisse
989 3268 1018 3317 et
1042 3277 1101 3315 non
1128 3256 1291 3315 defuturam
1323 3258 1473 3328 virtutem;

415 3364 536 3437 proinde
556 3384 593 3421 ne
613 3376 807 3440 gravarentur
826 3365 958 3423 homines
982 3382 1047 3421 cum
1060 3364 1224 3421 hominibus
1248 3365 1418 3439 sanguinem
1440 3384 1473 3422 ac

386 3473 403 3525 5
415 3486 506 3543 genus
533 3470 661 3531 miscere.
713 3473 868 3546 Nusquam
898 3469 1021 3545 benigne
1049 3470 1156 3545 legatio
1183 3468 1283 3525 audita
1312 3480 1369 3539 est;
1399 3471 1472 3529 adeo

414 3573 499 3632 simul
520 3578 709 3650 spernebant,
741 3578 826 3635 simul
846 3586 957 3634 tantam
985 3575 1016 3631 in
1044 3575 1140 3633 medio
1166 3586 1340 3633 crescentem
1367 3579 1472 3635 molem
1534 3612 1535 3639 ι

415 3680 469 3738 sibi
491 3698 526 3737 ac
547 3684 669 3755 posteris
689 3685 748 3741 suis
770 3683 946 3741 metuebant.
1000 3684 1030 3739 A
1050 3681 1196 3758 plerisque
1216 3682 1408 3756 rogitantibus
1431 3684 1471 3739 di·

414 3785 503 3857 missi,
525 3788 637 3861 ecquod
658 3786 773 3845 feminis
795 3805 911 3862 quoque
932 3787 1044 3863 asylum
1061 3787 1252 3863 aperuissent3
1273 3788 1303 3845 id
1325 3788 1401 3846 enim
1423 3791 1471 3846 da·

384 3899 492 3954 6mum
513 3911 634 3969 compar
655 3893 828 3952 connubium
851 3893 923 3953 lore.
966 3896 1061 3969 AEgrs
1075 3894 1105 3950 id
1123 3894 1258 3951 Romane
1272 3895 1363 3969 pubes
1375 3913 1470 3971 passa,

413 4004 443 4053 et
462 3998 541 4055 haud
562 3998 649 4057 dubie
668 4000 707 4056 ad
728 3998 787 4055 vim
808 4008 941 4074 spectare
962 4018 1008 4057 res
1023 3998 1126 4074 coepit.
1160 3997 1213 4057 Cui
1229 4009 1341 4075 tempus
1362 4000 1470 4059 locum·

413 4120 470 4177 qne
491 4112 591 4178 aptum
612 4112 644 4159 ut
665 4104 749 4160 daret
768 4102 925 4177 Romulus,
958 4104 1154 4180 aegritudinem
1178 4105 1267 4163 animi
1287 4105 1470 4164 dissimulans

413 4207 497 4266 ludos
510 4228 548 4265 ex
561 4208 704 4265 industria
723 4219 809 4285 parat
819 4210 959 4285 Neptuno
981 4210 1107 4287 equestri
1122 4210 1290 4282 sollemnes3
1313 4210 1470 4272 Consualia

384 4315 508 4374 lvocat.
570 4312 663 4370 Indici
690 4313 793 4371 deinde
815 4314 943 4373 finitimis
967 4317 1162 4391 spectaculum
1184 4318 1277 4394 iubet5
1305 4328 1469 4393 quantoque
