3392 5084
632 471 711 524 Liber
727 473 760 524 x.
798 472 845 536 (A.
856 473 904 526 cu.
914 478 988 560 aas.)
1239 481 1299 538 stt

271 656 388 732 potitur
408 656 517 731 oppido
538 657 698 715 Romanus.
745 657 919 716 Samnitium
942 659 1009 718 cassi
1029 661 1086 720 tria
1106 661 1198 718 millia
1218 662 1372 733 ducenti,3

273 763 356 838 capti
378 769 517 836 quattuor
538 761 629 818 millia
649 763 824 837 sept-ingenti
844 774 950 838 praeter
970 765 1099 840 predam
1123 767 1221 824 aliam
1269 767 1372 828 Indel

272 867 425 925 Feritrum
447 867 541 924 ductae
568 866 708 942 legiones,
737 867 813 924 undo
835 869 976 944 oppidani
1007 887 1072 928 oum
1101 871 1236 928 omuibus
1256 874 1343 930 robus

274 972 348 1042 suis,
371 990 436 1046 qum
456 970 527 1029 ferri
549 971 654 1046 egique
682 980 848 1046 potuerunt,
877 984 964 1034 nocte
987 995 1040 1051 per
1068 993 1204 1033 aversam
1227 960 1347 1052 portam

275 1077 393 1136 silentio
416 1085 609 1136 excesserunt.
657 1076 759 1151 Igitur,
787 1079 874 1136 simul
895 1079 1014 1136 advenit
1043 1081 1154 1151 consul,
1183 1083 1279 1158 primo
1301 1083 1372 1140 itas

275 1182 457 1259 compositus
490 1181 706 1256 instructusque
735 1183 879 1240 moenibus
907 1185 1061 1254 suecessit,
1095 1195 1233 1261 tanquam
1255 1187 1342 1255 idem,

277 1290 359 1364 quod
381 1289 419 1346 ad
440 1286 604 1345 Milioniam
625 1285 736 1355 fuerat,
764 1288 931 1346 certaminis
952 1285 1043 1357 ioret3
1069 1288 1182 1361 deinde,
1203 1301 1237 1349 ut
1256 1292 1373 1352 silon-6
1486 1320 1487 1323 ¹

275 1393 350 1452 uum
373 1402 488 1452 vastum
509 1392 539 1450 in
561 1393 633 1450 urbe
647 1409 700 1448 nec
722 1409 806 1448 arma
819 1411 873 1450 nec
895 1393 974 1450 viros
995 1394 1025 1450 iu
1046 1394 1174 1453 turribus
1196 1413 1232 1452 ac
1253 1397 1343 1456 mnus

274 1499 368 1569 vidit,
400 1498 517 1556 avidum
545 1496 702 1554 invadendi
725 1497 840 1554 deserta
872 1499 979 1556 moenia
1011 1499 1130 1556 militem
1162 1499 1279 1569 detinet,
1306 1519 1344 1558 ne
1447 1527 1455 1534 ·

276 1623 367 1681 quam
391 1603 532 1662 occultam
560 1601 591 1658 in
621 1599 755 1660 fraudem
777 1603 910 1661 incautus
931 1613 1044 1672 rueret3
1068 1604 1141 1661 duas
1162 1613 1274 1661 turmas
1294 1613 1372 1664 so·l

276 1711 388 1767 ciorum
412 1707 510 1766 Latini
537 1707 662 1764 nominis
683 1707 925 1781 circumequitare
945 1710 1053 1767 moenia
1080 1720 1168 1784 atque
1190 1710 1344 1784 explorare

276 1813 378 1872 omnia
399 1813 487 1872 iubet.
534 1811 656 1885 Equites
677 1819 793 1886 portam
820 1831 909 1869 unam
932 1813 1114 1888 alteramque
1143 1816 1244 1872 eadem
1266 1815 1344 1890 regi·

277 1938 335 1978 one
356 1920 385 1976 in
405 1917 570 1994 propinquo
590 1925 723 1992 patentes
741 1917 923 1992 conspiciunt
942 1918 1151 1993 itineribusque
1165 1919 1201 1976 iis
1221 1921 1345 1995 vestigia
1364 1990 1372 2002 κ
1432 1911 1437 1918 ⁷

275 2033 426 2082 noeturnae
455 2023 581 2080 hostium
613 2021 698 2098 fuga.
754 2021 939 2096 Adequitant
967 2023 1072 2080 deinde
1106 2025 1213 2081 mnsim
1252 2026 1375 2100 portist

275 2130 438 2204 urbemque
466 2146 504 2186 ax
536 2136 599 2186 tuto
627 2128 713 2186 rectis
747 2125 899 2185 itineribus
929 2129 1061 2204 perviam
1092 2131 1287 2205 conspiciunt,
1316 2140 1345 2188 et
1417 2122 1421 2128 ’

277 2233 391 2292 consuli
422 2231 568 2301 referunt,
600 2249 763 2289 excessumv
784 2235 873 2303 urbe,
910 2233 1065 2292 solitudine
1091 2235 1170 2291 haud
1199 2234 1288 2292 dubia
1314 2235 1345 2290 id

277 2337 462 2413 perspicuum
489 2355 553 2394 esse
579 2347 608 2394 et
634 2339 796 2396 recentibus
823 2338 953 2414 vestigiis
974 2339 1052 2416 ingre
1073 2358 1108 2398 ao
1128 2349 1228 2415 strage
1248 2357 1345 2396 rernm

277 2443 309 2499 in
332 2442 525 2518 trepidatione
547 2452 690 2500 noct-urus
710 2444 875 2502 relictarum
900 2444 1019 2520 passim.
1066 2441 1123 2501 His
1150 2444 1255 2502 auditis
1276 2443 1375 2501 oon-9
1414 2492 1425 2507 ,

277 2547 326 2606 sul
347 2547 385 2604 ed
407 2556 604 2621 campartem
626 2545 722 2617 urbis,
745 2567 834 2622 quarn
857 2551 991 2608 adierant
1012 2549 1138 2625 equites,
1159 2523 1346 2607 circumducit

278 2670 395 2727 agmen.
444 2651 615 2710 Constitutis
637 2651 715 2708 haud
737 2655 838 2728 procul
866 2667 954 2731 porta
974 2656 1082 2732 siguis,
1114 2655 1241 2729 quinque
1262 2654 1345 2728 equi·

278 2769 324 2814 tes
348 2757 427 2814 iubet
446 2758 556 2814 intrare
577 2757 677 2813 urbem
708 2764 737 2814 et
765 2759 911 2816 modicum
938 2761 1064 2835 spatium
1094 2775 1266 2834 progressos
1287 2767 1346 2814 tres

160 2883 166 2894 ⁸
278 2879 398 2918 manere
416 2861 521 2929 ¹eodem
543 2860 620 2930 loeo,
642 2861 667 2918 si
689 2868 753 2919 tuta
774 2864 937 2935 videantur,
971 2867 1046 2922 duos
1071 2863 1226 2938 explorata
1254 2863 1292 2919 ad
1313 2881 1346 2919 se

277 2966 398 3026 referre.
448 2965 506 3039 Qui
538 2966 587 3023 ubi
611 2966 759 3024 redierunt
787 2948 1016 3042 retuleruntque,
1042 2987 1079 3024 eo
1106 2985 1137 3024 se
1165 2984 1345 3042 progressos,
1362 2969 1396 3022 10

277 3072 356 3128 unde
377 3071 407 3128 in
429 3087 529 3128 omnes
551 3063 649 3145 partes
670 3071 897 3148 circumspectus
911 3083 996 3143 esset,
1016 3073 1104 3147 louge
1124 3072 1240 3145 lateque
1259 3071 1345 3128 silen-

278 3177 352 3232 tium
374 3193 409 3232 ao
431 3175 613 3232 solitudinem
628 3175 745 3247 vidisse,
766 3179 913 3252 extemplo
927 3166 1029 3235 ¹consul
1046 3178 1181 3234 cohortes
1196 3177 1345 3250 expeditas
1361 3179 1392 3250 ll

278 3281 310 3336 in
342 3281 443 3336 urbem
471 3280 599 3350 induxit,
630 3289 743 3338 eeteros
773 3281 889 3338 interim
917 3292 1014 3337 eastra
1047 3279 1224 3338 communire
1251 3281 1343 3344 iussit,

279 3385 411 3460 Ingressi
425 3385 539 3454 milites,
563 3385 697 3442 refractis
718 3384 839 3453 foribus,
861 3403 972 3458 paucos
994 3403 1101 3460 gravas
1122 3393 1207 3440 astate
1228 3395 1279 3441 ant
1298 3385 1344 3440 in·
1360 3388 1396 3444 ¹2

281 3490 398 3546 validos
430 3490 580 3547 inveniunt
609 3490 782 3563 relictaque,
817 3507 883 3562 quae
914 3489 1041 3562 migratu
1078 3487 1208 3545 difficilia
1239 3498 1344 3548 essent.

279 3596 328 3652 Ea
357 3596 484 3670 direpta;
518 3603 548 3651 et
576 3596 721 3670 cognitum
745 3613 782 3651 ax
806 3596 930 3670 captivis
959 3604 1017 3662 est,
1051 3593 1197 3649 communi
1224 3593 1345 3650 consilio
1362 3599 1395 3654 tt

281 3700 393 3775 aliquot
415 3701 492 3758 circa
513 3701 599 3758 urbes
622 3699 766 3756 conscisse
786 3699 906 3775 fugam3
935 3714 1004 3756 suos
1029 3697 1125 3774 prima
1151 3697 1252 3772 vigilia
1276 3715 1344 3771 pro·

279 3805 387 3864 factos:
421 3806 546 3876 eradere,
579 3805 699 3862 eandem
722 3804 751 3860 in
780 3803 845 3861 aliis
876 3804 997 3862 urbibus
1028 3801 1213 3859 solitudinem
1245 3803 1344 3859 inven-

280 3921 372 3974 turos.
416 3911 510 3968 Dictis
527 3912 709 3986 captivorum
731 3909 803 3966 tides
818 3909 944 3977 exstitit3
966 3907 1088 3965 desertis
1109 3906 1225 3982 oppidis
1245 3907 1346 3964 consul
1362 3915 1396 3970 14

280 4017 398 4092 potitur.

366 4119 461 4178 Alteri
492 4117 603 4176 consuli
632 4117 675 4176 M.
699 4117 791 4175 Atilio
820 4135 1007 4192 nequaquam
1033 4127 1094 4175 tam
1125 4116 1210 4174 iaoile
1237 4116 1344 4175 bellum
1396 4119 1439 4188 35

280 4225 346 4283 fuit.
394 4224 490 4298 Quum
513 4223 551 4281 ad
570 4223 724 4287 Luceriam
751 4223 871 4281 ducmet
889 4223 1035 4298 legiones,
1067 4240 1155 4296 quam
1183 4221 1346 4297 oppugnari
