3392 5084
488 501 526 559 78
775 497 854 546 Liber
869 495 932 546 vit
967 496 1012 562 (Δ.
1022 511 1049 546 ιι.
1061 511 1083 548 e.
1093 497 1167 562 411.)

445 689 594 741 contracta
614 691 704 752 esset3
737 690 806 740 tunc
827 681 918 752 euim,
949 688 983 738 ut
1003 681 1053 756 qui
1073 700 1111 740 ex
1139 699 1223 756 usquo
1253 699 1307 739 nos
1339 679 1486 736 venissein

446 786 602 845 amicitiam
623 787 860 856 meminissemus,
889 787 974 844 amici
995 786 1119 846 forsitan
1139 786 1250 863 pariter
1271 805 1307 844 ac
1328 803 1412 852 nunc,
1431 783 1487 840 sub·

415 894 510 952 diecti
530 905 618 968 atque
642 893 762 950 obnoxii
782 893 866 950 vobis
889 892 982 950 minus
1009 911 1152 963 essemus;
1182 911 1273 964 nuuc,
1306 890 1489 948 misericordia

444 1009 543 1057 vestra
562 999 706 1057 enuntiati
729 998 896 1073 auxilioque
916 998 947 1055 iu
966 998 1060 1056 dubiis
1078 1000 1166 1058 rebus
1191 998 1314 1067 defensi,
1336 997 1488 1056 beneficium

445 1123 562 1180 quoque
582 1115 730 1179 acceptum
752 1103 882 1162 colamus
903 1113 1084 1179 operteque
1108 1103 1216 1180 ingrati
1237 1113 1329 1178 atque
1348 1105 1425 1161 omni
1445 1122 1489 1178 ope

414 1214 433 1268 4
445 1212 543 1268 divina
556 1213 740 1284 humanaque
753 1209 862 1285 indigni
877 1208 1036 1268 videamur.
1067 1210 1172 1284 Neque
1185 1209 1314 1281 hercule,
1331 1211 1410 1286 quod
1419 1209 1490 1270 Sam·

445 1318 518 1376 nites
539 1312 652 1393 priores
673 1314 757 1372 amici
772 1313 900 1390 sociique
921 1316 1005 1372 vobis
1019 1315 1089 1374 facti
1109 1326 1185 1387 sunt
1206 1317 1244 1372 ad
1258 1315 1289 1372 id
1305 1317 1406 1374 valere
1428 1315 1490 1372 erbi-

445 1432 516 1494 nor,
536 1443 574 1480 ne
590 1441 645 1480 nos
664 1423 695 1480 iu
716 1419 871 1478 amicitiam
893 1422 1078 1498 accipiamur,
1099 1423 1150 1479 sed
1165 1432 1196 1479 ut
1209 1429 1360 1480 vetustate
1374 1429 1403 1478 et
1414 1421 1490 1496 gradu

445 1529 564 1587 honoris
584 1545 638 1585 nos
658 1535 808 1603 prasteut3
837 1544 932 1600 neque
953 1528 1029 1584 enim
1049 1527 1158 1586 foedere
1179 1528 1370 1598 Samnitium,
1391 1547 1427 1584 ne
1446 1545 1492 1602 qus

415 1637 524 1694 5nova
542 1634 698 1709 iungeretis
719 1632 839 1702 federa,
861 1643 977 1691 cautum
999 1643 1052 1693 est.
1107 1634 1176 1692 Fuit
1208 1634 1330 1708 quidem
1355 1634 1432 1710 apud
1450 1651 1491 1690 uos

445 1759 560 1817 semper
578 1739 649 1798 satis
665 1739 743 1796 insta
756 1755 845 1796 causa
861 1738 1003 1808 amicitias,
1024 1739 1098 1796 velie
1112 1759 1177 1796 aum
1190 1739 1276 1797 vobis
1291 1741 1421 1798 amicum
1435 1757 1492 1796 esse.

415 1847 495 1922 6qui
514 1865 568 1904 vos
592 1853 756 1920 appeteret3
787 1841 946 1919 Campani,
978 1844 1032 1901 etsi
1056 1844 1174 1903 fortuna
1198 1864 1329 1921 praesens
1357 1846 1491 1922 magnifice

443 1952 524 2027 loqui
552 1952 700 2028 prohibet,
728 1969 787 2007 non
807 1951 888 2008 urbis
909 1950 1105 2026 amplitudine,
1126 1971 1184 2008 non
1213 1953 1278 2027 agri
1301 1955 1436 2010 ubertate
1454 1950 1492 2008 ulli

444 2059 553 2134 populo
568 2068 759 2134 preterquam
774 2057 857 2114 vobis
872 2057 1014 2127 cedentes,
1035 2058 1114 2116 haud
1128 2078 1231 2133 parve,
1252 2069 1285 2115 ut
1300 2059 1438 2128 arbitror,
1455 2075 1491 2114 uo

445 2164 537 2221 cessio
568 2164 652 2222 bonis
688 2164 774 2220 rebus
807 2161 911 2220 vestris
945 2163 976 2218 in
1009 2161 1165 2220 amicitiam
1200 2161 1336 2221 venimus
1370 2175 1491 2222 vestran.

415 2269 752 2344 7AEquis·Volscisque,
773 2269 886 2326 aeternis
903 2268 1034 2325 hostibus
1055 2267 1139 2325 huius
1160 2268 1250 2338 urbis,
1272 2271 1492 2344 quandocunque

444 2393 477 2432 se
497 2375 654 2452 moverint,
685 2377 722 2433 ab
743 2384 827 2451 tergo
847 2375 963 2444 erimus,
986 2384 1015 2430 et
1036 2375 1113 2448 quod
1134 2391 1188 2432 vos
1212 2393 1267 2450 pro
1289 2377 1389 2434 salute
1408 2387 1492 2434 nostra

443 2481 555 2556 priores
575 2479 709 2553 feceritis,
730 2481 760 2538 id
785 2499 840 2538 nos
863 2500 917 2557 pro
938 2480 1059 2557 imperio
1087 2488 1185 2538 vestro
1216 2488 1245 2538 et
1266 2482 1366 2557 gloria
1393 2501 1493 2559 semper
1520 2503 1521 2506 ¹

414 2587 593 2646 8faciemus.
640 2586 774 2645 Subactis
794 2587 831 2643 iis
852 2587 999 2661 gentibus,
1030 2605 1094 2662 qum
1121 2586 1271 2643 internos
1292 2599 1493 2666 vosquesnnt.

444 2693 524 2768 quod
551 2692 718 2769 propediem
745 2691 874 2761 futurum
902 2693 1025 2769 spondet
1046 2703 1075 2750 et
1094 2692 1185 2748 virtus
1206 2700 1237 2750 et
1255 2691 1381 2753 fortuna
1400 2705 1490 2753 vestra

413 2799 593 2858 9contineus
620 2799 772 2874 imperium
805 2817 897 2874 usque
929 2799 967 2856 sd
987 2817 1041 2856 nos
1073 2799 1226 2858 habebitis.
1284 2803 1436 2859 Acerbum
1464 2817 1490 2856 ao

443 2905 579 2962 miserum
597 2913 650 2975 est
672 2905 751 2980 quod
770 2904 857 2962 fateri
873 2923 927 2962 nos
948 2903 1067 2961 fortuna
1086 2913 1186 2960 nostra
1207 2903 1301 2980 cogit:
1325 2927 1362 2966 eo
1387 2915 1488 2964 ventum
1518 2919 1519 2948 ³

444 3019 496 3081 est,
517 3021 616 3086 patres
637 3012 801 3088 conscript-i,
823 3021 856 3069 ut
879 3019 930 3068 aut
951 3011 1108 3068 amicorum
1136 3020 1187 3069 aut
1206 3011 1394 3072 inimicorum
1416 3013 1489 3072 Cam·
1518 3021 1519 3052 ³

395 3117 513 3193 lopani
534 3117 633 3179 simus.
678 3117 711 3176 Si
732 3117 894 3188 defenditis,
916 3117 1013 3187 vestri,
1035 3117 1061 3174 si
1081 3116 1227 3189 deseritis,
1249 3117 1426 3178 Samnitium
1446 3118 1487 3176 eri·
1511 3157 1516 3172 .

443 3241 525 3293 mus;
547 3220 678 3298 Capuam
701 3241 771 3298 ergo
792 3233 821 3282 et
842 3222 1034 3298 Campaniam
1057 3242 1172 3280 omnem
1197 3225 1303 3282 vestris
1326 3245 1364 3282 an
1389 3224 1488 3286 Samni·
1517 3257 1518 3266 ι

394 3339 428 3392 11
445 3329 516 3386 ιίιιιιι
537 3328 646 3385 viribus
674 3328 812 3386 accedere
841 3329 964 3400 malitis,
992 3329 1156 3388 deliberate.
1207 3327 1352 3388 Omnibus
1375 3331 1487 3407 quidem,
1517 3337 1518 3358 ¹

444 3435 583 3505 Romani,
604 3444 730 3492 raabam
751 3434 976 3493 misericordiam
1003 3443 1190 3508 vestrumque
1216 3434 1358 3493 auxilium
1387 3451 1486 3510 aequun

445 3550 490 3599 est
516 3551 634 3616 patere,
665 3539 701 3596 iis
729 3548 826 3596 tamen
855 3542 995 3612 maxims,
1027 3541 1078 3616 qui
1106 3559 1142 3597 ea
1179 3540 1404 3616 implorantibus
1435 3539 1485 3598 aliis

446 3645 612 3724 [auxilium]
629 3646 698 3702 dum
712 3664 801 3722 supra
814 3641 891 3703 vires
906 3663 974 3703 suas
989 3654 1135 3720 praestant,
1152 3644 1282 3725 [omnes]
1297 3648 1353 3724 ipsi
1373 3648 1404 3705 in
1424 3649 1485 3704 hauc

394 3761 430 3818 12
443 3751 641 3810 necessitatem
663 3761 810 3809 venerunt.
854 3751 1029 3827 Quanquam
1052 3752 1245 3828 pugnavimus
1266 3755 1357 3811 verbo
1376 3773 1430 3831 pro
1449 3751 1484 3810 Si·

443 3859 555 3930 dicinis,
575 3878 607 3916 re
627 3877 680 3934 pro
701 3858 795 3927 nobis,
817 3876 906 3934 quum
927 3858 1089 3914 videremus
1115 3855 1266 3916 finitimum
1288 3860 1425 3935 populum
1444 3874 1483 3913 ue·

443 3964 519 4022 fario
541 3965 692 4023 latrocinio
711 3964 883 4023 Samnitium
905 3964 964 4039 peti
985 3974 1023 4034 et,
1050 3962 1100 4021 ubi
1122 3964 1350 4040 conflagrassent
1369 3960 1481 4024 Sidicini.

395 4080 431 4136 13
445 4071 484 4128 ad
503 4090 558 4130 nos
587 4073 772 4130 traiectumm
800 4071 871 4128 illud
900 4071 1063 4128 incendium
1092 4088 1165 4129 esse.
1215 4070 1280 4128 Nec
1308 4071 1382 4128 euim
1409 4085 1480 4126 nuuc

445 4177 514 4253 quia
544 4177 643 4234 dolant
662 4177 795 4234 iniuriam
827 4186 978 4253 acceptam
1000 4175 1159 4247 Samnites,
1189 4177 1240 4234 sed
1271 4178 1341 4250 quia
1360 4175 1480 4252 gandent
1512 4205 1514 4214 ‹

394 4285 431 4339 tt
444 4282 573 4340 oblatam
594 4282 650 4341 sibi
669 4301 733 4341 esse
754 4301 883 4352 cansam,
904 4292 1103 4359 oppugnatum
1131 4301 1186 4354 nos
1203 4284 1329 4345 veniunt.
1375 4285 1436 4350 An,
1461 4277 1478 4334 si
