3392 5084
503 474 581 523 true
596 473 642 523 vr.
680 472 956 539 (nenses-sse.)
1206 481 1221 533 7

210 658 326 733 collega
346 657 441 730 lateri,
461 658 589 733 regimen
610 659 738 715 omnium
759 677 865 729 rerum,
887 658 937 715 ubi
959 658 1028 732 quid
1038 659 1133 717 bellici
1148 661 1264 719 terroris

210 764 338 838 ingruat,
369 764 399 821 in
421 762 484 820 viro
506 782 564 820 uno
587 782 663 833 esse,
692 764 804 840 sibique
824 764 998 827 destinatum
1027 764 1057 820 in
1084 764 1181 821 animo
1202 772 1294 825 esse?

211 867 331 927 Camillo
352 868 531 927 summittere
545 869 710 945 imperium,
731 889 784 929 nec
806 853 961 945 quicquam
983 869 1019 926 de
1041 869 1191 927 maiestate
1212 890 1267 928 sua
1345 936 1348 941 ,

211 976 368 1033 detractum
405 975 539 1045 credere,
578 975 656 1048 quod
688 976 832 1033 maiestati
864 973 925 1031 eius
957 974 1014 1031 viri
1047 975 1264 1039 concessissent.
1355 1013 1359 1034 .

210 1079 390 1139 Collaudatis
411 1081 449 1137 ab
464 1090 566 1137 senatu
582 1079 701 1137 tribunis
719 1080 823 1155 etipse
837 1078 986 1151 Camillus,
1007 1078 1144 1138 confusus
1158 1081 1265 1153 animo,

208 1186 315 1261 gratias
343 1185 412 1261 egit.
464 1186 572 1260 Ingens
599 1185 665 1243 inde
693 1186 734 1243 ait
763 1202 836 1243 onus
863 1203 882 1241 a
907 1184 1016 1261 populo
1038 1186 1173 1242 Romano
1200 1184 1296 1257 sibi,8

209 1292 253 1366 qui
275 1310 309 1349 se
333 1288 534 1367 [dictatorem]
558 1291 616 1349 iam
640 1300 774 1367 quartum
796 1298 937 1361 creasset,
965 1308 1104 1366 magnum
1125 1309 1144 1347 a
1164 1299 1266 1348 senatu

208 1398 311 1453 talibus
335 1397 373 1453 de
395 1414 428 1453 se
449 1396 561 1453 iudiciis
583 1396 643 1454 eius
666 1396 783 1467 ordinis,
807 1395 968 1452 maximum
983 1403 1042 1452 tam
1057 1396 1265 1453 honoratorum

207 1503 385 1579 collegarum
406 1500 546 1575 obsequio
572 1502 691 1577 iniungi.
737 1504 843 1576 Itaque
872 1501 897 1557 si
922 1500 991 1576 qnid
1017 1501 1126 1559 laboris
1153 1500 1295 1577 vigilia-9

207 1628 328 1683 rumque
347 1608 435 1666 adiici
446 1609 549 1684 possit,
561 1618 717 1666 certantem
729 1626 826 1665 secum
840 1608 935 1684 ipsum
951 1607 1127 1678 annisurum,
1143 1616 1175 1664 ut
1184 1615 1265 1663 tanto

207 1711 236 1767 de
265 1730 299 1768 se
328 1730 473 1771 consensu
501 1714 625 1773 civitatis
657 1712 835 1789 opinionem,
867 1730 931 1787 quse
961 1711 1090 1770 maxima
1110 1712 1157 1783 sit,
1178 1712 1265 1771 etiam

206 1828 386 1875 constantem
415 1817 531 1878 efficiat.
574 1819 660 1893 Quod
682 1818 720 1875 ad
743 1817 847 1875 bellum
871 1826 959 1892 atque
979 1816 1115 1875 Antiates
1136 1818 1266 1894 attineat,
1282 1832 1316 1888 ιο

205 1923 263 1997 plus
277 1924 321 1981 ibi
338 1924 484 1982 minarum
497 1944 584 2000 quam
598 1924 718 2002 periculi
740 1941 816 1993 esse3
838 1941 869 1980 se
879 1932 986 1994 tamen,
1011 1930 1043 1979 ut
1057 1922 1127 1981 nihil
1138 1924 1265 1998 timendi,

205 2029 241 2085 sio
254 2030 331 2087 nihil
358 2019 559 2087 contemnendi
581 2038 729 2088 auctorem
745 2047 816 2089 esse.
860 2027 1071 2086 Circumsederi
1091 2031 1191 2088 urben
1204 2033 1265 2090 Ro·
1280 2031 1313 2087 ll

206 2154 318 2193 manam
344 2137 383 2192 ab
405 2136 515 2193 invidia
537 2145 566 2194 et
587 2137 654 2193 odio
675 2136 875 2203 finitimorum
895 2135 995 2209 itaque
1017 2146 1045 2191 et
1066 2136 1187 2193 ducibus
1200 2137 1265 2212 plu·

204 2240 276 2297 ribus
323 2250 357 2299 et
392 2242 566 2300 exercitibus
604 2242 861 2299 administrandam
900 2259 962 2298 rem
1004 2240 1151 2315 publicam
1192 2260 1264 2303 esse.

207 2347 281 2413 ,Te“
306 2348 422 2421 inquit,
455 2350 510 2417 „P.
531 2348 645 2419 Valeri,
678 2348 788 2407 socium
808 2346 923 2422 imperii
944 2346 1113 2422 consiliique
1137 2347 1266 2422 legiones
1281 2349 1315 2405 12

207 2470 313 2511 mecum
340 2453 482 2511 adversus
497 2454 646 2511 Antiatem
668 2455 780 2511 hostem
801 2453 906 2509 ducere
920 2452 1024 2528 placet
1069 2454 1123 2524 Te,
1146 2453 1182 2528 Q.
1198 2454 1315 2513 Ser-13

207 2558 260 2630 vili,
282 2559 382 2617 altero
406 2559 535 2617 exercitu
555 2559 693 2616 instructo
714 2568 878 2633 paratoque
899 2557 931 2614 in
951 2560 1023 2616 urbe
1037 2570 1134 2617 castra
1147 2561 1265 2631 habere,

209 2664 366 2736 intentum,
398 2665 460 2723 sive
480 2666 599 2725 Etruria
622 2684 653 2721 se
674 2664 803 2733 interim,
832 2672 864 2721 ut
884 2682 992 2740 nuper,
1025 2664 1087 2723 sive
1107 2685 1186 2724 nova
1204 2668 1266 2725 hec

210 2788 279 2841 cura,
302 2772 409 2831 Latini
424 2780 511 2845 atque
522 2768 652 2840 Hernici,
674 2769 830 2838 moverint;
850 2788 905 2843 pro
920 2778 999 2827 certo
1015 2772 1120 2843 habeo,
1142 2773 1184 2829 ita
1204 2792 1265 2830 rem

208 2884 365 2949 gesturum,
387 2884 420 2933 ut
441 2887 533 2951 patre,
555 2894 612 2932 avo
634 2886 719 2950 teque
739 2875 804 2951 ipso
827 2891 928 2931 acsex
940 2875 1134 2943 tribunatibus
1148 2879 1265 2955 dignum

208 2993 251 3037 est
294 2982 420 3040 Tertius
442 2982 585 3039 exercitus
606 3000 644 3037 ex
659 2980 797 3038 causariis
810 2980 1028 3056 senioribusque
1050 3002 1069 3039 a
1082 2985 1118 3047 L.
1131 2984 1265 3058 Quinctio
1281 2988 1317 3043 14

208 3088 363 3158 scribatur,
393 3087 444 3162 qui
473 3086 539 3143 urbi
572 3086 770 3161 moenibusque
798 3086 933 3162 praesidio
962 3087 1010 3146 sit.
1067 3089 1102 3149 L.
1124 3091 1265 3148 Horatius

207 3209 299 3265 arma,
329 3192 408 3264 tela,
441 3192 634 3262 frumentum,
665 3211 786 3267 quaque
815 3192 883 3249 belli
904 3192 962 3249 alia
983 3203 1116 3269 tempora
1135 3206 1264 3270 poscent,

207 3300 368 3370 provideat.
412 3299 472 3369 Te,
495 3297 559 3359 Ser.
584 3295 714 3369 Corneli,
735 3298 887 3374 praeaidem
908 3298 993 3356 huius
1014 3300 1122 3375 publici
1143 3302 1264 3372 consilii,
1280 3306 1315 3359 15

207 3406 353 3463 custodem
375 3404 558 3479 religionum,
579 3404 771 3475 comitiorum,
791 3404 897 3479 legum,
918 3423 1015 3462 rerum
1034 3408 1161 3465 omnium
1177 3410 1264 3467 urba·

208 3527 319 3581 uarum,
349 3511 471 3585 collegae
491 3509 643 3570 facimus.“
693 3508 811 3568 Cunctis
832 3510 863 3566 in
884 3519 983 3586 partes
1003 3514 1129 3571 muneris
1148 3514 1193 3571 sui
1214 3516 1264 3572 be·
1281 3517 1315 3574 16
1419 3546 1422 3552 J

208 3615 284 3690 uigne
313 3617 521 3694 pollicentibus
549 3634 684 3691 operam,
722 3615 872 3688 Valerius,
907 3618 1002 3675 socius
1025 3619 1138 3694 imperii
1164 3620 1265 3693 lectus,

210 3722 322 3795 adiecit,
352 3724 396 3781 M.
419 3722 541 3781 Furium
567 3722 621 3778 sibi
643 3740 696 3797 pro
718 3722 858 3779 dictatore
887 3724 1024 3797 sequaci
1049 3743 1107 3801 prov
1125 3727 1264 3802 magistro

211 3829 332 3901 equitum
359 3829 506 3897 futurum3
539 3828 677 3903 proinde,
706 3845 792 3902 quam
814 3828 979 3901 opinionem
1002 3830 1039 3887 de
1059 3831 1144 3887 unico
1173 3831 1265 3907 impe·
1280 3838 1315 3891 17

210 3945 313 4001 ratore,
347 3956 413 3994 eam
437 3952 517 4010 spem
541 3933 675 3991 debello
704 3934 852 3991 habereut.
902 3934 941 3993 Se
961 3954 1032 3993 vero
1054 3938 1128 3995 bone
1147 3957 1266 4014 sperare

211 4052 298 4113 patres
320 4053 351 4101 ct
373 4043 410 4099 de
432 4040 510 4097 bello
539 4049 568 4097 et
593 4040 630 4096 de
647 4044 733 4115 'pace
762 4040 953 4116 universaque
981 4062 1012 4100 re
1038 4045 1155 4121 publica
1178 4044 1266 4102 erecti

211 4149 308 4218 gaudio
330 4147 474 4218 fremunt,
506 4165 559 4205 nec
584 4146 723 4203 dictatore
744 4164 870 4219 unquam
894 4165 966 4224 opus
987 4148 1051 4207 lore
1071 4150 1114 4207 rei
1134 4150 1265 4226 publica,
1281 4152 1317 4209 18

213 4252 321 4313 sitales
342 4257 424 4314 viros
446 4254 477 4310 in
502 4253 672 4329 magistratu
700 4253 822 4323 habeat,
854 4262 914 4311 tam
938 4256 1130 4315 concordibus
1152 4256 1266 4315 iunctos
