3392 5084
481 497 519 553 ⁴2
541 545 543 554 .
910 497 987 547 Liber
1004 496 1025 546 1.

438 698 539 738 servus
554 698 641 737 serva
653 689 739 738 netes
751 675 908 757 possideat.
952 681 1048 755 Quum
1063 701 1215 741 commune
1226 682 1351 741 Romani
1366 682 1497 745 nominis.

437 795 498 844 tum
525 787 669 862 praecipue
699 786 729 844 id
761 788 864 845 domus
897 804 957 844 suus
987 787 1117 855 dedecus
1139 786 1217 857 fore,
1246 787 1286 858 si,
1314 788 1391 845 Anci
1420 788 1495 863 regie

438 893 515 950 virili
535 893 625 968 stirpe
645 893 737 964 salva,
758 912 817 951 non
839 894 926 952 modo
948 894 1077 965 advenis,
1099 894 1151 950 sed
1172 893 1263 950 servis
1279 893 1364 950 etiem
1376 912 1494 969 regnum

409 1002 541 1059 4Rcmoe
560 1008 680 1075 peteret.
725 1001 817 1057 Ferro
830 997 919 1075 igitur
942 1018 1006 1056 earn
1027 1016 1125 1056 arcere
1139 970 1341 1058 contumeliam
1354 1008 1494 1063 statuunt:

440 1107 544 1163 sedet
571 1104 682 1162 iniurioe
708 1104 792 1162 dolor
822 1105 853 1161 in
882 1104 1072 1179 Tarquinium
1104 1106 1198 1181 ipsum
1227 1106 1321 1182 magis
1349 1123 1436 1180 quam
1468 1106 1494 1161 in

440 1212 572 1272 Servium
591 1230 641 1269 eos
653 1210 830 1281 stimulabat,
852 1220 880 1269 et
897 1209 993 1288 [quie]
1009 1211 1128 1287 gravior
1142 1212 1217 1269 ulter
1237 1212 1332 1283 caedis,
1353 1212 1378 1269 si
1397 1230 1495 1287 super·

440 1328 528 1390 esset,
561 1336 615 1374 rex
634 1316 748 1374 futurus
772 1327 836 1375 eret
864 1336 951 1394 quam
980 1318 1126 1394 privetus3
1158 1325 1235 1389 tum,
1262 1318 1364 1377 Servio
1391 1318 1496 1386 occiso,

440 1440 639 1497 quemcunque
660 1421 747 1478 alium
770 1440 908 1498 generum
930 1424 1092 1499 delegisset,
1123 1423 1243 1481 eundem
1265 1425 1347 1501 regni
1363 1426 1494 1482 heredem

374 1572 377 1576 f
410 1529 569 1588 electurus
596 1528 761 1597 videbatur3
795 1529 832 1586 ob
860 1530 921 1586 haee
949 1530 1004 1605 ipsi
1033 1530 1096 1606 regi
1123 1529 1233 1587 insidiae
1258 1534 1408 1606 parentur.
1452 1531 1495 1587 Ex

440 1635 606 1711 pasteribus
632 1634 690 1690 due
712 1632 884 1691 ferocissimi
909 1636 1012 1695 delecti
1033 1638 1072 1695 ed
1092 1635 1213 1707 facinus,
1245 1636 1349 1711 quibus
1371 1636 1495 1695 consueti

441 1750 524 1798 eram
546 1749 668 1814 uterque
690 1740 852 1815 agrestibus
871 1740 1062 1815 ferramentis,
1084 1743 1115 1800 in
1132 1742 1275 1800 vestibulo
1292 1743 1389 1817 regite,
1411 1762 1494 1817 quam

440 1856 561 1923 potuere
581 1847 844 1904 tumultuosissimas
875 1850 969 1925 specie
996 1850 1067 1909 rixae
1096 1850 1126 1905 in
1147 1867 1179 1905 se
1196 1866 1296 1905 omnes
1318 1849 1494 1925 apparitores

440 1952 537 2029 regios
546 1962 731 2029 conuertunt3
745 1953 821 2022 inde,
834 1972 923 2029 quum
937 1958 1024 2015 ambo
1034 1974 1132 2031 regem
1143 1954 1322 2030 appellarent
1332 1953 1494 2027 clamorque

442 2078 541 2117 eorum
562 2059 675 2134 penitus
696 2059 727 2115 in
747 2060 857 2135 regiam
875 2062 1061 2135 pervenisset,
1082 2061 1180 2118 vocati
1201 2060 1238 2117 ud
1255 2076 1352 2133 regem
1365 2070 1493 2134 pergunt.

412 2165 543 2225 6Prime
563 2176 685 2240 uterque
705 2164 861 2222 vociferari
894 2175 923 2222 et
952 2166 1080 2224 certatim
1111 2168 1184 2224 ulter
1211 2165 1294 2224 elteri
1318 2167 1493 2240 obstreperet

441 2272 560 2330 coerciti
580 2274 618 2330 ab
638 2272 740 2329 lictore
769 2280 799 2327 et
823 2270 894 2328 iussi
924 2270 955 2326 in
985 2271 1077 2328 vicem
1110 2273 1204 2331 dicere
1235 2269 1351 2329 tandem
1382 2270 1494 2346 obloqui

412 2378 595 2446 'ldesistunt3
623 2394 697 2435 unus
716 2396 778 2433 rem
800 2395 838 2432 ex
859 2377 1019 2451 composito
1042 2378 1161 2435 orditur.
1204 2378 1300 2451 Quum
1322 2376 1494 2434 intentusiu

442 2502 507 2539 eum
534 2500 567 2539 se
593 2501 647 2539 rex
675 2491 752 2539 totus
780 2490 937 2553 averteret,
973 2484 1046 2540 alter
1074 2484 1179 2540 elatam
1206 2484 1327 2541 securim
1356 2484 1386 2540 in
1413 2494 1494 2558 caput

441 2588 552 2658 deiecit,
572 2588 731 2662 relictoque
745 2588 776 2645 in
792 2588 911 2645 vulnere
932 2586 989 2645 telb
1011 2590 1098 2646 ambo
1120 2608 1152 2645 se
1167 2588 1248 2647 fores
1266 2590 1390 2647 eliciunt
1526 2662 1527 2673 ἵ

524 2694 715 2769 Tarquinium
726 2694 927 2752 moribundum
937 2713 1035 2768 quum,
1054 2696 1189 2769 quieirca
1206 2704 1296 2767 erent,
1311 2697 1494 2773 excepissent,
1526 2700 1527 2794 l

440 2801 506 2856 illos
533 2798 676 2875 lugientes
706 2800 821 2875 lictores
851 2802 1107 2876 comprehendunt.
1151 2800 1270 2859 Clamor
1291 2802 1359 2861 iude
1381 2822 1493 2861 concur-

440 2924 547 2980 susque
571 2903 709 2983 [populi,]
733 2906 906 2976 mirantium,
928 2907 999 2981 quid
1011 2908 1055 2966 rei
1069 2917 1152 2965 esset.
1193 2908 1340 2982 Tanaquil
1361 2909 1437 2965 inter
1454 2918 1492 2963 tu-

439 3012 560 3069 multum
596 3010 693 3068 claudi
725 3011 835 3087 regiam
874 2988 967 3082 iubet,
1008 3012 1133 3070 arbitros
1165 3013 1249 3070 eiicit.
1291 3013 1403 3083 Simul,
1437 3028 1494 3087 que

440 3118 568 3176 curando
595 3118 706 3175 vulneri
737 3136 810 3192 opus
836 3126 917 3187 sunt,
955 3128 1094 3191 tanquam
1129 3134 1195 3193 spes
1222 3118 1369 3189 subesset,
1400 3118 1493 3175 sedulo
1524 3198 1525 3205 ἵ

440 3232 610 3300 comparat,
642 3222 742 3296 simul,
774 3223 800 3281 si
835 3223 972 3280 destituat
1002 3241 1083 3299 spes,
1122 3223 1181 3279 elia
1208 3222 1342 3298 praesidia
1374 3225 1493 3282 molitur.

410 3335 427 3391 2
441 3330 544 3389 Servio
555 3348 679 3405 propere
696 3329 789 3386 accito
811 3348 898 3403 quum
917 3348 999 3405 paene
1012 3347 1189 3403 exsanguem
1211 3328 1304 3387 νίιιιιιι
1320 3330 1493 3387 ostendisset

440 3435 572 3491 dextram
593 3442 694 3491 tenera
715 3442 796 3505 oret,
827 3453 866 3491 ne
893 3436 1013 3493 inultam
1038 3444 1159 3493 mortem
1181 3436 1290 3506 soceri,
1323 3455 1360 3493 ue
1385 3450 1492 3491 socrum

411 3540 563 3603 binimieis
590 3539 714 3598 ludibrio
736 3558 798 3597 esse
826 3540 911 3602 sinat.
959 3544 1073 3612 „Tuum
1096 3546 1158 3599 est“
1187 3541 1295 3617 inquit,
1324 3538 1443 3611 ,Servi,
1473 3536 1492 3592 si

440 3647 485 3703 vir
506 3665 552 3717 es,
577 3665 713 3722 regnum,
742 3665 802 3703 non
828 3666 944 3718 eorum,
977 3648 1026 3723 qui
1057 3648 1157 3705 alienis
1184 3648 1316 3705 menibus
1342 3645 1492 3721 pessimum

342 3750 347 3757 ’
439 3752 552 3810 lucium
571 3751 675 3810 fecere.
717 3752 807 3827 Erige
833 3761 863 3809 te
892 3754 1019 3830 deosque
1045 3754 1132 3811 duces
1153 3771 1289 3827 sequere,
1319 3751 1370 3827 qui
1391 3751 1491 3808 clerum

438 3860 495 3917 boc
516 3856 580 3915 fure
601 3866 689 3932 caput
710 3858 809 3914 divino
831 3861 978 3933 quondam
1005 3857 1177 3917 circumfuso
1201 3858 1261 3933 igni
1284 3858 1491 3933 portenderunt
1522 3876 1523 3922 q

439 3966 525 4024 Nunc
545 3973 575 4021 te
594 3963 646 4020 illa
670 3964 791 4021 caelestis
812 3966 917 4023 excitet
937 3966 1068 4033 flamma;
1097 3981 1172 4021 nunc
1200 3963 1401 4039 expergiscere
1420 3979 1490 4019 vere.

438 4073 477 4130 Et
504 4089 559 4128 noe
584 4069 729 4145 peregrini
755 4071 954 4146 regnavimus3
989 4070 1039 4145 qui
1065 4069 1120 4139 sis,
1150 4088 1208 4127 non
1236 4069 1312 4127 unde
1336 4080 1422 4127 natus
1449 4068 1490 4126 sis.
1521 4140 1522 4157 Χ

437 4186 547 4253 repnte.
567 4247 574 4270 1
591 4176 624 4235 Si
644 4185 697 4234 tue
716 4197 750 4235 re
770 4177 865 4235 subita
887 4176 1007 4233 consilia
1027 4184 1152 4251 torpent,
1177 4185 1207 4234 et
1224 4185 1257 4233 tu
1270 4178 1488 4253 meesequere.“
1521 4185 1522 4204 ¹

407 4284 534 4359 lQuum
554 4283 666 4341 clamor
685 4283 866 4359 impetusque
888 4281 1074 4340 multitudiuis
1095 4282 1146 4339 vix
1169 4282 1302 4340 sustineri
1324 4292 1432 4358 posset,
1460 4298 1489 4337 ex
