3392 5084
476 497 537 557 274
754 493 833 545 Liber
852 491 886 542 V.
922 493 971 556 (Δ.
980 508 1006 541 ιι.
1018 508 1042 545 c.
1060 492 1218 555 est-atu.)

433 675 614 739 commenias
627 676 862 735 intermissumve
881 676 1021 733 sollemne
1032 675 1074 733 dii
1088 684 1256 752 arguerent:
1279 679 1477 755 nihilprofeoto
1508 661 1510 756 Ι

434 782 606 853 aliudesse,
629 800 716 857 qnam
740 782 929 857 magistratus
952 781 1024 838 vitio
1046 789 1162 839 creatos
1182 782 1305 841 Latinas
1327 802 1478 861 sacrumque
1508 771 1510 882 l

402 884 463 943 3in
497 886 617 945 Albano
653 896 751 945 monte
783 906 841 943 non
877 886 932 943 rite
964 886 1131 961 concepisse
1138 903 1147 956 ;
1183 906 1271 945 unam
1305 890 1478 965 expiationem
1508 889 1510 978 l

433 1010 533 1055 eorum
555 1008 639 1061 esse,
665 1000 697 1049 ut
718 992 825 1051 tribuni
847 991 970 1068 militum
991 990 1161 1049 abdicarent
1181 1010 1214 1049 se
1235 993 1422 1068 magistratu,
1440 1014 1478 1052 an·

401 1096 524 1171 dspioia
556 1096 592 1153 de
619 1096 733 1173 integro
761 1103 960 1179 repeterentur
986 1105 1016 1154 et
1040 1096 1236 1172 interregnum
1268 1097 1398 1157 iniretur.
1444 1101 1478 1159 lla

431 1200 473 1260 itu
494 1199 574 1259 faeta
595 1210 662 1260 sunt
683 1222 721 1261 ex
742 1211 861 1261 aeneum
889 1201 1034 1263 consulto.
1081 1202 1246 1277 Interreges
1275 1212 1337 1261 tres
1366 1205 1478 1281 deinceps

431 1304 522 1376 fuere,
544 1306 580 1363 L.
604 1305 748 1377 Valerius,
772 1305 808 1379 Q.
832 1306 973 1365 Servilius
994 1305 1131 1370 Fidenas,
1155 1308 1197 1365 M.
1218 1308 1328 1365 Furius
1351 1309 1478 1397 Camillus.
1508 1367 1510 1402 Ι

402 1410 591 1485 5Nunquam
613 1411 737 1468 desitum
758 1411 872 1469 interim
891 1412 1016 1483 turbari,
1037 1410 1155 1469 comitia
1175 1411 1423 1487 interpellantibus
1441 1415 1478 1472 tri·
1508 1413 1510 1488 ζ

430 1508 515 1573 bunis
536 1514 640 1589 plebis,
662 1515 754 1572 donec
765 1516 948 1577 convenisset
961 1516 1051 1591 prius,
1073 1525 1106 1574 ut
1124 1517 1219 1575 maior
1232 1536 1304 1593 pars
1320 1519 1478 1577 tribunorum
1508 1585 1510 1590 y

400 1619 552 1679 6militum
575 1638 612 1677 ex
634 1619 719 1695 plebe
740 1628 897 1678 crearetur.
941 1620 1013 1694 Qum
1028 1621 1096 1679 dum
1112 1630 1247 1695 aguntur,
1271 1625 1396 1682 concilia
1410 1626 1477 1681 Etru·

430 1723 481 1781 riae
502 1724 540 1781 ad
562 1723 662 1781 fanum
685 1724 853 1781 Voltumnae
873 1706 984 1795 habita,
1005 1725 1277 1801 postulantibusque
1299 1726 1478 1803 Capenatibus

430 1845 466 1887 ne
486 1828 619 1899 Faliscis,
641 1839 673 1885 nt
688 1828 779 1887 Veios
802 1831 949 1887 communi
970 1832 1068 1916 auimo
1090 1832 1271 1907 consilioque
1292 1851 1396 1890 omnes
1408 1834 1478 1890 Etru·

399 1932 479 1989 lriae
499 1920 600 2008 populi
622 1953 659 1991 ex
680 1934 831 1992 obsidione
854 1934 1006 2010 eriperent,
1026 1953 1199 2012 responsum
1223 1945 1284 2007 est,
1308 1947 1397 1994 antea
1412 1955 1440 1994 se
1454 1936 1477 1992 id

428 2038 600 2097 Veientibus
622 2056 758 2115 negasse,
790 2038 876 2113 quia,
897 2039 975 2097 uude
995 2041 1147 2099 consilium
1168 2060 1227 2099 non
1247 2042 1392 2117 petissent
1409 2060 1479 2117 super

427 2151 510 2201 tanta
539 2162 589 2215 re,
627 2144 767 2201 auxilinm
806 2151 906 2220 petere
928 2163 1001 2208 ,non
1039 2146 1193 2215 deberent;
1230 2165 1309 2205 nunc
1346 2147 1404 2204 iam
1436 2165 1477 2222 pro

396 2248 459 2309 See
498 2248 647 2307 fortunam
687 2267 771 2307 snam
814 2248 871 2305 illis
913 2267 1032 2324 negare.
1096 2251 1228 2309 Maxime
1263 2252 1295 2308 in
1338 2272 1375 2311 ea
1411 2259 1476 2327 parte
1508 2315 1510 2328 ζ

426 2352 551 2411 Etruria
582 2360 697 2428 gente'm
733 2354 912 2413 invisitatam
948 2373 1042 2412 nevos
1081 2352 1244 2426 accolas¹t
1274 2356 1384 2415 Gallos
1420 2375 1476 2423 esse

366 2520 368 2523 ,
425 2476 491 2517 cum
527 2458 631 2533 quibus
665 2474 719 2515 nee
750 2476 812 2533 pax
840 2459 913 2516 satis
944 2459 1004 2517 fida
1032 2477 1086 2517 nec
1114 2459 1220 2517 bellum
1249 2479 1306 2535 pro
1337 2470 1415 2519 certo
1440 2460 1474 2516 sit

394 2562 567 2637 9Sengnini
589 2571 687 2621 tamen
706 2562 876 2638 nominique
897 2573 926 2622 et
945 2564 1136 2640 praesentibus
1158 2564 1295 2639 periculis
1320 2564 1474 2640 consangni-

424 2682 544 2730 neornm
572 2665 601 2723 id
631 2668 710 2738 darn,
743 2677 788 2739 ut,
817 2669 842 2725 si
871 2670 922 2743 qui
946 2669 1104 2726 iuventutis
1130 2686 1192 2727 snae
1222 2672 1377 2729 voluntate
1403 2668 1474 2729 adid

375 2776 410 2831 10
423 2769 530 2826 bellum
553 2762 628 2841 eant,
649 2792 708 2829 non
730 2764 901 2849 impediun't.
943 2774 1020 2831 Eum
1043 2752 1180 2848 magnum
1195 2775 1354 2835 advenisse
1367 2777 1473 2835 hostiurn
1508 2839 1510 2842 ¹

423 2894 584 2946 numerum,
605 2875 686 2935 fame
700 2881 802 2937 Romae
817 2888 890 2949 erat,
912 2896 1005 2952 eoque
1020 2878 1171 2936 mitescere
1182 2877 1338 2939 discordiae
1352 2882 1475 2939 interna

423 2988 502 3044 metu
521 2978 679 3054 communi,
702 2994 733 3040 nt
753 2984 795 3055 fit,
818 2992 929 3060 coepta.

326 3082 371 3152 18
507 3085 596 3143 Haud
622 3087 720 3145 invitis
750 3074 883 3164 patribus
912 3091 947 3147 P.
969 3088 1113 3147 Licinium
1141 3087 1266 3146 Calvum
1293 3089 1473 3166 proerogatisu

422 3190 568 3249 tribunum
592 3193 713 3251 militnm
736 3213 794 3253 non
817 3203 966 3269 petentem
982 3202 1074 3263 creat,
1093 3194 1301 3253 moderationis
1316 3193 1473 3271 upertaein

422 3296 521 3371 priore
550 3298 721 3374 magistratu
753 3274 865 3369 virum,
897 3309 1023 3357 ceterum
1052 3299 1111 3357 iam
1141 3309 1203 3358 tum
1236 3312 1350 3359 exactae
1382 3299 1473 3366 atatim

391 3406 580 3477 2omnesqne
602 3404 736 3481 deinceps
760 3424 798 3463 ex
822 3404 944 3479 collegio
974 3405 1102 3463 eiusdem
1124 3407 1194 3465 anni
1213 3408 1295 3465 refici
1316 3406 1472 3483 apparebat,

330 3517 336 3525 ”
421 3506 457 3565 1..
486 3506 640 3580 Titinium,
672 3508 706 3577 Q.
729 3511 883 3579 ruentium,
914 3510 951 3570 P.
977 3509 1129 3581 Manium,
1163 3510 1218 3571 Cn.
1241 3512 1421 3580 Genucium,
1443 3509 1470 3568 la

421 3610 576 3671 Atilium·
604 3612 662 3685 Qui
682 3616 852 3691 priusquam
872 3602 1107 3673 renuntiarentur
1126 3616 1189 3673 iure
1210 3618 1326 3675 vocatis
1347 3616 1470 3681 tribubus,

391 3717 563 3793 3permissn
584 3717 735 3795 interregis
757 3722 793 3782 P.
809 3720 938 3781 Licinius
961 3718 1070 3779 Calvus
1091 3721 1133 3793 ita
1153 3706 1245 3781 verba
1266 3721 1350 3781 feeit:
1372 3721 1470 3793 ,Omen

344 3840 348 3853 ¹
421 3822 592 3893 concordiae,
614 3824 750 3898 Quirites,
770 3827 812 3887 rei
835 3827 963 3885 maxime
982 3827 1013 3883 in
1034 3822 1091 3884 hoc
1105 3837 1219 3903 tempus
1234 3829 1324 3900 utilis,
1346 3825 1470 3887 memoria

420 3927 512 3987 nostri
533 3928 718 4005 magistratus
740 3950 793 3987 vos
815 3932 860 3989 his
874 3932 998 3989 comitiis
1010 3940 1109 4007 petere
1122 3932 1154 3989 in
1165 3933 1364 4007 insequentem
1377 3949 1470 3991 annum

388 4029 523 4101 «tride03
545 4034 596 4090 sed
618 4035 744 4110 collegas
767 4037 1031 4108 eosdemreficitis,
1053 4037 1141 4095 etiam
1162 4056 1216 4094 usu
1228 4039 1363 4097 meliores
1375 4038 1470 4105 saona

391 4296 395 4305 ,
451 4233 474 4296 ¹-)
492 4240 614 4289 Fortasse
632 4240 726 4293 excidit
742 4240 882 4293 infinitivus
894 4250 939 4293 ant
956 4244 1020 4294 latet
1037 4244 1086 4295 snb
1104 4244 1258 4305 maxime,
1282 4244 1331 4293 hae
1349 4240 1467 4293 sententie

489 4308 634 4361 format...
665 4310 696 4357 iu
728 4324 763 4359 oa
796 4320 887 4378 parte
922 4312 1064 4363 Etrurine
1095 4320 1223 4376 gentem
1260 4314 1467 4365 invisitatum,
1508 4311 1510 4356 t

488 4386 647 4435 llOWQeis
1186 4398 1191 4405 '
