3392 5084
459 517 518 578 204
686 510 778 568 'Liber
795 517 844 572 lv.
880 517 928 582 (Α.
947 535 972 568 ιι.
992 535 1013 571 ε.
1032 523 1195 587 aro-arr.)

416 701 470 757 bns
491 707 524 756 ut
544 699 654 775 indigni
674 687 897 776 praeterirentur.
940 702 1065 763 Tribuni
1085 725 1203 781 quoqne
1228 709 1308 784 plebi
1335 720 1469 769 certamen

369 804 478 862 iosine
500 802 603 863 effectu
626 805 816 884 inbeneficio
839 809 918 883 apud
938 810 1081 884 primores
1102 822 1219 887 patrum
1244 815 1398 889 reliquere.
1439 816 1469 875 T.

417 910 569 983 Quinctius
590 889 737 969 Barbatus
760 913 889 971 interrex
916 915 1049 972 consules
1076 926 1157 975 creat
1181 920 1216 977 L.
1238 919 1392 995 Papirium
1415 921 1470 976 Mu·
1524 960 1526 963 -

416 1015 572 1090 gillanum,
606 1017 641 1074 L.
672 1017 877 1094 Sempronium
905 1020 1083 1078 Atratinum.
1133 1023 1189 1080 His
1220 1026 1389 1083 oonsulibus
1416 1045 1470 1084 cun

417 1122 596 1180 Ardeatibus
617 1122 712 1181 foedus
733 1132 906 1181 renovatum
930 1134 987 1195 est3
1014 1127 1102 1201 idque
1124 1131 1304 1187 monumenti
1326 1140 1386 1203 est,
1414 1151 1470 1189 con·

417 1227 493 1284 sules
515 1246 566 1285 eos
587 1227 637 1284 illo
661 1248 737 1286 anno
759 1227 858 1300 tuisse,
884 1230 934 1304 qui
947 1249 1042 1305 neque
1054 1231 1252 1292 in'anualibns
1266 1238 1372 1312 priscis
1390 1257 1470 1312 neque

366 1331 398 1386 ll
415 1332 446 1388 in
466 1332 548 1389 libris
569 1331 791 1406 magistratuum
812 1335 1005 1394 inveniuntur.
1052 1337 1158 1410 Credo,
1181 1342 1260 1414 quod
1281 1335 1395 1400 tribuni
1409 1343 1470 1399 mili·

415 1447 476 1495 turn
506 1438 588 1496 initio
615 1440 683 1496 anni
709 1438 844 1511 fuerunt,
875 1459 928 1512 eo,
958 1443 1078 1518 perinde
1104 1463 1140 1502 ac
1161 1447 1187 1502 si
1207 1455 1300 1504 totum
1325 1449 1471 1506 annumiu

366 1539 536 1619 wimperto
558 1543 682 1615 fuerint,
713 1543 851 1603 suffectos
871 1546 908 1603 iis
930 1549 1063 1606 consules
1084 1553 1304 1624 praetermissos.
1354 1555 1471 1612 Nomina

414 1649 565 1706 consulum
586 1651 690 1707 horum
706 1652 842 1708 ¹Licinius
865 1653 969 1710 Macer
989 1633 1092 1712 auctor
1112 1667 1169 1713 est·
1182 1666 1211 1714 et
1236 1658 1268 1715 in
1292 1630 1403 1715 foedere
1422 1661 1471 1715 Ar-

414 1755 530 1813 deatino
553 1764 582 1812 et
602 1757 632 1812 in
655 1757 749 1814 linteis
770 1756 852 1814 libris
874 1758 912 1815 ad
933 1751 1061 1818 Moneta
1075 1761 1203 1821 inventa.
1237 1765 1278 1821 Et
1288 1762 1372 1834 foris,
1395 1781 1471 1837 quum
1524 1834 1526 1837 Ι

414 1869 459 1918 tot
475 1869 601 1918 terrores
623 1881 641 1918 a
662 1862 790 1919 finitimis
813 1863 951 1921 ostentati
973 1874 1078 1937 essent,
1099 1877 1129 1924 et
1150 1869 1230 1925 domi
1252 1869 1346 1926 otium
1367 1867 1430 1924 fuit.

238 2027 298 2076 au
314 1943 390 2084 0831]
497 1967 585 2024 Hunc
607 1986 729 2038 annum,
760 1981 811 2026 seu
837 1969 969 2026 tribunos
993 1972 1082 2028 modo
1110 1990 1161 2029 seu
1193 1974 1316 2031 tribunis
1345 1973 1470 2030 suffectos

244 2064 403 2153 scara]
416 2072 547 2130 consulas
569 2091 685 2147 qnoque
706 2075 817 2144 habuit,
839 2074 970 2148 sequitur
991 2095 1085 2134 annus
1105 2078 1185 2134 haud
1200 2078 1471 2144 dubiisconsulibus,

224 2153 236 2161 .
415 2180 457 2236 Μ.
478 2178 613 2254 Geganio
636 2178 785 2236 Macerino
809 2179 923 2249 iterum,
946 2182 982 2240 T.
996 2180 1132 2254 Quinctio
1150 2175 1317 2258 Capitolino
1340 2183 1470 2257 quintum.

385 2282 497 2343 21dem
528 2285 576 2342 hic
597 2279 697 2342 'annus
727 2267 856 2342 censurae
882 2285 995 2344 initium
1023 2285 1092 2357 fuit,
1121 2288 1164 2344 rei
1196 2307 1214 2344 a
1245 2306 1342 2363 parva
1371 2286 1471 2362 origine

416 2400 499 2460 orta,
536 2409 600 2465 quae
632 2391 734 2448 deinde
765 2398 847 2447 tanto
882 2389 1070 2455 incremento,
1093 2402 1180 2449 aucta
1211 2403 1269 2464 est,
1303 2403 1338 2450 ut
1367 2411 1470 2449 morum

415 2497 630 2571 disciplinasque
657 2497 798 2553 Romanae
826 2514 915 2571 penes
942 2514 1007 2553 eam
1034 2497 1178 2572 regimen,
1206 2499 1237 2555 in
1267 2507 1372 2556 senatu
1399 2498 1470 2572 equi·

414 2614 533 2678 tumque
560 2600 694 2659 centuriis
722 2601 834 2659 decoris
864 2601 1072 2675 dedecorisque
1098 2603 1252 2660 discrimen
1281 2605 1337 2661 sub
1369 2603 1470 2661 dicione

415 2710 476 2766 eius
498 2707 695 2782 magistratus,
716 2707 898 2782 publicorum
913 2707 958 2764 ius
974 2707 1213 2782 privatorumque
1227 2709 1371 2780 locorum,
1392 2707 1470 2766 vecti·
1518 2776 1522 2787 Ι

384 2815 493 2890 3galia
514 2811 614 2888 populi
635 2812 762 2874 Romani
793 2814 846 2871 sub
877 2821 949 2869 nutu
974 2822 1062 2887 atque
1083 2813 1205 2870 arbitrio
1226 2825 1332 2876 essent.
1367 2814 1470 2877 ortum

415 2925 510 2976 autem
532 2917 642 2974 initium
668 2927 712 2973 ast
733 2918 789 2987 rei,
819 2918 899 2991 quod
926 2916 956 2974 in
982 2919 1166 2995 populo·per
1191 2921 1299 2978 multos
1321 2939 1412 2978 annos
1433 2921 1470 2976 in·
1519 2910 1523 2985 ἶ

415 3042 501 3082 censo
522 3021 748 3097 neque-differri
770 3040 872 3080 causus
894 3032 1011 3099 poterat
1023 3042 1118 3098 neque
1133 3025 1309 3097 consulibus,
1332 3045 1420 3101 quum
1433 3032 1470 3080 tot

413 3130 588 3205 populorum
611 3128 689 3186 bella
710 3127 906 3199 imminerent,
937 3148 1034 3204 operae
1063 3138 1126 3187 erat
1154 3130 1185 3186 id
1211 3131 1362 3205 negotium
1383 3148 1469 3206 agere.

1524 3202 1525 3223 .

384 3237 526 3297 4Mentio
540 3234 622 3292 illata
636 3233 715 3308 apud
730 3241 862 3290 senatum
878 3242 930 3304 est,
950 3223 1014 3291 rem
1035 3253 1190 3309 operosam
1215 3255 1250 3292 ac
1272 3227 1390 3293 minime
1409 3253 1469 3292 con·
1523 3226 1526 3241 '

414 3317 538 3399 sularom
564 3359 616 3398 suo
638 3338 758 3413 proprio
782 3338 955 3412 magistratu
977 3357 1077 3414 egere,
1100 3341 1147 3398 cui
1169 3341 1330 3398 scribarum
1351 3341 1469 3397 ministe-

413 3449 488 3506 rium
510 3445 704 3519 custodiaeque
725 3445 892 3502 tubulorum
916 3463 995 3512 cura,
1016 3446 1063 3502 cui
1084 3447 1234 3503 arbitrium
1259 3445 1393 3503 formulae
1411 3463 1469 3502 cen·

384 3553 496 3610 5sendi
519 3550 715 3630 subiiceretnr.
763 3551 804 3607 Et
824 3558 924 3624 patres
947 3569 1113 3625 quanquam
1135 3571 1198 3608 rem
1219 3570 1359 3627 parvam,
1381 3562 1467 3608 tamen

415 3674 472 3730 quo
494 3655 590 3731 plures
611 3655 934 3740 patriciimagistratus
954 3657 985 3713 in
1008 3657 1175 3733 republica
1196 3665 1301 3726 essent,
1323 3657 1381 3713 laeti
1396 3673 1468 3712 accc

373 3815 377 3819 .
414 3779 493 3836 pere,
514 3760 553 3830 id,
579 3761 772 3834 quod-evenit,
796 3759 935 3831 futurum,
957 3763 1055 3829 credo,
1076 3762 1164 3819 etism
1186 3763 1253 3833 rati,
1274 3770 1308 3818 ut
1321 3779 1390 3818 mox
1405 3776 1467 3834 opes

415 3885 524 3938 eorum,
547 3867 597 3940 qni
613 3874 777 3941 praeessent,
799 3865 856 3940 ipsi
876 3866 981 3923 honori
1000 3867 1046 3924 ius
1061 3867 1301 3941 maiestatemque
1313 3868 1467 3930 adiicerent.

384 3973 444 4028 dat
464 3972 588 4043 tribuni,
609 3972 639 4028 id
662 3972 740 4046 quod
762 3979 832 4028 tunc
853 3979 924 4041 erat,
946 3972 1040 4047 magis
1062 3972 1218 4028 necessarii
1242 3990 1330 4046 quam
1355 3967 1468 4046 speciosi

415 4076 564 4134 ministerii
585 4077 819 4152 procurationem
841 4075 1002 4146 intuentes,
1024 4095 1061 4134 ne
1081 4076 1112 4132 in
1133 4077 1234 4150 parvis
1255 4095 1371 4151 qnoque
1389 4074 1467 4131 rebus

385 4185 402 4238 i
413 4181 596 4239 incommode
626 4181 864 4250 adversarentur,
903 4181 1085 4238 hand‘sane
1122 4182 1279 4242 tetendere.
1332 4181 1425 4254 Quum
1451 4195 1467 4232 a

356 4279 358 4285 ’
413 4287 595 4363 primoribus
610 4285 736 4343 civitatis
754 4293 868 4361 spretus
882 4287 1076 4357 honorasset,
1098 4285 1250 4360 Papirium
1260 4285 1466 4361 Sempronium·
