3392 5084
473 519 510 574 74
614 436 628 484 l
768 513 848 562 Liber
865 512 900 562 11.
937 513 982 576 (Δ.
1002 528 1027 564 u.
1047 527 1068 562 c.
1088 512 1162 574 246.)

430 708 476 754 tus
504 697 677 754 circumdari
706 696 789 771 ignes
816 697 1032 754 minitabundus
1059 696 1190 767 iuberet,
1222 694 1278 752 nisi
1312 705 1490 769 expromeret

383 804 416 858 13
429 822 562 878 propere,
584 802 848 878 quaginsidiarum
869 801 924 858 sibi
947 802 1039 858 minae
1060 820 1113 877 per
1135 803 1274 876 ambages
1288 787 1405 870 iaceret,
1430 801 1489 868 „En

429 909 500 966 tibi“
525 908 628 982 inquit,
654 883 705 976 ,ut
727 907 848 976 sentias,
880 925 967 980 quam
991 906 1048 962 vile
1070 923 1176 981 corpus
1197 906 1236 963 sit
1256 905 1307 977 iis,
1338 907 1388 980 qui
1411 924 1489 980 mag-

429 1031 496 1069 nam
518 1013 641 1086 gloriam
665 1013 801 1081 vident“,
832 1012 1025 1086 dextramque
1048 1029 1170 1068 accenso
1194 1012 1233 1068 ad
1254 1011 1428 1070 sacrificium
1449 1010 1489 1067 fo·

428 1117 604 1176 culoiniicit.
648 1117 745 1190 Quam
762 1137 851 1192 quum
863 1119 943 1174 velut
952 1117 1079 1175 alienato
1101 1119 1138 1175 ab
1152 1135 1238 1175 sensu
1252 1117 1490 1186 torreretanimo,

427 1240 520 1297 prope
546 1211 685 1279 atbonitus
711 1222 852 1280 miraculo
880 1242 953 1293 rex,
981 1241 1070 1296 quum
1092 1225 1130 1281 ab
1148 1223 1218 1280 sede
1238 1241 1293 1278 sua
1314 1221 1490 1298 prosiluisset

381 1330 416 1382 tt
428 1327 616 1402 amoverique
636 1328 674 1385 ab
695 1328 836 1384 altaribus
857 1328 990 1384 iuvenem
1012 1328 1152 1398 iussisset,
1177 1329 1245 1398 „Tu
1266 1346 1336 1385 vero
1359 1327 1427 1384 abi“
1450 1327 1490 1382 in·

429 1432 500 1505 quit,
518 1432 567 1499 ,iu
581 1442 610 1489 te
621 1433 714 1506 magis
734 1451 822 1506 quam
843 1433 874 1490 in
896 1450 943 1488 me
963 1433 1080 1490 hostilia
1102 1451 1198 1490 ausus.
1242 1432 1379 1489 iuberem
1400 1440 1490 1488 macte

427 1537 535 1594 virtute
556 1555 634 1605 esee,
667 1538 693 1594 si
713 1556 768 1612 pro
790 1557 856 1594 mea
880 1538 977 1613 patria
997 1539 1054 1594 ista
1077 1538 1169 1596 virtus
1190 1546 1298 1606 staret;
1331 1555 1407 1594 nunc
1434 1537 1490 1592 iure

380 1643 415 1697 15
428 1642 495 1698 balb
516 1643 638 1698 liberum
661 1653 700 1708 te,
719 1643 860 1700 intactum
882 1643 1111 1717 inviolatumque
1132 1643 1198 1700 hinc
1220 1643 1364 1700 dimitto“.
1411 1644 1489 1700 Tunc

427 1748 560 1816 Mucius,
592 1748 676 1822 quasi
697 1767 899 1806 remunerans·
916 1749 1059 1818 meritum,
1095 1747 1378 1822 “Quandoquidem“
1402 1745 1490 1820 inquit

398 1919 402 1929 ι
429 1864 492 1923 „est
513 1854 591 1928 apud
612 1863 643 1910 te
663 1854 764 1912 virtuti
792 1856 904 1922 honos,
938 1863 970 1910 ut
990 1854 1129 1911 beneficio
1151 1853 1251 1910 tuleris
1273 1873 1291 1910 a
1316 1873 1383 1923 me,
1417 1853 1489 1928 quod

427 1959 511 2015 minis
534 1960 675 2034 nequisti,
706 1958 826 2016 trecenti
847 1959 1063 2016 coniuravimus
1086 1958 1230 2033 principes
1252 1959 1411 2016 iuventutis
1433 1961 1488 2016 Ro·

380 2056 414 2117 tt
427 2083 538 2135 mana,
560 2073 593 2121 ut
613 2064 643 2120 in
664 2074 693 2122 te
714 2066 770 2122 hac
794 2066 842 2122 via
869 2083 1079 2138 grassaremur.
1132 2065 1202 2122 Mea
1223 2067 1319 2139 prima
1340 2087 1405 2125 sors
1427 2068 1488 2136 iuit3

426 2169 522 2239 ceteri,
545 2177 577 2226 ut
597 2170 737 2244 cuiusque
759 2170 893 2228 ceciderit
914 2170 1020 2244 primi,
1045 2170 1143 2244 quoad
1164 2180 1192 2228 te
1214 2182 1411 2247 opportunum
1433 2173 1487 2232 for·

425 2283 498 2330 tuna
517 2273 638 2342 dederit,
660 2292 714 2330 suo
738 2275 861 2348 quisque
883 2285 1014 2349 tempore
1036 2274 1190 2331 aderunt“.

331 2371 369 2438 13
508 2379 637 2436 Mucium
659 2379 827 2449 dimissum,
862 2379 907 2436 cui
939 2390 1042 2454 postca
1064 2379 1203 2437 scevola
1224 2400 1242 2437 a
1267 2380 1351 2438 clade
1384 2384 1486 2440 dextre
1532 2447 1533 2450 Ἴ

426 2502 528 2541 manus
557 2502 719 2557 cognomen
745 2483 885 2556 inditum,
914 2485 1003 2560 legati
1035 2504 1054 2541 a
1081 2485 1226 2542 Porsinna
1253 2487 1381 2546 Romam
1402 2489 1486 2546 secuti

393 2589 506 2657 2snnt3
528 2589 603 2645 adeo
625 2598 758 2645 moverat
779 2607 845 2645 eum
868 2598 897 2645 et
917 2589 1004 2664 primi
1028 2589 1148 2664 periculi
1169 2610 1263 2662 casus,
1286 2611 1346 2668 quo
1368 2596 1440 2652 nihil
1458 2613 1485 2650 se

423 2705 529 2768 praeter
559 2712 685 2750 errorem
717 2693 895 2750 insidiatoris
924 2694 1063 2764 texisset,
1098 2707 1126 2752 et
1159 2697 1310 2754 subeunda
1342 2699 1484 2758 dimicatio

423 2798 519 2867 toties,
546 2810 618 2873 quot
639 2800 780 2856 coniurati
801 2812 1000 2875 superessent,
1021 2809 1053 2856 ut
1082 2801 1163 2875 pacis
1196 2803 1382 2861 condiciones
1415 2804 1484 2861 ultro

393 2902 513 2959 dierret
543 2905 694 2962 Romanis.
743 2906 889 2964 lactatum
924 2907 955 2962 in
982 2904 1197 2963 condicionibus
1227 2908 1423 2984 nequicquam
1453 2910 1483 2966 dc

424 3008 591 3081 Tarquiniis
612 3010 643 3066 in
665 3028 787 3084 regnum
808 3011 1008 3080 restituendis,
1037 3010 1130 3084 magis
1156 3011 1224 3085 quia
1245 3012 1276 3068 id
1297 3033 1407 3090 negare
1427 3017 1483 3091 ipsc
1530 3083 1531 3092 χ

422 3113 593 3186 nequiverat
614 3115 791 3189 Tarquiniis,
813 3134 902 3190 quam
925 3117 1003 3190 quod
1025 3125 1160 3191 negatum
1183 3117 1218 3173 iri
1240 3118 1296 3176 sibi
1317 3121 1356 3178 ab
1378 3123 1481 3180 Rorna-

392 3205 466 3275 4nis
487 3217 644 3291 ignoraret.
708 3221 755 3278 De
782 3239 855 3296 agro
886 3221 1056 3278 Veientibus
1088 3222 1264 3279 restituendo
1292 3225 1482 3301 impetratum,
1530 3209 1531 3231 ἢ

422 3339 619 3397 expressaque
629 3324 787 3380 necessitas
802 3323 918 3380 obsides
930 3325 1020 3380 dandi
1032 3326 1182 3397 Romanis,
1205 3326 1231 3383 si
1242 3329 1374 3387 Ianiculo
1389 3332 1481 3407 presi·
1529 3377 1530 3402 ,

421 3426 500 3481 dium
513 3428 615 3486 deduci
626 3429 741 3488 vellent.
763 3430 820 3485 His
833 3429 1051 3487 condicionibus
1064 3432 1227 3505 composita
1239 3452 1321 3507 pace,
1327 3439 1481 3494 exercitum
1529 3407 1530 3414 ἵ

392 3538 408 3590 5
422 3531 459 3586 ab
470 3530 601 3589 Ianiculo
612 3533 732 3591 deduxit
744 3535 889 3592 Porsinna
901 3547 930 3592 et
940 3554 1011 3610 agro
1024 3537 1158 3592 Romano
1170 3540 1302 3596 excessit.
1334 3542 1440 3600 Patres
1451 3541 1479 3600 C.

421 3635 519 3692 Mucio
531 3636 645 3694 virtutis
656 3656 745 3695 causa
755 3650 835 3696 nans
842 3641 972 3698 Tiberim
980 3659 1083 3716 agrum
1096 3641 1174 3699 dono
1185 3643 1373 3720 dederaquae
1383 3659 1481 3722 postea
1528 3711 1529 3726 χ

391 3742 694 3818 6suntMucieprata
715 3745 872 3820 appellata.
920 3747 1011 3821 Ergo,
1032 3747 1074 3804 ita
1097 3748 1242 3806 honorata
1262 3750 1379 3822 virtute,
1402 3754 1480 3812 femi·
1528 3733 1529 3820 i

420 3863 466 3902 noe
487 3865 603 3921 quoque
624 3849 663 3904 ad
684 3849 801 3924 publica
822 3851 929 3908 decora
952 3853 1098 3923 excitatae,
1122 3861 1151 3909 et
1172 3851 1283 3912 Cloelia
1305 3858 1405 3932 virgo,
1428 3877 1479 3916 une

420 3969 458 4006 ex
479 3952 638 4021 obsidibus,
660 3972 749 4027 quum
771 3964 870 4013 castra
890 3957 1080 4015 Etruscorum
1102 3955 1179 4014 forte
1200 3957 1281 4016 haud
1300 3963 1404 4035 procul
1422 3963 1479 4038 ripa

419 4055 534 4112 Tiberis
556 4056 653 4114 locata
674 4069 778 4129 essent,
798 4058 939 4118 frustrata
959 4062 1103 4132 custodes,
1125 4063 1186 4120 dux
1201 4064 1324 4138 agminis
1338 4067 1477 4143 virginum
1527 4083 1528 4100 ¹

417 4159 493 4216 inter
513 4160 572 4216 tela
592 4162 718 4221 hostium
738 4165 870 4224 Tiberim
891 4167 1018 4224 tranavit
1039 4166 1221 4242 sospitesque
1242 4188 1342 4230 omnes
1356 4173 1478 4232 Romam

388 4265 458 4323 iad
477 4265 659 4340 propinquos
680 4269 811 4327 restituit
856 4271 942 4344 Quod
964 4271 1013 4330 ubi
1034 4271 1096 4347 regi
1119 4273 1280 4332 nuntiatum
1306 4287 1364 4348 est,
1382 4280 1476 4355 ¹primo
