3392 5084
531 496 915 564 mmmmm
1154 505 1210 558 m

211 683 326 742 Profecti
353 683 462 758 gaudio
485 683 594 760 ingenti
621 683 714 760 plebis
744 683 773 741 in
801 692 898 742 casus
926 682 1119 758 accipiuntur,
1146 684 1280 764 quippei

210 791 364 848 liberatores
384 789 465 846 haud
486 789 573 848 dubie
594 798 623 846 ct
644 798 740 846 motus
760 788 841 848 initio
856 798 886 846 et
900 788 978 846 exitu
990 788 1040 855 rei.
1083 788 1130 848 0b
1141 791 1203 848 haec
1216 790 1252 849 iis

211 894 414 952 advenientibus
436 895 537 971 gratim
558 903 637 952 acta.
680 894 777 952 Icilius
799 914 852 970 pro
875 894 1055 952 multitudine
1068 896 1159 953 verba
1171 894 1282 958 facica

210 1001 293 1070 Idem,
320 1019 409 1076 quum
437 1002 473 1059 dc
495 1000 710 1059 condicionibus
741 1010 890 1076 ageretur,
921 982 1114 1075 qurer'entibns
1139 1001 1253 1077 legatis,

211 1125 262 1180 qua
292 1106 440 1182 postulata
465 1107 557 1183 plebis
587 1115 695 1177 essent,
731 1107 891 1183 composito
916 1106 975 1164 iam
1002 1116 1069 1164 ante
1097 1107 1251 1164 adventum

183 1201 185 1208 ’
210 1214 355 1287 legatorum
380 1211 517 1282 consilio,
547 1231 582 1269 sa
602 1211 773 1288 postulavit,
804 1220 836 1268 ut
861 1222 1029 1287 appareret,
1060 1212 1089 1270 in
1118 1212 1253 1287 aequitate

209 1337 291 1374 rernm
322 1317 386 1394 plus
421 1337 510 1393 quam
541 1317 570 1376 in
599 1318 687 1376 armis
716 1316 817 1392 reponi
844 1316 915 1392 spei.
967 1319 1145 1376 Potestatem
1176 1317 1282 1380 eninrl

210 1413 376 1482 tribuniciam
399 1424 694 1511 provocationemque
714 1423 893 1498 repetebant,
914 1441 979 1497 quse
993 1433 1059 1481 ante
1074 1422 1252 1480 decemviros

210 1539 311 1588 creatos
332 1529 442 1588 auxilia
461 1530 555 1607 plebis
576 1527 705 1598 fuerant,
734 1538 761 1585 et
785 1546 821 1584 ne
847 1528 894 1586 cni
911 1527 1008 1586 iraudi
1029 1536 1105 1585 esset
1124 1525 1252 1584 concisse

210 1637 301 1694 milites
322 1646 372 1694 aut
392 1637 507 1713 plebem
528 1635 566 1693 ad
587 1634 771 1710 repetendam
793 1652 846 1709 par
863 1632 1061 1691 secessionem
1082 1633 1253 1690 libertatem.

211 1741 248 1797 De
268 1741 492 1800 decemvirorum
509 1741 602 1798 modo
624 1740 764 1816 supplicio
791 1748 876 1798 atrox
896 1739 1073 1815 postulatum
1094 1738 1165 1803 suin
1186 1738 1281 1797 dedi-b

212 1846 305 1922 quippe
333 1864 382 1903 eos
416 1865 529 1922 aequum
557 1846 727 1915 censebant,
763 1846 905 1920 vivosque
931 1844 992 1921 igni
1020 1854 1252 1902 concrematuros

213 1952 391 2010 minabantur.
424 1952 529 2028 Legati
550 1951 587 2010 ad
609 1970 657 2010 ea:
682 1951 772 2025 „Qua
794 1951 905 2010 consilii
926 1949 1050 2021 fuerunt,
1075 1950 1149 2008 adeo
1169 1955 1282 2025 aequati

213 2058 373 2131 postulastis,
397 2067 429 2114 ut
448 2057 525 2114 ultro
547 2055 630 2114 vobis
652 2025 807 2116 defbrenda
827 2056 950 2126 fuerint;
972 2056 1100 2114 libertati
1121 2057 1194 2113 enirn
1217 2076 1254 2113 ea

212 2164 331 2237 presidia
351 2164 457 2240 petitis,
479 2182 537 2221 uon
556 2163 677 2220 licentia
692 2163 730 2220 acl
741 2163 952 2239 impugnandos
968 2161 1050 2219 alios.
1083 2162 1281 2221 Irssvestrrel

213 2269 293 2344 magis
312 2269 517 2345 ignoscendum
539 2287 625 2345 quam
647 2269 852 2344 indulgendum
875 2278 927 2330 est,
949 2267 1056 2344 quippe
1071 2268 1119 2344 qui
1132 2268 1253 2326 crudeli·

214 2374 271 2430 tatis
291 2373 355 2430 odio
376 2373 407 2430 in
428 2374 625 2432 crudelitatem
640 2374 721 2432 ruitis
744 2383 772 2432 et
786 2375 866 2450 prius
886 2394 977 2451 paenc,
999 2393 1087 2449 quam
1101 2373 1157 2450 ipsi
1170 2373 1254 2430 liberi

215 2478 273 2548 sitis,
293 2479 433 2537 dominari
453 2479 511 2538 iam
532 2479 561 2536 in
584 2479 766 2554 adversarios
781 2481 876 2538 vultis.
918 2483 1113 2556 Nunquamne
1127 2479 1285 2555 quiescetss

215 2585 302 2642 ciritm
321 2594 421 2644 nostra
442 2605 461 2642 a
481 2585 627 2661 suppliciis
652 2594 702 2644 aut
722 2594 837 2661 patrum
859 2587 889 2644 in
903 2587 1014 2662 plebem
1026 2588 1190 2644 Romanam
1204 2595 1256 2642 aut

216 2691 293 2765 plebis
311 2693 339 2749 in
360 2690 477 2768 patres?
520 2690 609 2750 Scuto
630 2693 713 2750 vobis
740 2692 833 2768 magis
861 2709 948 2766 quam
975 2690 1073 2767 gladio
1100 2711 1173 2768 opus
1203 2697 1284 2751 esca

219 2796 282 2855 Setis
301 2817 441 2874 superque
461 2798 562 2855 humili
583 2807 635 2870 est,
658 2798 706 2873 qui
729 2797 790 2856 iure
811 2816 895 2872 aequo
916 2798 945 2854 in
969 2797 1085 2855 civitate
1101 2771 1183 2869 viril,
1201 2816 1256 2855 nee

220 2901 348 2961 uiuendo
368 2902 504 2960 miuriam
524 2919 577 2960 nee
600 2904 747 2978 patiendo.
790 2903 914 2962 Etiamsi
942 2903 1058 2978 quando
1085 2903 1255 2961 metuendos
1270 2909 1306 2964 ll)

220 3026 262 3064 ros
278 3009 420 3084 praebituri
441 3007 518 3078 estis,
543 3027 640 3083 quum,
662 3008 838 3085 reeuperatis
860 3009 1076 3086 magistratibus
1087 3010 1256 3085 legibusque

217 3116 318 3188 rabis,
346 3113 454 3173 indicia
481 3133 570 3190 penes
591 3133 645 3172 vos
671 3124 754 3173 erunt
773 3116 810 3172 de
831 3117 925 3192 capite
945 3123 1045 3174 nostro
1066 3114 1258 3190 fortunisque,

219 3229 285 3292 tnnc,
311 3231 341 3280 ut
361 3239 484 3306 qumque
504 3239 594 3278 causa
614 3221 682 3291 erit,
708 3222 854 3292 statuetis3
874 3219 959 3279 'nunc
979 3223 1142 3281 libertatem
1163 3223 1254 3298 repeti

219 3325 276 3381 satis
292 3332 360 3385 est!⁶
409 3327 567 3397 Facereut,
591 3336 623 3384 ut
643 3327 763 3400 vellent,
791 3327 1020 3406 permittentibus
1041 3328 1164 3400 cunctis,
1184 3347 1255 3385 mox
1307 3327 1350 3394 54

220 3430 340 3490 redituros
369 3451 401 3490 se
430 3430 519 3506 legati
544 3433 629 3492 rebus
655 3434 789 3510 perfectis
816 3433 969 3492 affirmant.
1016 3433 1146 3493 Profecti
1167 3439 1285 3510 quum2

222 3537 338 3594 mandata
357 3537 450 3614 plebis
468 3538 600 3613 patribus
626 3541 844 3617 exposuissent,
872 3540 921 3597 alii
942 3539 1112 3609 decemviri,
1140 3539 1256 3615 quando

224 3641 316 3711 quidem
336 3652 443 3721 praeter
464 3662 544 3720 spem
566 3645 693 3720 ipsorum
716 3647 849 3723 supplicii
871 3647 915 3705 sui
936 3645 1016 3704 nulla
1037 3643 1146 3703 mentio
1167 3646 1257 3716 lieret,

224 3743 443 3824 baudqnicquam
465 3749 604 3818 abnuere3
625 3752 750 3827 Appius,
773 3754 846 3811 truci
866 3753 982 3830 ingenio
1004 3761 1034 3810 et
1053 3750 1164 3808 invidia
1183 3759 1287 3826 pne-3

226 3848 299 3925 cipue,
321 3854 418 3912 odium
443 3853 474 3911 in
497 3871 529 3912 se
553 3853 673 3914 aliorum
694 3877 747 3916 suo
768 3859 799 3916 in
820 3876 870 3916 eos
891 3858 1011 3915 metiens
1033 3856 1117 3926 odio,
1149 3857 1257 3926 „Haud

226 3951 321 4026 iguero“
343 3958 437 4034 inquit
458 3958 606 4031 „imrninet
626 3961 752 4024 tbrtuna.
800 3963 911 4033 Video,
932 3963 1024 4021 donec
1049 3979 1133 4019 crura
1153 3962 1285 4026 adver-4
1328 4013 1332 4018 .

226 4061 289 4119 burlis
302 4066 459 4137 tradantur,
481 4063 592 4124 differri
602 4066 739 4126 adversus
752 4086 805 4126 nos
817 4076 970 4151 certamem
1003 4067 1128 4124 Dandus
1140 4067 1257 4128 invidias

226 4175 257 4221 est
275 4171 394 4247 sanguis.
439 4172 580 4230 Nihilne
601 4191 654 4249 ego
677 4173 790 4248 quidem
812 4191 928 4244 moror,
949 4190 1008 4247 quo
1028 4173 1123 4232 minus
1144 4174 1256 4232 decem-

226 4269 299 4332 viratu
325 4279 457 4336 abeam“.
506 4279 628 4336 Factum
651 4289 766 4338 senatus
789 4278 961 4349 consultum,
997 4289 1029 4335 ut·
1051 4279 1204 4337 decemviri
1224 4283 1286 4337 seb
