3392 5084
496 551 576 601 Liber
590 551 638 604 lv.
675 551 721 616 (Α.
736 551 956 617 casae-asa.)
1114 528 1122 535 ’
1157 559 1216 616 2³5

195 731 291 805 proelio
314 733 423 790 aevia
442 743 585 792 nocturna
606 753 755 811 excepere.
804 737 900 795 Panlo
929 746 998 813 post
1028 739 1059 796 iu
1088 741 1190 798 urbem
1216 742 1296 800 estb

195 836 339 912 ingressus
368 839 484 911 consul,
519 858 578 897 non
609 841 647 898 ab
670 861 708 898 ,se
737 841 831 918 magis
862 843 947 900 enixe
978 862 1118 902 amovens
1145 846 1261 922 culpam

195 961 276 1016 quam
299 945 499 1019 Tempanium
521 946 631 1004 meritis
651 946 787 1005 laudibus
809 946 915 1007 ferens.
956 949 1067 1007 Maste
1087 950 1199 1010 civitati
1222 951 1260 1010 ab
1275 948 1312 1007 10

195 1067 223 1104 re
243 1049 320 1106 mele
343 1058 430 1125 gesta
457 1059 486 1108 et
512 1051 594 1109 iratae
623 1051 743 1110 ducibus
765 1052 806 1109 Μ.
829 1054 999 1112 Postumius
1026 1073 1093 1116 reus
1122 1057 1261 1130 obiectus,

196 1153 239 1228 qui
264 1155 405 1213 tribunus
434 1155 557 1214 militum
585 1175 640 1232 pro
671 1157 789 1215 consule
818 1158 858 1214 ad
884 1158 977 1216 Veios
1014 1159 1126 1233 brer-at,
1161 1162 1260 1220 decem

195 1259 314 1318 millibus
343 1261 412 1318 aeris
438 1261 537 1336 gravis
562 1262 727 1324 damnetur.
774 1263 811 1326 T.
835 1263 1001 1338 Quinctium
1024 1265 1166 1342 collegam
1189 1266 1261 1339 eins,
1276 1266 1309 1320 ll

196 1365 256 1438 quia
278 1367 364 1423 etin
394 1367 513 1424 Volscis
534 1368 635 1425 consul
659 1368 788 1444 auspicio
811 1369 961 1427 dictatoris
982 1370 1127 1428 Postumii
1139 1373 1262 1431 Tuberti

196 1479 219 1525 et
246 1471 283 1527 ad
311 1471 447 1528 Fidenas
478 1473 592 1548 legatas
623 1474 773 1532 dictatoris
807 1473 925 1532 ulterius
954 1475 1046 1532 Mam.
1074 1477 1189 1534 AEmilii
1213 1495 1262 1536 res

194 1593 327 1652 prospere
350 1586 494 1652 gesserat,
515 1586 608 1636 totam
630 1561 745 1654 culpam
762 1579 822 1636 eius
833 1581 973 1655 temporis
986 1581 1017 1637 in
1031 1575 1260 1657 praedamnatum

196 1681 330 1758 collegam
361 1683 585 1742 transferentem
615 1703 715 1742 omnes
744 1685 837 1742 tribus
865 1686 1062 1744 absolverunt.
1110 1687 1262 1746 Profuisse
1276 1683 1312 1740 12

196 1786 218 1842 ei
236 1785 408 1845 Cincinnati
428 1789 521 1863 patris
543 1790 684 1848 memoria
699 1789 812 1861 dicitur,
833 1791 1008 1848 venerabilis
1022 1791 1087 1858 viri,
1111 1801 1140 1850 et
1151 1802 1262 1851 exacte

195 1892 244 1948 ium
266 1893 368 1950 etatis
384 1891 566 1968 Capitolinus
582 1891 744 1968 Quinctius,
767 1895 935 1972 suppliciter
949 1914 1045 1968 orans,
1066 1915 1104 1954 ne
1117 1917 1158 1970 se,
1180 1900 1262 1956 brevi

197 1997 298 2072 reliquo
321 1997 396 2054 vitae
418 1997 523 2072 spatio,
544 2009 605 2056 tam
627 2001 738 2058 tristem
760 2001 892 2058 nuntium
914 2001 991 2059 ferre
1006 2003 1043 2059 ad
1059 2000 1261 2062 Cincinnatum

196 2111 370 2176 paterentur.

269 2207 368 2266 Plebs
382 2209 515 2266 tribanos
528 2209 607 2285 plebi
622 2212 756 2269 absentes
770 2209 838 2269 Sex.
851 2211 1056 2287 Tempanium,
1077 2214 1118 2272 Α.
1130 2212 1261 2283 Sellium,
1312 2201 1356 2274 42

197 2310 257 2369 Sex.
281 2313 464 2385 Antistium,
496 2313 548 2390 Sp.
580 2315 693 2372 Icilium
716 2314 798 2395 fecit,
822 2333 897 2389 quos
919 2323 949 2372 et
968 2332 1022 2390 pro
1045 2317 1261 2375 centurionibus

197 2417 244 2472 sibi
265 2417 471 2492 praefecerant
496 2421 661 2496 Tempanio
689 2428 807 2478 anctore
834 2397 955 2494 equites.
999 2419 1142 2492 Senatus,
1171 2419 1291 2496 qunm2

198 2521 256 2578 odio
277 2521 449 2600 Sempronii
473 2525 625 2584 consulare
646 2545 752 2583 nomen
776 2524 952 2595 offenderet,
978 2526 1111 2584 tribunos
1138 2527 1260 2586 militum
1271 2581 1298 2632 A
1311 2597 1358 2633 m
1377 2583 1427 2628 m

199 2627 337 2685 consulari
359 2636 505 2703 potestate
527 2632 620 2689 creari
640 2631 732 2688 iussit
775 2629 874 2689 Oresti
896 2639 963 2687 sunt
984 2631 1019 2686 L.
1031 2633 1158 2690 Manlius
1173 2631 1262 2710 Capi·
1275 2614 1438 2706 meritati

198 2731 304 2796 telinus.
328 2733 371 2806 Q.
394 2736 541 2793 Antonius
563 2737 713 2808 Merenda,
736 2738 769 2794 L.
788 2734 1133 2810 PapiriusMugillanus.
1175 2725 1292 2794 Prin-3

200 2837 265 2912 cipio
287 2839 391 2896 statim
415 2841 483 2896 enni
506 2842 540 2900 L.
563 2841 739 2900 Hortensius
758 2842 890 2899 tribunus
911 2839 1059 2916 plebis&
1079 2839 1262 2916 Sempronio,

199 2943 300 3000 consuli
324 2944 396 3000 anui
415 2945 530 3020 prioris,
553 2946 628 3004 diem
651 2947 732 3004 dixit.
767 2946 860 3019 Quem
884 2965 972 3020 quum
988 2954 1127 3021 quattuor
1144 2946 1263 3022 collegae

198 3045 374 3122 inspectante
404 3051 513 3124 populo
541 3054 676 3110 Romano
705 3059 836 3122 orarent,
874 3069 912 3107 ne
942 3036 1147 3124 imperatorem
1178 3069 1262 3108 suum

199 3150 361 3225 innoxium,
397 3156 428 3212 in
461 3175 518 3231 quo
547 3157 618 3214 nihil
645 3165 751 3232 praeter
777 3155 926 3214 loannem
954 3155 1126 3230 reprebendi
1154 3164 1263 3228 posset,

199 3268 329 3332 vexaret,
364 3277 441 3336 aegre
462 3261 639 3320 Hortensius
659 3261 735 3337 pati,
764 3261 951 3318 tentationem
971 3279 1036 3316 eam
1058 3259 1178 3316 credens
1199 3265 1293 3319 esset

200 3365 516 3436 perseverantium,
538 3385 592 3424 nec
612 3367 747 3442 precibus
772 3367 970 3436 tribunorum,
1000 3383 1066 3439 quas
1084 3363 1116 3420 in
1137 3364 1263 3438 speciem

200 3469 278 3526 modo
300 3470 457 3542 iactentur,
479 3472 531 3528 sed
552 3473 662 3529 auxilio
685 3471 829 3529 confidere
849 3491 941 3530 reum.
987 3472 1093 3544 Itaque
1113 3469 1201 3528 modo
1225 3469 1293 3529 ads
1329 3516 1331 3523 ,

202 3589 258 3631 curn
279 3593 451 3648 conversus,
473 3577 523 3634 ubi
543 3573 585 3634 illi
604 3577 728 3653 patricii
740 3577 867 3652 spiritus,
889 3576 939 3633 ubi
961 3576 1101 3633 subnixus
1122 3584 1152 3657 et
1171 3576 1263 3632 fidens

201 3676 366 3738 innocentie
388 3682 503 3784 animus
523 3693 608 3754 esset,
634 3684 796 3758 quaerebat:
818 3684 871 3739 sub
891 3680 1045 3738 tribunicia
1065 3683 1171 3738 ambra
1193 3695 1264 3738 coni

203 3783 318 3844 sul'arem
341 3787 437 3844 virum
463 3787 623 3859 delituisse3
646 3789 733 3846 modo
756 3787 794 3844 ad
816 3785 959 3861 collegas:
990 3786 1073 3853 „Vos
1095 3793 1208 3854 autem,
1237 3783 1294 3841 sit

203 3905 273 3948 reum
303 3909 430 3968 perago,
461 3893 532 3968 quid
559 3893 651 3951 ecturi
679 3891 770 3950 estis?
818 3893 868 3950 An
890 3890 1016 3966 erepturi
1036 3891 1081 3946 ius
1103 3891 1213 3966 populo
1235 3900 1265 3948 et

204 3999 324 4055 eversuri
345 3998 530 4056 tribuniciam
551 3997 764 4074 potestatemt‘·
802 3997 899 4071 Quam
920 3997 962 4055 illi
984 4004 1014 4054 et
1035 3997 1071 4053 de
1089 3995 1294 4072 sempronior

205 4103 281 4160 etde
304 4103 440 4162 omnibus
461 4096 603 4161 summam
625 4103 727 4180 populi
748 4103 875 4162 Romani
895 4111 1068 4179 potestatem
1097 4093 1161 4158 esse
1187 4101 1264 4158 dice·
1359 4120 1361 4123 ·

204 4212 276 4278 rent,
303 4227 359 4267 nec
382 4227 414 4266 se
434 4209 573 4267 iudicium
594 4209 696 4285 populi
717 4197 819 4266 tollere
841 4216 892 4266 aut
912 4207 988 4265 velle
1008 4214 1059 4264 aut
1078 4223 1180 4281 posse,
1202 4206 1272 4276 scd·
1294 4240 1297 4248 ι

205 4307 225 4362 si
244 4329 343 4385 preces
366 4333 426 4373 suae
447 4333 502 4391 pro
523 4315 709 4390 imperatore,
733 4313 782 4388 qui
804 4313 859 4370 sibi
876 4313 1005 4388 parentis
1020 4319 1096 4368 esset
1108 4311 1183 4382 locu,
1205 4329 1264 4368 non
