3392 5084
464 521 504 581 aa
787 527 789 533 ’
852 503 856 523 “
889 519 1007 570 nnat

392 713 563 781 tauquam
583 706 614 763 in
635 714 732 763 vetere
752 706 848 781 patria
866 704 990 774 vixisse;
1018 704 1097 763 domi
1124 704 1287 781 militiaque
1316 705 1369 762 sub
1400 706 1487 762 haud

423 811 585 887 paenitendo
614 811 769 887 magistro,
799 811 864 887 ipso
886 812 971 869 Anae
992 828 1075 887 rege,
1101 812 1236 870 Romana
1256 830 1288 869 se
1310 811 1388 881 iura,
1420 812 1486 869 Ro·

422 936 525 975 manos
545 918 617 975 ritus
637 916 784 987 didicisse3
815 916 955 991 obsequio
982 924 1012 973 et
1037 918 1223 975 observantia
1242 918 1273 975 in
1292 935 1389 993 regem
1415 934 1485 974 eum

422 1023 573 1095 omnibus,
612 1023 787 1099 benignitate
824 1040 895 1097 erga
929 1021 1002 1078 alios
1040 1040 1104 1080 eum
1140 1040 1207 1098 rege
1238 1022 1303 1099 ipse
1339 1030 1486 1091 cenasse3

391 1136 460 1190 6-
489 1129 551 1188 hae
591 1149 656 1187 eum
695 1130 774 1186 haud
814 1127 891 1186 falsa
937 1136 1144 1186 memorantem
1181 1128 1289 1204 ingenti
1337 1146 1485 1187 consensu

422 1234 546 1310 populns
557 1236 707 1294 Romanus
727 1250 850 1311 regnare
864 1234 956 1295 iussit.
996 1234 1076 1309 Ergo
1097 1235 1192 1292 virum
1213 1245 1310 1293 cetera
1331 1236 1483 1311 egregium

422 1349 539 1411 wenta,
571 1360 658 1416 quam
679 1343 710 1399 in
730 1342 855 1418 petendo
876 1341 1032 1410 habuerat,
1060 1340 1146 1397 etiam
1168 1349 1335 1417 regnantem
1359 1339 1484 1397 ambitio

422 1454 481 1515 est3
501 1464 556 1503 nee
577 1448 775 1523 minusregni
798 1448 842 1522 sui
864 1446 998 1503 firmandi
1020 1464 1107 1521 quam
1130 1448 1268 1524 augenda
1290 1447 1333 1503 rei
1357 1446 1486 1521 publicae

422 1570 547 1623 memor,
576 1562 690 1610 eentum
711 1553 741 1609 in
761 1562 860 1630 patres
880 1552 964 1628 legit,
991 1552 1041 1627 qui
1063 1554 1165 1611 deinde
1186 1554 1328 1611 minorum
1350 1551 1482 1626 gentium

422 1665 489 1713 sunt
519 1657 670 1733 appellati,
699 1657 788 1717 santio
817 1659 897 1717 haud
927 1658 1016 1717 dubia
1045 1658 1137 1734 regis,
1169 1658 1249 1717 euius
1277 1657 1420 1715 beneficio
1452 1655 1481 1711 in

422 1762 531 1821 auriam
555 1772 702 1821 venerant.

393 1878 409 1929 7
505 1869 618 1927 Bellum
634 1869 758 1944 primum
781 1888 845 1928 eum
858 1871 970 1929 Latinis
990 1868 1088 1947 gessit,
1110 1878 1139 1927 et
1149 1869 1286 1945 oppidum
1302 1871 1343 1928 ibi
1354 1869 1482 1945 Apiolas

422 1976 452 2033 vi
480 1976 569 2052 aepit3
599 1976 755 2051 predaque
782 1976 850 2033 inde
877 1978 1003 2049 maiore,
1039 1995 1126 2051 quam
1159 1986 1268 2051 quanta
1294 1976 1364 2033 belli
1398 1974 1481 2033 fama

421 2080 531 2151 iuerat,
559 2089 688 2151 revecta,
717 2080 801 2139 ludos
822 2084 985 2158 opulentius
1007 2081 1229 2157 instructiusque
1251 2101 1337 2157 quam
1366 2067 1481 2157 priores

391 2198 504 2262 sreges
525 2186 602 2245 feeit.
643 2188 727 2244 Tune
751 2188 876 2263 primum
898 2189 989 2259 circo,
1023 2189 1072 2264 qui
1099 2208 1175 2247 nune
1198 2188 1344 2246 maximus
1366 2188 1481 2250 dieitur,

423 2294 587 2368 designatus
608 2292 688 2350 loeus
717 2302 769 2353 est.
813 2294 895 2351 Loca
917 2294 1011 2351 divisa
1030 2294 1162 2370 patribus
1189 2294 1400 2369 equitibusque,
1432 2293 1480 2351 ubi
1533 2314 1534 2331 t

380 2410 409 2465 ,9
422 2399 588 2476 spectacula
618 2399 674 2457 sibi
705 2400 827 2474 quisque
854 2398 996 2469 facerem
1032 2399 1090 2458 fori
1122 2400 1272 2477 appellati3
1310 2408 1480 2475 spectavere

421 2503 510 2563 iureis
530 2505 678 2562 duodenos
699 2506 737 2562 ab
758 2515 836 2565 terra
866 2506 1031 2582 spectacula
1063 2506 1123 2563 elta
1147 2506 1352 2565 sustinentibus
1379 2506 1477 2582 pedes.

422 2610 578 2668 Ludicrum
608 2609 662 2667 fuit
693 2611 759 2686 equi
787 2612 973 2687 pugilesque,
1005 2632 1042 2669 ex
1069 2612 1189 2669 Etruria
1223 2613 1349 2669 maxime
1384 2610 1476 2669 acciti.

423 2716 583 2775 Sollemnes
601 2717 703 2775 deinde
723 2720 811 2776 annui
832 2736 964 2777 mansere
983 2718 1053 2789 ludi,
1074 2717 1200 2775 Romani
1222 2694 1378 2793 magnique
1399 2717 1478 2774 varie
1532 2732 1533 2805 p

373 2835 409 2889 ιο
422 2823 568 2899 appellati.
610 2824 660 2883 ab
682 2825 782 2882 eodem
803 2843 873 2900 rege
895 2833 924 2881 et
945 2822 1137 2883 circatorum
1165 2823 1286 2899 privatis
1310 2823 1478 2881 aedificanda

327 2932 376 3002 30
423 2929 516 2988 divisa
536 2938 604 2987 sunt
623 2922 702 3000 loea3
734 2932 862 3006 porticus
891 2930 1075 3004 tabernaeque
1104 2928 1196 2987 faeta.
1246 2930 1332 2987 Mure
1362 2946 1476 3004 quoqne

422 3036 537 3111 lapideo
552 3037 729 3093 circumdare
740 3038 839 3095 urbem
854 3037 987 3113 parabat,
1000 3053 1087 3110 quum
1099 3035 1238 3095 Sabinum
1250 3035 1355 3092 bellum
1369 3033 1478 3111 coeptis

422 3143 583 3203 intervenit.
635 3143 779 3217 Adeoque
805 3161 841 3199 ea
870 3142 967 3199 subita
996 3160 1042 3199 res
1071 3140 1140 3211 finit,
1169 3149 1202 3198 ut
1228 3142 1308 3217 prius
1334 3143 1475 3199 Anienem
1531 3164 1532 3213 3

422 3247 576 3306 transirent
606 3250 721 3319 hostes,
757 3266 843 3322 quam
874 3247 989 3325 obviam
1018 3248 1061 3304 ire
1091 3266 1126 3305 ae
1152 3247 1306 3323 prohibere
1336 3247 1476 3305 exereitus

360 3431 364 3441 .
390 3356 571 3418 2R0manus
599 3361 707 3430 posset
751 3354 877 3427 'Itaque
903 3353 1076 3428 trepidatum
1109 3356 1210 3412 Romae
1238 3363 1293 3422 est;
1329 3362 1358 3409 et
1384 3353 1475 3429 primo

422 3460 511 3519 dubia
530 3461 662 3535 pistorie,
683 3477 791 3535 magna
810 3460 944 3533 utrinque
966 3460 1042 3517 eade
1060 3466 1218 3536 pugnatum
1245 3467 1297 3515 est.
1340 3457 1476 3516 Reduetis

422 3567 524 3625 deinde
543 3567 574 3622 in
596 3574 692 3622 castra
715 3565 841 3622 hostium
865 3564 970 3639 copiis,
1000 3566 1127 3640 datoque
1155 3564 1251 3640 spatio
1269 3550 1413 3623 ¹Romanis
1441 3561 1474 3619 ad

423 3672 649 3748 comparandum
671 3671 706 3728 de
726 3670 838 3747 integro
860 3671 976 3742 bellum,
998 3671 1185 3746 Tarquinius,
1206 3671 1329 3746 equitem
1351 3670 1479 3729 maxime

422 3779 482 3836 suis
503 3780 603 3835 deesse
623 3777 733 3834 viribus
753 3785 843 3847 ratus,
866 3777 904 3833 ad
915 3778 1051 3849 Ramnes,
1073 3777 1226 3846 Titienses,
1248 3776 1383 3847 Luceres,
1407 3790 1475 3851 quas
1530 3764 1531 3810 i

422 3884 567 3943 centurias
582 3870 727 3941 'Romulus
757 3882 926 3957 scripserat,
956 3883 1062 3940 addere
1090 3881 1162 3939 alias
1192 3881 1338 3959 eonstituit
1368 3898 1474 3956 suoque

391 3991 548 4065 3insignes
583 3988 744 4065 relinquere
776 3988 899 4047 nomine.
957 3989 994 4046 Id
1027 3988 1095 4064 qnia
1129 3988 1301 4062 inaugurate
1336 3987 1474 4045 Romulus

422 4088 557 4166 fecerat,'
579 4113 687 4171 negare
708 4097 796 4153 Attus
817 4094 946 4165 Navius,
973 4094 1086 4151 inolitus
1115 4112 1151 4150 ea
1177 4101 1347 4168 tempestate
1377 4110 1473 4169 augur,

423 4220 517 4276 neque
538 4203 644 4261 mutari
670 4220 765 4278 neque
791 4218 899 4258 novum
930 4191 1077 4271 semtit'ui,
1107 4200 1162 4257 nisi
1190 4218 1259 4257 aves
1291 4200 1473 4261 addixissent,
1529 4176 1530 4242 i

392 4310 520 4385 dpesse.
561 4308 610 4367 Ex
630 4329 666 4367 eo
689 4310 735 4367 ira
759 4308 821 4385 regi
848 4314 944 4377 meta3
975 4305 1150 4381 eludensque
1179 4314 1284 4376 artem,
1314 4314 1347 4362 ut
1375 4304 1474 4367 ferunt
