3392 5084
534 519 611 568 Liber
628 517 677 568 111.
715 517 759 581 (Δ.
774 517 822 572 Ob.
837 520 908 581 449.)
1145 521 1199 578 173

199 703 327 760 Dimissis
349 703 462 780 legatis,
483 704 617 761 admonet
636 703 739 763 milites
749 702 915 779 Verginius,
935 704 965 760 in
986 722 1018 760 re
1038 721 1097 759 non
1119 702 1246 760 maxima
1299 698 1339 766 51

199 807 279 881 peulo
302 817 371 865 ante
391 809 568 886 trepidatum
587 827 664 880 esse,
691 810 760 884 quia
781 811 842 868 sine
863 809 958 884 eapite
978 807 1129 866 multitudo
1150 807 1245 876 fuerit,

199 931 436 988 responsumque,
458 933 623 990 quanquam
644 933 702 973 non
723 915 876 985 inutiliter,
896 902 1016 972 fortuito
1037 923 1134 971 temen
1154 914 1247 989 magis

200 1036 332 1076 consensu
355 1038 442 1093 quam
456 1013 608 1079 ¹eommuni
629 1019 748 1078 consilio
771 1038 848 1090 esse3
870 1021 999 1096 plaeere,
1025 1020 1123 1076 decem
1145 1018 1276 1085 crearit

201 1125 240 1198 qni
261 1143 382 1192 summae
404 1125 447 1183 rei
469 1134 631 1200 praeessent,
653 1117 826 1200 militarique
846 1128 958 1184 bonore
978 1124 1108 1182 tribunos
1124 1124 1245 1182 militum

201 1231 341 1306 appellari.
389 1230 486 1304 Quum
508 1231 546 1288 ad
566 1231 634 1287 eum¹
650 1231 744 1306 ipsum
765 1233 890 1308 primum
911 1219 937 1288 is
958 1232 1050 1288 honos
1078 1228 1277 1295 deferretur,3

202 1335 382 1404 „Melioribus
403 1337 476 1394 meis
499 1329 660 1411 vestrisque
669 1339 755 1395 rebus
766 1343 930 1395 reservate“
953 1335 1046 1411 inquit
1069 1335 1143 1405 ,ista
1154 1335 1190 1391 de
1201 1326 1258 1390 me
1330 1390 1332 1395 .

201 1443 305 1503 iudicia.
353 1442 417 1498 Nee
446 1441 514 1498 mihi
536 1441 597 1498 iilia
620 1443 711 1500 inulta
737 1444 876 1501 honorem
897 1429 1162 1504 ullum'iueundum
1183 1448 1276 1501 esset

201 1548 308 1620 patitur,
329 1566 383 1606 nee
404 1541 625 1622 inperturbata
644 1547 805 1622 republica
822 1565 873 1604 eos
883 1547 952 1604 utile
965 1557 1011 1604 est
1022 1534 1144 1623 praeesse
1153 1546 1246 1621 vobis,

202 1653 242 1726 qui
261 1653 389 1728 proximi
410 1653 524 1710 invidiae
544 1647 620 1712 sint.¹
659 1652 690 1712 si
712 1651 776 1727 quis
798 1670 866 1710 usus
889 1653 945 1709 mei
970 1659 1023 1722 est,
1044 1651 1132 1709 nihilo
1153 1652 1276 1713 minorb

202 1777 230 1813 er
248 1731 364 1832 privato
391 1759 547 1834 capietur.“
595 1758 644 1815 Ita
672 1758 770 1814 deeem
798 1775 919 1814 numero
948 1757 1079 1814 tribunos
1110 1756 1278 1820 militaresss

202 1872 298 1920 creent.
513 1859 514 1864 ¹

273 1969 378 2043 Neque
399 1969 429 2025 in
452 1969 567 2027 Sabinis
589 1969 697 2042 quievit
718 1969 869 2028 exereitus.
912 1969 958 2026 lbi
986 1987 1102 2043 quoque
1120 1977 1276 2036 ,auetoret

203 2071 273 2129 leilio
301 2073 526 2149 Numitorioque
555 2074 679 2130 secessio
709 2076 746 2132 ab
779 2074 948 2132 decemviris
981 2074 1060 2132 faeta
1092 2083 1152 2144 est,
1187 2092 1246 2131 non

204 2177 301 2235 minore
322 2187 404 2235 motu
426 2179 586 2236 animorum
609 2179 694 2238 Siceii
716 2180 801 2238 eaedis
823 2181 961 2238 memoria
982 2189 1137 2251 renovata,
1159 2198 1245 2254 quam

206 2300 279 2355 quem
300 2283 484 2342 nova'fama
512 2285 548 2341 de
574 2285 685 2361 virgine
712 2287 785 2343 adeo
812 2285 889 2342 foede
915 2286 954 2342 ad
983 2285 1129 2342 libidinem
1157 2284 1247 2360 petita

206 2389 378 2447 accenderat.'
416 2389 513 2448 leilius
534 2391 584 2449 ubi
609 2392 734 2464 audivit,
755 2385 885 2450 tribunos
906 2391 1027 2452 militum
1047 2392 1077 2448 in
1101 2389 1277 2459 Aventinus,

208 2501 317 2564 creatos,
336 2513 372 2550 ne
383 2496 564 2566 comitiorum
579 2493 743 2556 militarium
758 2499 980 2575 praerogativam
1002 2497 1114 2554 urbana
1131 2496 1247 2554 comitia

208 2597 294 2656 iisdem
323 2599 446 2658 tribunis
477 2602 569 2677 plebis
605 2605 736 2662 creandis
768 2613 973 2679 sequerentur,
1008 2595 1118 2678 peritus
1152 2617 1277 2671 rerumq

210 2704 376 2778 popularium
397 2707 605 2784 imminensque
626 2709 653 2766 ei
673 2703 952 2785 potestatietipse,
972 2708 1140 2784 priusquam
1158 2708 1248 2765 iretur

213 2806 243 2862 ad
258 2810 368 2881 urbem,
385 2813 454 2887 upari
473 2823 618 2889 potestate
638 2810 759 2873 eundem
782 2833 932 2872 numerum
954 2815 990 2871 ab
1013 2814 1072 2871 suis
1094 2815 1246 2872 creandum

213 2923 287 2973 curat
332 2917 425 2974 Porta
447 2916 562 2976 Collina
588 2922 688 2978 urbem
715 2922 861 2980 intravere
889 2922 942 2978 sub
966 2920 1070 2995 signis,
1097 2906 1246 2993 mediaque
1263 2935 1298 2988 10

212 3019 270 3076 urbe
289 3022 445 3096 sgminein
459 3024 636 3092 Aventinum
656 3035 803 3102 pergunt
832 3026 877 3120 Ibi
898 3025 1042 3083 eoniuneti
1063 3024 1247 3080 alteri'exer·

213 3123 273 3181 ritui
288 3127 386 3202 viginti
407 3128 530 3188 tribunis
557 3128 678 3190 militum
704 3131 851 3206 negotium
870 3132 1020 3189 dederunt
1027 3173 1036 3201 ‚
1064 3139 1097 3187 nt
1125 3147 1162 3186 ex
1193 3148 1247 3186 suo

214 3248 315 3290 numero
325 3234 399 3290 duos
410 3244 551 3306 crearent,
567 3235 615 3310 qui
625 3255 744 3297 summa
754 3256 851 3296 rerum
860 3245 1022 3312 preessent.
1055 3236 1097 3292 M.
1109 3233 1246 3309 Oppium,

215 3331 270 3396 Sex.
289 3337 438 3396 Manilium
460 3350 570 3402 ereant.

283 3444 381 3502 Patres
403 3435 518 3505 solliciti
540 3447 576 3504 de
601 3465 715 3506 summa
735 3467 845 3520 rerum,
872 3467 961 3535 quum
982 3457 1098 3503 senatus
1120 3446 1247 3521 quotidie
1262 3459 1294 3512 11

216 3555 290 3617 esset,
318 3549 417 3626 iurgiis
450 3552 554 3628 saepius
584 3561 679 3612 terunt
709 3565 824 3632 tempus
855 3574 941 3630 quam
974 3539 1110 3611 consiliis.
1162 3531 1298 3618 Sioeii'w

218 3651 291 3710 tudes
311 3655 478 3728 decemviris
500 3668 528 3716 et
550 3659 688 3736 Appiana
709 3660 797 3720 libido
819 3670 848 3716 et
862 3653 1005 3718 dedecora
1015 3656 1246 3716 militiseobiieie-

220 3753 311 3817 bantur.
354 3764 511 3835 Placebat,
539 3765 686 3823 Valerium
708 3765 922 3841 Horatiumque
949 3767 992 3824 ire
1012 3766 1042 3822 in
1063 3764 1247 3822 Aventinum.

223 3859 256 3918 llli
273 3870 426 3942 negabant,
448 3887 479 3927 se
501 3870 584 3928 aliter
603 3871 712 3942 ituros,
741 3872 875 3948 quamsi
899 3869 1054 3929 decemiiri
1074 3869 1248 3944 deponerent
1330 3864 1332 3867 ’

222 3965 321 4045 insignia
334 3975 611 4050 magistratus'eius,
633 3995 692 4052 quo
713 3995 790 4036 auno
807 3976 865 4034 iam
879 3985 946 4034 ante
958 3975 1092 4033 abissent.
1125 3976 1298 4048 Decem-13

221 4073 262 4130 tiri
280 4079 437 4152 querentes,
466 4099 497 4138 se
526 4082 562 4148 in,
582 4082 711 4142 ordinem
733 4083 812 4158 cogi,
841 4101 899 4140 nou
927 4091 994 4139 ante
1021 4099 1108 4155 quam
1131 4080 1248 4156 perlatis

224 4176 325 4256 legibus,
344 4189 466 4262 quarum
488 4205 576 4244 eausa
597 4189 685 4250 creati
707 4199 818 4258 essent,
848 4188 1029 4264 deposituros
1048 4186 1200 4263 imperium
1217 4205 1247 4242 se

225 4269 339 4346 etue
368 4294 427 4350 Per
449 4295 491 4354 u.
511 4293 660 4364 nortuum,
682 4293 730 4373 qut
753 4295 883 4354 mutnus
904 4294 996 4369 prens
1017 4293 1121 4360 fuine
1145 4291 1248 4348 antor
1298 4300 1342 4366 52

1308 3746 1326 3785 0
