3392 5084
526 547 602 597 nicer
619 547 694 598 vm.
729 547 913 612 (sonmo).
1116 520 1117 530 ’
1146 553 1201 608 tot

210 730 348 789 Conseusit
371 741 400 790 et
421 740 536 790 senatus
563 733 683 803 bellum3
711 734 908 807 consulesque,
930 734 1041 792 duobus
1063 731 1174 807 scriptis
1196 733 1278 790 ex-8
1324 747 1326 758 ¹
1377 793 1379 802 ,

210 837 340 908 croitibus,
358 829 414 912 ‘per
438 838 554 896 Marsos
568 839 761 916 Pelignosque
774 838 905 915 profecti,
927 838 1061 896 adiuncto
1077 837 1248 898 Samnitium

209 944 332 1014 exercitu,
363 945 400 1000 ad
426 943 573 1022 Capuam,
604 964 662 1020 quo
688 946 745 1003 iam
767 944 865 1003 Latini
892 944 1020 1020 sociique
1046 928 1249 1001 convenerant
1322 971 1327 984 =

208 1057 289 1104 castra
308 1048 416 1108 locent.
744 1036 747 1049 ¹

274 1155 320 1211 Ibi
342 1155 372 1212 in
395 1157 488 1233 quiete
509 1155 623 1231 utrique
644 1155 753 1211 consuli
785 1155 886 1214 eedem
914 1156 1016 1213 dicitur
1042 1154 1106 1213 visa
1136 1151 1278 1230 species9

205 1258 249 1314 riri
265 1261 385 1318 maioris
407 1281 493 1337 quam
513 1281 566 1336 pro
587 1262 714 1318 humano
735 1261 835 1319 babitu
858 1263 1096 1338 augustiorisque',
1117 1259 1246 1330 dicentis,

206 1383 234 1419 ex
252 1385 307 1422 uno
330 1367 394 1424 acie
420 1367 640 1442 imperatorem,
667 1385 704 1423 ex
730 1367 822 1425 altera
848 1368 1004 1426 exercitum
1026 1367 1085 1424 deis
1113 1365 1245 1424 manibus
1262 1365 1298 1420 10

205 1472 335 1546 matrique
357 1473 459 1529 Terrae
489 1473 602 1542 deberi;
633 1473 723 1550 utrius
756 1474 898 1531 exercitus
929 1473 1086 1548 imperator
1117 1471 1245 1548 legiones

204 1577 314 1634 bostium
349 1596 492 1653 superque
525 1596 574 1634 eus
591 1597 637 1658 'se
667 1578 844 1650 devovisset,
875 1579 936 1637 eius
966 1579 1067 1654 populi
1097 1578 1248 1654 portisque

204 1682 349 1740 victoriam·
368 1683 440 1743 iore.
493 1683 558 1740 Hos
588 1685 638 1741 ubi
664 1693 818 1743 nocturnos
850 1685 928 1742 visus
954 1683 1028 1741 inter
1056 1703 1088 1742 se
1114 1683 1245 1740 consules
1264 1683 1297 1736 11

203 1789 383 1860 contulerunt,
409 1789 525 1865 placuit,
552 1792 776 1849 averruncandae
807 1793 893 1848 deum
916 1790 965 1847 irae
995 1790 1126 1848 victimas
1162 1789 1247 1862 caedi3

202 1895 274 1952 simul
295 1905 337 1965 ut,
366 1895 392 1951 si
412 1895 486 1952 extis
507 1895 618 1967 eadem,
640 1915 703 1970 quae
724 1899 835 1954 somnio
858 1896 921 1954 visa
942 1895 1071 1966 furerent,
1092 1894 1247 1971 portende·

201 2011 295 2071 rentur,
321 2001 461 2058 alteruter
482 2001 629 2058 consulum
650 2001 714 2060 feta
733 2003 879 2079 impleret..
917 2002 978 2061 Ubi
997 2019 1137 2075 responsa
1157 2002 1244 2059 baru-
1265 1997 1300 2053 12

201 2108 299 2180 spicum
320 2107 458 2163 insidenti
479 2107 536 2163 iam
559 2106 655 2163 auimo
678 2108 773 2166 tscitae
798 2107 929 2184 religioni
956 2113 1160 2182 congruerunt,
1184 2116 1245 2164 tum

200 2213 325 2270 adhibitis
349 2211 452 2286 legatis
473 2212 650 2286 tribunisque
671 2223 700 2271 et
720 2214 847 2290 imperiis
872 2213 956 2271 deum
980 2211 1131 2289 propalam
1155 2230 1247 2286 expo-

199 2318 261 2386 sitis,
281 2338 321 2374 ne
345 2336 424 2374 mors
446 2317 610 2377 voluntaria
640 2321 763 2378 consulis
792 2319 949 2378 exercitum
979 2318 1009 2375 in
1038 2317 1100 2374 acie
1121 2325 1249 2392 terreret,

200 2433 366 2499 comparant
385 2424 460 2480 inter
480 2441 520 2493 se,
542 2431 582 2493 ut,
604 2425 641 2480 ab
663 2434 728 2481 utra
749 2434 832 2500 parte
853 2426 954 2482 cedere
968 2425 1116 2482 Romanus
1140 2422 1249 2480 exerci-
1266 2416 1301 2471 13

201 2538 238 2584 tus
258 2530 410 2606 coepisset,
438 2528 504 2585 inde
528 2547 559 2585 se
588 2531 688 2587 consul
716 2531 871 2587 devoveret
902 2548 955 2604 pro
986 2529 1093 2604 populo
1114 2529 1248 2586 Romano

201 2635 422 2710 Quiritibusque.
451 2635 626 2710 'Agitatum
652 2635 739 2692 etiem
760 2636 790 2692 in
810 2635 929 2692 oonsilio
952 2643 1003 2706 est,
1025 2643 1064 2706 ut,
1086 2633 1111 2691 si
1133 2633 1249 2708 quaudo
1267 2629 1303 2683 14

201 2759 319 2816 unquam
355 2759 458 2798 severo
489 2740 578 2797 ullum
611 2740 733 2815 imperio
765 2739 870 2797 bellum
903 2740 1132 2797 administratum
1164 2747 1248 2809 esset,

200 2855 257 2904 tunc
292 2835 346 2905 uti
371 2846 521 2920 disciplina
558 2845 688 2904 militaris
720 2847 756 2904 ad
789 2845 902 2921 priscos
932 2846 1110 2922 redigeretur
1145 2862 1248 2902 mores

199 2949 297 3009 Curam
323 2953 459 3021 acuebat,
482 2938 710 3025 quodudversus
725 2941 845 3008 Latinos
861 2951 1024 3008 bellandum
1047 2961 1117 3020 erat,
1140 2952 1247 3026 lingua,
1268 2943 1303 2997 15
1392 2936 1394 2947 ’
1434 2931 1437 2938 ²

199 3059 338 3127 moribus,
372 3076 518 3113 armorum
548 3076 669 3132 genere,
701 3055 837 3113 institutis
866 3064 932 3113 ante
955 3058 1052 3115 omnia
1079 3057 1248 3115 militaribus

197 3170 403 3239 congruentes3
425 3162 530 3219 milites
551 3162 702 3233 militibus,
732 3162 944 3220 centurionibus
973 3163 1168 3233 centuriones,
1200 3164 1252 3219 tri-

198 3268 259 3326 buni
280 3269 409 3327 tribunis
430 3286 580 3343 compares
602 3267 775 3342 collegaeque
796 3269 896 3326 iisdem
918 3269 1072 3344 presidiis,
1104 3285 1179 3342 ssepe
1201 3268 1250 3324 iis·

197 3374 254 3432 dem
277 3374 438 3448 manipulis
458 3373 594 3448 permixti
614 3372 738 3430 fuerant.
780 3375 839 3430 Per
859 3376 920 3432 haec
941 3394 977 3430 ue
999 3393 1056 3449 quo
1081 3392 1178 3430 errore
1199 3373 1250 3430 mi·
1270 3367 1305 3422 1ss

197 3477 254 3538 lites
277 3488 462 3554 caperentur,
494 3479 608 3535 edicunt
631 3479 777 3548 consules,
804 3498 841 3535 ue
871 3479 935 3552 quis
957 3488 1039 3536 extra
1068 3479 1194 3536 ordinem
1222 3479 1252 3536 iu

196 3585 305 3643 hostem
331 3593 485 3658 pugnaret.

274 3693 371 3749 Forte
400 3688 474 3746 inter
496 3698 606 3747 ceteros
627 3699 786 3747 turmarum
807 3690 974 3786 praeiectpS,
999 3691 1048 3765 qui
1070 3691 1250 3766 exploratum
1328 3677 1352 3746 Ἷ

196 3797 222 3853 in
252 3813 360 3855 omnes
391 3803 489 3870 partes
521 3794 631 3851 dimissi
661 3805 756 3868 erant,
795 3798 834 3858 T.
864 3797 990 3854 Manlius
1022 3796 1145 3855 consulis
1162 3797 1250 3854 ¹filius

196 3921 280 3978 super
302 3909 404 3960 castra
426 3901 551 3958 bostium
574 3919 639 3958 cum
660 3903 719 3960 suis
741 3904 909 3960 turmalibus
932 3904 1037 3973 evasit,
1069 3903 1111 3960 ite
1139 3911 1170 3959 ut
1199 3904 1250 3960 vix

196 4009 242 4064 teli
261 4009 347 4065 iactu
368 4007 406 4061 ab
432 4007 555 4062 statione
580 4009 715 4082 proxima
741 4010 865 4090 abesset,
910 4006 956 4067 Ibi
984 4009 1142 4067 Tusculani
1168 4004 1280 4082 erant2

195 4115 324 4188 equites3
346 4120 469 4186 praeerat
482 4111 623 4171 Geminus
636 4114 764 4185 Maecius,
784 4115 830 4171 rir
851 4134 937 4189 quum
959 4135 1063 4191 genere
1076 4117 1150 4172 inter
1171 4133 1248 4184 suos,

197 4229 252 4276 tum
276 4219 367 4277 factis
389 4218 494 4276 clarus.
541 4220 573 4276 Is
595 4219 643 4276 ubi
665 4220 814 4277 Romanos
836 4221 945 4294 equites
966 4221 1162 4302 insignemque
1182 4218 1286 4276 inter3

196 4343 243 4383 eos
262 4325 477 4402 praecedentem
501 4325 626 4383 consulis
648 4325 736 4382 lilium
759 4322 841 4401 (nam
863 4344 962 4386 omues
984 4325 1058 4382 inter
1083 4343 1128 4396 se,
1157 4325 1256 4399 utique
