3392 5084
430 539 466 614 Ι8
871 532 949 583 nne
972 530 994 581 1.

406 726 515 782 Remus
536 720 716 778 Aventinum
740 718 778 775 nd
800 716 1032 793 inaugurandum
1061 716 1170 793 templa
1198 716 1323 792 capiunt.
1369 717 1470 775 Priori

406 830 498 887 Remo
521 826 672 901 augurium
691 826 808 882 uenisse
830 822 937 893 fertur,
959 839 1012 879 sex
1037 824 1175 894 vulturem
1196 824 1313 899 iamque
1333 823 1467 881 nuntiato

406 934 529 1011 augurio
544 950 609 990 cum
620 931 727 1007 duplex
744 948 881 989 numerus
892 929 1017 987 Romulo
1029 948 1093 987 sess
1110 929 1291 999 ostendisset,
1312 936 1468 1005 utrumque

404 1060 502 1117 regem
523 1057 578 1096 sua
596 1037 749 1095 multitudo
771 1035 1021 1093 consalutaverat:
1043 1042 1173 1110 tempore
1193 1033 1235 1091 illi
1256 1042 1411 1111 praeoepto,
1436 1046 1468 1093 at
1531 1068 1532 1103 r

375 1144 436 1203 ahi
456 1164 576 1203 numero
603 1132 701 1202 avium
730 1161 852 1219 regnum
881 1142 1044 1202 trahebant.
1093 1141 1165 1198 Inde
1192 1159 1256 1199 cum
1278 1140 1468 1199 altercatione

406 1249 552 1326 congressi
576 1251 733 1308 certamine
753 1250 863 1307 irarum
886 1248 924 1304 ad
951 1248 1057 1305 caedem
1076 1238 1238 1317 vertuntur;
1268 1246 1308 1304 ibi
1328 1248 1357 1303 in
1380 1248 1468 1305 turba

405 1356 478 1415 ictus
499 1358 609 1415 Remus
631 1355 743 1414 cecidit.
786 1353 944 1429 Vulgatior
964 1351 1045 1415 fama
1066 1361 1124 1423 est,
1144 1352 1268 1411 ludibrio
1290 1352 1388 1411 statuis
1408 1355 1467 1419 Re-
1531 1390 1532 1424 ,

406 1482 484 1521 mum
506 1480 599 1519 novos
621 1461 800 1519 transiluisse
820 1476 937 1529 mur0s3
964 1460 1031 1517 inde
1054 1462 1092 1518 ab
1112 1459 1188 1517 irato
1208 1460 1352 1529 Romulo,
1375 1478 1466 1534 quum
1531 1496 1532 1530 3

404 1570 500 1627 verbis
513 1586 629 1645 quoque
642 1568 817 1643 increpitans
832 1564 997 1623 adiecisset:
1016 1566 1075 1637 ,sic
1086 1565 1198 1636 deinde,
1213 1567 1376 1641 quicunque
1392 1566 1468 1623 alius

373 1675 545 1740 atransiliet
566 1674 682 1731 moenia
705 1676 798 1743 mea,“
820 1670 1012 1731 interfectum.
1045 1672 1092 1729 Ita
1113 1672 1192 1729 solus
1213 1670 1321 1748 potitus
1342 1671 1467 1747 imperio
1531 1711 1532 1744 3

403 1780 559 1851 Romulus;
581 1780 700 1838 condita
720 1780 790 1836 urbs
812 1776 970 1851 conditoris
989 1776 1105 1834 nomine
1130 1778 1286 1853 appellata.

485 1886 633 1944 Palatium
663 1884 802 1961 primum,
836 1884 867 1940 in
901 1901 958 1957 quo
988 1882 1051 1957 ipse
1081 1891 1144 1939 erat
1170 1883 1322 1954 educatus,
1353 1882 1467 1939 muniit
1531 1926 1532 1959 ,

403 1991 495 2051 Sacra
516 1991 571 2049 diis
592 1992 656 2049 aliis
677 1969 795 2049 Albano
816 1990 889 2061 ritu,
919 1988 1024 2047 Graeco
1037 1965 1179 2056 Herculi,
1208 1997 1241 2045 ut
1262 1990 1299 2045 ab
1324 1988 1466 2046 Euandro

371 2097 532 2159 ninstituta
552 2105 651 2169 erant,
683 2096 763 2155 facit.
798 2077 966 2174 ¹Herculem
987 2093 1017 2149 in
1045 2113 1080 2151 ea
1103 2094 1178 2163 loca,
1209 2093 1347 2169 Geryone
1374 2093 1466 2151 inter·
1531 2141 1532 2175 ,

403 2212 509 2278 empto,
530 2204 621 2259 boves
650 2203 725 2259 mira
755 2200 851 2277 specie
882 2200 1013 2276 abegisse
1042 2209 1220 2272 memorant,
1243 2218 1277 2258 ac
1298 2218 1391 2276 prope
1415 2201 1466 2257 Ti·
1531 2232 1532 2283 ,

402 2309 494 2365 herim
509 2287 644 2380 lluvinm,
670 2327 730 2383 qua
749 2327 810 2383 prae
836 2325 868 2364 so
887 2314 1055 2364 armentum
1071 2325 1160 2383 agens
1180 2307 1277 2364 nando
1301 2306 1467 2374 traiecerat,
1531 2356 1532 2389 3

401 2413 467 2496 loco
488 2414 620 2486 herbido,
645 2423 677 2472 ut
698 2414 794 2489 quiete
818 2422 848 2469 et
858 2411 966 2488 pabulo
977 2412 1043 2470 laeto
1059 2414 1189 2471 reficeret
1202 2414 1302 2482 boves,
1325 2420 1354 2468 et
1367 2412 1465 2487 ipsum
1531 2462 1532 2493 ,

373 2517 511 2577 5fessum
531 2520 581 2575 via
603 2520 802 2594 procubuisse.
836 2520 884 2576 Ibi
895 2537 983 2593 quum
1005 2538 1071 2576 eum
1086 2519 1150 2576 cibo
1172 2519 1298 2593 vinoque
1309 2527 1465 2593 gravatum
1531 2571 1532 2601 ,

403 2642 495 2700 sopor
505 2624 704 2705 oppressisset,
725 2633 827 2700 pastor
841 2623 942 2681 accola
965 2623 1025 2681 eius
1040 2624 1105 2697 loci,
1127 2622 1358 2709 nomineCacus,
1379 2623 1467 2682 ferox
1531 2676 1532 2710 ᾗ

402 2730 522 2800 viribus,
543 2738 645 2804 captus
664 2728 877 2805 pulchritudine
886 2730 982 2785 bourn*
991 2747 1079 2803 quum
1098 2738 1230 2789 avertere
1251 2749 1314 2787 eam
1334 2731 1466 2805 praedam
1531 2762 1532 2793 2

402 2835 502 2906 vellet,
535 2836 612 2910 quia,
634 2835 659 2892 si
688 2835 801 2910 agendo
831 2842 992 2892 armentum
1018 2835 1047 2892 in
1071 2837 1237 2911 speluncam
1270 2836 1466 2911 compulisset

402 2942 467 3016 ipsa
488 2941 613 3017 vestigia
635 2949 809 3014 quaerentem
824 2940 972 2998 dominum
994 2958 1029 2996 eo
1051 2940 1210 2999 deductura
1230 2950 1321 3013 erant,
1343 2960 1465 2999 aversos
1531 2996 1532 3003 ,

402 3049 509 3119 boves,
530 3047 667 3105 eximium
689 3064 832 3121 quemque
857 3045 1085 3121 pulchritudine,
1115 3047 1214 3105 caudis
1244 3048 1274 3105 in
1295 3048 1464 3123 speluncam
1531 3022 1532 3029 ἵ

372 3154 501 3213 6traxit.
558 3152 699 3211 Hercules
731 3150 769 3207 ad
797 3152 921 3231 primam
944 3170 1080 3210 auroram
1101 3171 1203 3210 somno
1232 3152 1342 3211 excitus
1373 3173 1464 3229 quum
1526 3162 1532 3239 ’ἢ

402 3278 519 3335 gregem
540 3240 747 3335 perlustrasset
765 3256 855 3313 oculis
880 3266 909 3313 et
929 3265 1041 3333 partem
1063 3258 1165 3315 abesse
1175 3276 1295 3315 numero
1317 3260 1464 3330 sensisset,
1531 3240 1532 3243 Ἴ

401 3366 500 3441 pergit
521 3359 559 3421 ad
579 3364 744 3441 proximam
767 3362 950 3437 speluncam,
974 3364 998 3419 si
1025 3362 1100 3421 forte
1128 3383 1162 3421 eo
1191 3365 1316 3439 vestigia
1344 3364 1464 3423 ferrent.

403 3470 476 3542 Qua
495 3471 545 3528 nbi
563 3471 661 3527 omnia
688 3468 769 3526 foras
791 3486 878 3525 versa
899 3468 971 3525 vidit
991 3488 1045 3527 nec
1073 3469 1103 3525 in
1131 3478 1243 3544 partem
1267 3468 1355 3526 eliam
1377 3470 1463 3537 ferre,
1531 3522 1532 3541 ,

320 3633 324 3650 ,
403 3575 540 3634 confusus
562 3586 650 3650 atque
671 3576 796 3632 incertus
818 3574 907 3632 animi
928 3594 965 3631 ex
986 3575 1050 3633 loco
1068 3574 1176 3632 infesto
1198 3594 1284 3650 agere
1305 3594 1395 3650 porro
1417 3596 1464 3633 ar·

373 3686 388 3738 7
402 3690 530 3739 mentum
552 3680 672 3756 occepit.
705 3680 778 3737 Inde
796 3698 885 3754 quum
898 3692 969 3739 actae
979 3683 1069 3739 boves
1082 3682 1212 3755 quaedam
1228 3679 1265 3738 ad
1280 3682 1463 3752 desiderium,

402 3796 434 3843 ut
454 3788 503 3857 fit,
524 3786 689 3844 relictarum
709 3786 883 3860 mugissent,
915 3762 1027 3843 reddita
1048 3787 1223 3845 inclusarum
1256 3806 1292 3845 ex
1324 3762 1463 3863 spelunca

401 3895 490 3950 boum
523 3912 583 3950 vox
612 3890 769 3948 Herculem
800 3892 953 3959 convertit.
996 3892 1089 3965 Quem
1119 3911 1207 3967 quum
1234 3894 1271 3950 ad
1294 3892 1462 3968 speluncam

402 4000 557 4057 vadentem
573 3997 668 4057 Cacus
689 3997 719 4053 vi
740 3997 895 4072 prohibere
916 4006 1037 4055 conatus
1060 4007 1144 4069 esset,
1166 3999 1240 4057 ictus
1260 4000 1353 4069 clava,
1374 4000 1461 4057 fidem

372 4114 389 4171 8
403 4114 552 4181 pastorum
565 4104 758 4177 nequicquam
767 4104 916 4174 invocans,
938 4112 1060 4161 mortem
1072 4106 1214 4163 occubuit.
1249 4106 1387 4164 Euander
1399 4116 1461 4163 tum

403 4230 448 4277 ea,
466 4209 607 4286 profugus
629 4229 667 4267 ex
687 4210 900 4285 Peloponneso,
921 4210 1092 4269 auctoritate
1112 4212 1205 4286 magis
1228 4229 1315 4285 quam
1338 4212 1461 4288 imperio

402 4318 521 4393 regebat
547 4317 627 4387 loca,
653 4315 826 4374 venerabilis
855 4317 900 4373 vir
929 4316 1078 4393 miraculo
1093 4317 1269 4387 litterarum,
1290 4317 1346 4403 rei
1377 4336 1462 4375 nova
