3392 5084
465 521 523 580 136
745 519 825 570 Liber
841 517 891 568 111.
928 519 973 590 (A.
992 531 1017 566 u.
1037 531 1059 567 c.
1078 518 1150 584 298.)

420 702 564 764 sinebant.
611 705 676 762 Neo
696 703 758 762 iere
778 704 907 762 seniores
931 703 974 761 rei
995 703 1165 772 intererant,
1193 703 1300 778 quippe
1330 721 1394 777 quae
1420 721 1471 760 non

421 808 541 871 oonsilio
572 811 714 885 regenda,
742 809 795 866 sed
822 809 965 885 permissa
993 809 1147 868 temeritati
1175 809 1360 883 audaciaeque
1393 820 1470 867 esset

391 914 545 974 5Multum
566 923 596 972 et
616 916 747 974 consules
767 934 800 973 ee
822 916 1014 984 abstinebant,
1034 934 1071 973 ne
1093 913 1140 972 cui
1159 913 1189 971 in
1210 913 1373 972 colluvione
1383 932 1471 970 rerum
1520 983 1521 992 ἵ

392 1021 601 1082 bmaiestatem
630 1039 713 1082 suam
743 1020 923 1078 contumelias
944 1019 1089 1078 offerrent.
1131 1018 1215 1078 Caso
1235 1028 1298 1075 erat
1319 1017 1472 1090 Quinctius,
1520 1043 1521 1072 1

421 1124 506 1184 ferox
527 1125 638 1184 iuvenis
662 1145 722 1202 qua
741 1127 892 1184 nobilitate
914 1127 1024 1203 gentis,
1052 1145 1111 1200 qua
1132 1124 1262 1201 eorporis
1284 1125 1473 1200 magnitudine
1520 1149 1521 1154 ¹

422 1242 452 1288 et
478 1231 597 1292 viribus.
650 1233 700 1290 Ad
724 1251 760 1290 aa
792 1252 913 1292 munera
944 1233 1015 1290 data
1044 1250 1064 1288 a
1091 1229 1145 1288 diis
1176 1239 1205 1288 et
1234 1231 1298 1305 ipse
1329 1231 1474 1289 addiderat

422 1336 513 1394 multa
533 1338 602 1396 balli
626 1337 732 1396 decora
751 1338 976 1414 facundiamque
994 1339 1024 1396 in
1041 1337 1117 1414 foro,
1139 1345 1170 1394 ut
1184 1355 1269 1394 nemo
1291 1357 1350 1394 non
1372 1338 1473 1413 lingua,

394 1442 481 1500 lnon
505 1462 593 1500 manu
613 1445 775 1520 promptior
794 1445 824 1501 in
835 1445 951 1502 civitate
962 1446 1123 1502 haberetur.
1172 1441 1230 1500 llio
1241 1461 1329 1516 quum
1345 1443 1375 1499 in
1387 1444 1474 1500 medio

421 1557 537 1623 patrum
560 1550 675 1624 agmine
695 1550 883 1620 constitisset,
912 1550 1038 1608 eminens
1058 1549 1134 1606 inter
1155 1548 1245 1618 alios,
1276 1548 1358 1606 velut
1383 1565 1474 1606 omnes

422 1653 581 1712 dictaturas
603 1656 825 1731 consulatusque
846 1645 949 1732 gerens
970 1656 1000 1712 in
1021 1673 1093 1712 voce
1115 1673 1150 1712 ac
1172 1654 1282 1712 viribus
1303 1655 1379 1726 suis,
1411 1672 1474 1712 unus
1521 1685 1522 1700 2

393 1759 547 1835 Simpetus
574 1761 741 1822 tribunicios
772 1763 985 1838 popularesque
1014 1761 1157 1837 procellas
1189 1762 1361 1820 sustinebat.
1417 1762 1476 1818 Hoc
1521 1791 1522 1822 1

422 1866 495 1924 duoe
516 1885 593 1943 saepe
613 1869 689 1944 pulsi
709 1869 774 1926 foro
796 1869 918 1937 tribuni,
946 1867 1012 1924 insa
1037 1884 1072 1924 ao
1099 1865 1202 1942 fugata
1222 1866 1322 1942 plebes
1342 1877 1403 1936 est;
1434 1866 1476 1940 qui

423 1972 526 2030 obvius
547 1972 651 2044 fuerat,
672 1975 814 2033 mulcatus
837 1976 1021 2049 nudatusque
1042 1974 1156 2046 abibat,
1178 1983 1210 2030 ut
1231 1973 1302 2030 satis
1318 1983 1476 2048 appareret

393 2077 449 2134 tsi
469 2078 512 2136 sic
536 2080 585 2155 agi
604 2080 716 2152 liceret,
742 2081 849 2138 victam
871 2080 964 2156 legem
985 2097 1058 2140 esse.
1100 2080 1194 2150 Tum,
1223 2096 1316 2155 prope
1336 2078 1398 2136 iam
1419 2097 1476 2153 per·

388 2224 393 2237 .
424 2185 509 2242 culsis
543 2186 607 2244 aliis
632 2186 768 2256 tribunis,
800 2188 839 2244 A.
867 2185 1022 2261 Verginius
1050 2203 1087 2242 ex
1113 2184 1234 2260 collegio
1266 2203 1342 2242 unus
1372 2183 1477 2243 Caesoni

424 2290 527 2366 capitis
548 2292 623 2349 diem
645 2293 724 2352 dicit.
761 2295 860 2351 Atrox
881 2290 1026 2366 ingenium
1048 2291 1219 2348 accenderat
1240 2309 1275 2347 eo
1293 2289 1375 2348 iacto
1391 2290 1477 2364 magis

425 2415 513 2471 quam
543 2407 755 2468 conterruerat3
785 2417 821 2456 eo
851 2397 945 2454 aerius
975 2398 1092 2454 obstare
1117 2397 1190 2490 legi,
1218 2396 1331 2472 agitare
1360 2397 1479 2472 plebem,

376 2504 556 2563 ltltrrbunos
576 2504 656 2561 velut
675 2505 752 2562 iusto
774 2503 910 2579 persequi
930 2503 1015 2560 bello.
1057 2506 1223 2562 Accusator
1235 2502 1298 2578 pati
1308 2522 1392 2560 reum
1403 2521 1479 2560 ruere
1520 2551 1521 2554 ,

424 2609 598 2684 invidiaque
627 2611 780 2666 flammam·
801 2627 837 2666 ae
869 2609 1019 2666 materiam
1041 2609 1208 2668 criminibus
1228 2609 1288 2666 suis
1314 2627 1481 2684 suggerem

424 2715 531 2790 legem·
546 2715 660 2774 interim
683 2729 744 2792 non
767 2725 827 2772 tam
856 2715 894 2770 ad
920 2733 999 2791 spem
1027 2715 1190 2790 perferendi
1216 2733 1303 2789 quam
1331 2715 1372 2771 ad
1395 2714 1478 2771 laces·

379 2814 411 2869 ll
426 2821 546 2878 sendum
569 2813 696 2879 Ce'souis
716 2821 907 2878 temeritatem
929 2821 1013 2880 ferre.
1055 2821 1102 2880 lbi
1124 2820 1214 2880 multa
1235 2838 1312 2894 stepo
1332 2821 1372 2876 ab
1387 2821 1479 2878 iuven·

426 2935 487 2983 tute
521 2927 681 2986 inconsulte
715 2927 793 2985 dicta
826 2927 963 3003 factaque
988 2928 1020 2984 in
1048 2928 1131 2984 nnius
1158 2925 1286 2984 Caesonis
1318 2935 1479 3002 suspectum

365 3025 555 3090 -12incidunt
574 3032 728 3107 ingenium.
766 3034 888 3091 ‘Tamen
909 3033 967 3108 logi
986 3033 1182 3090 resistebatur.
1223 3033 1263 3090 Et
1277 3035 1315 3093 Α.
1327 3033 1480 3108 Verginius

425 3137 581 3194 identidem
596 3138 687 3213 plebi:
713 3139 846 3213 „Ecquid
868 3139 978 3196 sentitis
1000 3138 1152 3208 iamvos,
1174 3137 1311 3211 Quirites,
1333 3137 1479 3196 Caesonem

378 3239 414 3295 13
426 3242 513 3301 simul
532 3244 624 3326 civem
646 3255 675 3301 et
695 3244 798 3321 legem,
821 3263 908 3318 quam
931 3244 1044 3320 cupitis,
1065 3245 1173 3333 babere
1184 3261 1242 3300 non
1254 3245 1360 3320 posse?
1385 3245 1479 3319 Quan-
1522 3227 1523 3298 ἶ

426 3367 514 3422 qnam
535 3349 605 3422 quid
626 3369 681 3426 ego
701 3352 794 3426 legem
816 3351 940 3425 loquor?
983 3350 1123 3424 Libertpti
1145 3351 1257 3421 obstst3
1283 3370 1386 3410 omnes
1409 3353 1482 3409 Tar·

426 3454 540 3528 quinios
561 3456 697 3536 superbia
717 3467 882 3532 exsuperat.
929 3458 1114 3532 Exspectate,
1136 3456 1204 3514 dum
1226 3459 1327 3514 consul
1350 3469 1405 3516 aut
1426 3458 1479 3514 dic·

425 3568 503 3617 tator
525 3561 585 3631 fiat,
607 3580 692 3636 quem
707 3563 852 3637 privatum
868 3564 977 3622 viribus
992 3573 1021 3620 et
1032 3562 1155 3620 audacia
1164 3573 1333 3637 regnantem
1348 3563 1477 3620 videta*

424 3665 668 3724 assentiebantur
687 3667 783 3739 multi,
811 3669 942 3744 pulsatos
962 3688 995 3726 se
1017 3677 1183 3744 querentes,
1213 3678 1242 3726 et
1267 3669 1415 3726 tribunum
1445 3666 1479 3724 ad

425 3790 486 3827 rem
509 3773 703 3848 peragendam
724 3773 800 3830 ultro
824 3773 992 3835 incitabant.

332 3885 372 3958 12
509 3877 573 3934 Iam
595 3878 697 3936 aderat
713 3879 820 3936 iudicio
840 3879 903 3936 dies
926 3881 1158 3955 apparebatque,
1185 3879 1273 3955 vulgo
1299 3880 1432 3936 homiues
1450 3879 1477 3934 iu

426 3981 611 4040 damnatione
642 3981 770 4042 Cmonis
804 3984 966 4042 libertatem
1003 3985 1051 4058 agi
1081 3982 1206 4041 credere.
1261 3985 1340 4042 Tum
1367 3986 1477 4042 demum

425 4096 542 4146 coactm
571 4105 636 4146 cum
662 4090 753 4146 multa
782 4089 953 4164 indignitate
987 4090 1146 4166 prensabat
1178 4088 1316 4164 singulos.
1373 4089 1477 4164 Sequa·

394 4191 530 4252 ubuntm
550 4194 713 4267 neceesarii,
734 4195 878 4271 principes
889 4195 1021 4255 civitatis.
1069 4195 1106 4255 T.
1124 4194 1274 4268 Quinctius
1289 4193 1481 4270 capitolinus,

425 4300 475 4373 qni
503 4310 549 4356 ter
576 4300 676 4358 consul
704 4301 815 4372 luerat,
841 4319 930 4374 quum
958 4299 1049 4360 multa
1078 4299 1199 4358 referret
1228 4318 1282 4356 sua
1306 4298 1480 4374 familiaque
