3392 5084
487 524 505 579 4
738 518 818 569 Liber
834 517 883 569 vl
918 518 962 583 (A.
975 533 999 567 u.
1011 534 1033 568 c.
1045 518 1206 582 aot-866).

446 706 599 781 cipumque
610 704 771 763 cretionem
782 701 954 761 necessitate
964 703 1066 761 ultima
1079 721 1245 779 expressam
1255 704 1339 761 fleus
1352 702 1475 759 mulierum

446 830 481 869 ac
501 829 668 887 puerorum,
696 810 746 885 qui
767 808 862 875 exsilii
882 808 1002 866 comites
1023 810 1220 878 trahebantur,
1248 810 1410 885 excepisset,
1426 827 1477 882 par·

446 918 511 975 c'ere
534 916 667 975 lamentis
689 914 821 975 Sutrinos
843 914 939 972 iussit:
970 913 1101 972 Etruscis
1130 932 1162 971 se
1182 915 1290 973 luctum
1311 914 1478 987 lacrimasque

414 1021 531 1086 bieme.
573 1020 709 1081 Sarcinas
730 1020 797 1079 inde
819 1020 924 1096 deponi
946 1019 1137 1095 Sutrinosque
1158 1020 1201 1079 ibi
1221 1022 1370 1079 considere
1387 1018 1478 1077 modico
1510 995 1512 1096 l

363 1134 370 1147 “
444 1127 579 1204 praesidio
599 1127 709 1197 relicto,
731 1143 814 1183 arma
834 1143 931 1183 secum
953 1124 1073 1183 militem
1086 1124 1265 1185 ferreiubet.
1307 1124 1478 1201 Itaexpedito

445 1232 572 1291 exercitu
595 1230 742 1308 profectus
764 1230 802 1288 ad
824 1229 962 1302 Sutrium,
989 1231 1021 1289 id
1041 1231 1120 1306 quod
1141 1232 1269 1304 rebatur,
1289 1233 1388 1290 soluta
1405 1231 1480 1287 omnis
1510 1275 1512 1278 .

444 1340 547 1408 rebus,
569 1347 601 1395 ut
620 1338 669 1407 fit,
691 1336 823 1395 secundis
847 1336 973 1407 invenit,
996 1337 1104 1395 nullam
1125 1336 1279 1394 stationem
1301 1348 1372 1394 ante
1390 1332 1479 1399 menia,

443 1452 576 1520 petentes
597 1451 717 1518 portas,
753 1440 893 1500 victorem
922 1462 1030 1519 vagum
1060 1442 1188 1518 predam
1210 1462 1249 1500 ex
1273 1441 1401 1507 hostium
1418 1439 1481 1496 tectis
1510 1486 1512 1491 .

413 1559 617 1625 fiegerentem.
659 1549 768 1605 Iterum
789 1548 878 1623 igitur
899 1549 1001 1606 eodem
1024 1549 1071 1605 die
1082 1548 1211 1607 Sutrium
1230 1549 1362 1625 capitur3
1381 1546 1480 1601 victores

444 1655 561 1714 Etrusci
581 1652 690 1731 passim
711 1654 892 1712 trucidantur
903 1655 941 1712 ab
951 1673 1029 1713 novo
1044 1654 1137 1723 hoste,
1157 1672 1252 1729 neque
1265 1672 1297 1711 se
1312 1649 1482 1728 conglobandi

415 1757 624 1831 7coeundique
644 1759 674 1815 in
695 1778 783 1817 unum
805 1769 857 1818 aut
873 1779 955 1819 arma
976 1759 1111 1836 capiundi
1128 1760 1214 1817 datur
1227 1760 1367 1835 spatium.
1408 1757 1481 1830 mm

444 1880 498 1937 pro
523 1880 554 1919 sc
575 1864 697 1941 quisque
720 1864 870 1923 tenderent
892 1867 930 1923 ad
950 1876 1060 1941 portas,
1087 1866 1113 1923 si
1134 1884 1194 1939 que
1214 1864 1291 1921 forte
1314 1884 1350 1923 se
1369 1866 1398 1922 in
1416 1878 1483 1937 agros

445 1966 547 2027 eiicere
569 1981 696 2044 possent,
719 1971 833 2029 clausas
855 1969 896 2039 (id
917 1970 992 2027 euim
1013 1971 1138 2046 primum
1160 1971 1285 2028 dictator
1298 1971 1483 2045 imperaverat)

412 2084 544 2152 8portas
576 2076 734 2135 inveniunt.
791 2076 866 2133 Inde
892 2076 942 2133 alii
968 2095 1052 2133 arma
1079 2094 1200 2152 capere,
1231 2076 1297 2147 alii,
1334 2094 1406 2152 quos
1427 2074 1485 2131 forte
1510 2131 1512 2134 .

444 2189 572 2239 armatos
594 2182 732 2240 tumultus
760 2191 970 2258 occupaverat,
1004 2200 1167 2240 convocare
1194 2200 1278 2251 suos,
1313 2193 1349 2241 ut
1375 2181 1483 2259 proeliun

442 2286 565 2363 inircnt;
598 2289 677 2365 quod
699 2306 852 2345 accensum
876 2289 914 2344 ab
942 2287 1143 2363 desperatione
1173 2265 1300 2345 hostium
1332 2288 1437 2356 fuisset,
1463 2284 1484 2339 ni

442 2375 589 2470 praecones
610 2414 663 2471 per
683 2395 783 2451 urbem
799 2392 909 2449 dimissi
922 2393 992 2468 poni
1003 2412 1086 2449 erma
1103 2403 1131 2449 et
1146 2393 1228 2469 parci
1239 2393 1347 2452 inermi
1361 2394 1484 2453 iussissent

411 2508 494 2565 ttnec
518 2510 622 2575 praeter
644 2508 772 2557 armatos
803 2517 978 2574 quemquam
1005 2498 1119 2557 violari.
1177 2501 1254 2557 Tum
1284 2501 1378 2558 etiam
1403 2498 1484 2574 quibus

442 2605 531 2665 animi
544 2605 573 2663 in
588 2625 640 2683 spe
655 2605 756 2663 ultima
772 2605 910 2662 obstinati
925 2606 962 2661 ad
980 2604 1184 2663 decertandum
1199 2603 1328 2678 fuerant,
1351 2615 1484 2683 postquam

441 2711 511 2769 date
532 2730 598 2787 spes
626 2712 693 2781 vite
722 2719 780 2781 est,
813 2711 923 2767 iactare
946 2711 1055 2786 passim
1083 2729 1166 2767 arma
1196 2709 1397 2788 inermesque,
1425 2706 1485 2783 quod
1510 2769 1512 2772 ,

392 2825 427 2881 10
440 2818 529 2876 tutius
552 2818 669 2876 fortune
689 2817 812 2890 fecerat,
845 2835 877 2873 se
905 2816 982 2873 hosti
1004 2814 1117 2873 offerre.
1163 2804 1277 2891 Magna
1298 2815 1484 2875 multitudoie

441 2922 587 2980 custodies
609 2923 716 2995 divisa3
751 2923 894 3008 oppidum,
917 2931 983 2979 ante
1005 2932 1120 2979 noctem
1142 2923 1286 2979 redditum
1311 2923 1435 2983 Sutrinis
1451 2921 1483 2976 in·

440 3027 580 3086 violatum
601 3030 802 3106 integrumque
824 3030 862 3087 ab
883 3029 961 3085 omni
982 3029 1064 3085 clade
1078 3028 1155 3099 belli,
1176 3029 1247 3102 quia
1262 3047 1324 3085 non
1337 3031 1368 3086 vi
1380 3037 1483 3105 captant

343 3141 367 3211 11
440 3134 492 3191 sed
524 3136 661 3193 traditum
692 3157 745 3213 per
777 3136 959 3194 condiciones
994 3132 1100 3191 fueret.
1163 3132 1304 3193 Camillus
1343 3136 1375 3193 in
1405 3136 1483 3191 urbem

408 3242 621 3317 2triumphans
643 3243 745 3314 rediit,
777 3244 863 3299 trium
893 3241 979 3298 simul
999 3240 1140 3298 bellorum
1162 3241 1264 3298 victor.
1314 3242 1419 3317 Longe
1436 3238 1483 3314 plu·

437 3349 528 3406 rimes
556 3350 687 3425 captivos
720 3369 757 3407 ex
788 3347 919 3407 Etruscis
949 3354 1015 3404 ante
1042 3366 1157 3405 currum
1180 3346 1280 3420 duxit,
1313 3349 1420 3423 quibus
1444 3344 1486 3401 sub

438 3456 523 3513 hasta
551 3455 722 3512 venundatis
754 3462 866 3511 tantum
888 3454 953 3511 aeris
972 3453 1121 3511 redactum
1149 3461 1207 3523 est,
1244 3461 1295 3524 ut,
1324 3454 1420 3530 pretio
1444 3466 1483 3525 pro
1510 3511 1512 3517 ,

360 3578 362 3583 ·
439 3580 511 3618 auro
532 3561 670 3617 matronis
692 3559 856 3634 persoluto,
877 3578 915 3616 ex
935 3578 985 3627 eo,
1012 3558 1090 3633 quod
1113 3569 1281 3634 supererat,
1310 3568 1374 3617 tres
1395 3568 1484 3635 patera
1510 3535 1512 3542 Ι

407 3672 425 3727 3
439 3685 533 3723 aureae
554 3665 638 3723 factae
660 3664 725 3732 sint,
748 3684 821 3739 quas
842 3682 906 3721 cum
928 3664 1011 3722 titulo
1026 3665 1149 3723 nominis
1164 3663 1282 3753 Camilli
1296 3676 1367 3723 ante
1381 3662 1483 3739 Capito
1510 3701 1512 3706 -

437 3772 506 3829 bum
537 3772 684 3830 incensum
718 3772 750 3828 in
778 3770 860 3828 Iovis
895 3770 969 3828 celle
1005 3781 1119 3830 constat
1154 3781 1222 3829 ante
1257 3771 1351 3847 pedes
1382 3766 1484 3827 Iunonis
1510 3787 1512 3796 ·

436 3878 547 3955 positas
566 3878 664 3937 luisse.

405 3992 423 4046 4
519 3986 566 4044 Εο
581 4004 656 4043 enno
671 3984 701 4041 in
713 3984 859 4043 civitatem
875 3974 994 4058 accepti,
1010 3983 1059 4058 qui
1071 3982 1234 4042 Veientium
1246 3981 1484 4060 Capenatiumque

438 4110 473 4150 ac
484 4092 663 4151 Faliscorum
673 4069 726 4167 pei·
734 4110 768 4147 ea
780 4089 857 4147 bella
867 4089 1083 4165 transfugerant
1092 4090 1130 4147 ad
1138 4091 1300 4163 Romanos,
1315 4087 1483 4168 agerquebis

405 4204 423 4259 b
437 4199 521 4256 nevis
535 4198 644 4255 civibus
657 4196 827 4273 assignatus.
859 4198 1000 4255 Revocati
1016 4215 1132 4272 quoque
1144 4196 1175 4253 in
1188 4197 1289 4254 urbem
1298 4210 1418 4256 senatus
1427 4212 1481 4252 coo·

437 4305 516 4362 sulto
532 4323 550 4361 a
564 4303 655 4373 Veiis,
678 4304 727 4377 qui
742 4302 901 4363 aediticandi
914 4303 1015 4361 Romae
1028 4304 1154 4379 pigritia,
1177 4304 1326 4381 occupatis
1340 4304 1384 4362 ibi
1398 4300 1481 4361 vacuis
