3392 5084
489 516 526 573 86
771 512 850 562 Liber
869 512 929 566 vn.
965 513 1051 577 (mu.
1064 529 1087 566 c.
1100 505 1173 577 41'1.)

447 706 587 775 perpetuo
610 696 749 772 iussuque
769 715 824 754 nos
845 707 1003 773 erepturum
1024 700 1147 769 hostem,
1169 698 1219 773 qui
1239 715 1317 757 nunc
1337 699 1499 774 corporibus

448 805 508 862 suis
539 803 674 861 subiectis
705 803 831 878 undique
853 803 982 875 cinxerit,
1008 813 1040 860 ut
1059 805 1180 874 videtis,
1203 803 1332 862 collem?
1370 803 1501 878 Atquisi

426 927 507 966 ‘nox
528 917 693 984 opportuna
717 918 761 966 est
788 908 945 983 eruptioni,
973 910 1048 968 siout
1075 917 1132 981 ost,
1163 911 1224 968 haec
1251 911 1391 986 prolecto
1419 910 1501 966 noctis

399 1019 431 1074 11
447 1016 597 1091 aptissima
617 1016 690 1072 hora
712 1026 763 1072 est.
812 1014 902 1089 Signo
925 1017 1057 1074 secundae
1085 1015 1192 1092 vigilite
1220 1016 1413 1086 convenistis,
1434 1015 1502 1090 quod

401 1136 403 1149 ¹
448 1129 560 1197 tempus
581 1122 728 1178 mortales-
739 1139 841 1179 somno
868 1121 1008 1179 altissimo
1034 1123 1140 1197 premit
1147 1142 1156 1196 3
1190 1141 1244 1199 per
1265 1141 1399 1198 corpora
1420 1121 1503 1195 sopite

447 1227 569 1297 vadetis,
590 1227 636 1283 vel
659 1226 772 1284 silentio
792 1226 924 1285 incautos
944 1227 1077 1286 fallentes
1098 1228 1146 1285 vel
1167 1227 1363 1284 sentientibus
1386 1226 1503 1284 clamore

401 1334 544 1396 12subito
565 1351 703 1410 pavorem
725 1332 867 1393 iniecturi.
918 1335 968 1390 Me
989 1335 1075 1392 modo
1106 1333 1275 1408 sequimini,
1307 1351 1400 1408 quem
1427 1332 1503 1389 secuti

449 1439 531 1508 estis3
553 1457 607 1514 ego
628 1438 759 1507 eundem,
783 1457 847 1512 quae
868 1440 950 1496 duxit
970 1441 1035 1511 huc,
1057 1458 1163 1514 sequar
1184 1439 1349 1496 fomunam.
1405 1439 1503 1512 Quibus

449 1545 511 1602 haeo
531 1545 671 1602 salutaria
690 1535 832 1614 videntur,
855 1545 1023 1620 agitedum,
1043 1547 1073 1604 in
1096 1547 1227 1604 dextram
1249 1555 1372 1621 portem
1396 1545 1504 1621 pedibus

355 1649 400 1718 3ss
450 1649 599 1708 transite.“
655 1650 764 1709 Omnes
794 1651 984 1723 transierunt,
1017 1654 1228 1726 vadentemque
1259 1671 1317 1726 per
1352 1652 1505 1708 intermissu

420 1756 589 1817 2custodiis
609 1756 674 1812 loca
695 1755 817 1814 Decium
839 1758 929 1814 secuti
950 1768 1024 1819 sunt.
1073 1761 1137 1817 Iam
1159 1768 1320 1815 evaserant
1348 1757 1448 1814 modia
1466 1776 1504 1813 cs·

450 1873 521 1931 stra,
543 1881 630 1936 quum
652 1863 880 1937 superscandens
902 1864 1022 1939 vigilum
1044 1874 1135 1922 strata
1154 1881 1258 1920 somno
1281 1881 1417 1938 corpore
1438 1863 1506 1918 miles

450 1966 562 2024 offenso
598 1977 679 2025 scuto
718 1968 839 2043 praebuit
876 1970 1014 2039 sonitum3
1047 1988 1105 2045 quo
1135 1969 1278 2026 excitatus
1310 1969 1392 2045 vigil
1431 1989 1505 2044 quun

449 2074 614 2149 proximum
636 2073 774 2130 movisset
796 2074 939 2148 erectique
968 2075 1041 2131 alios
1069 2073 1260 2142 concitarent,
1289 2073 1409 2150 ignari,
1442 2076 1506 2131 cives

450 2198 489 2236 an
509 2181 607 2236 hostes
628 2190 737 2250 essent,
763 2179 926 2254 praesidium
950 2189 1112 2256 erumperet
1142 2199 1179 2236 an
1207 2181 1310 2238 consul
1342 2191 1446 2239 castra
1470 2201 1506 2237 ce·

421 2286 548 2361 3pisset,
575 2285 697 2354 Decius,
720 2285 856 2361 quoniam
878 2305 936 2342 uon
957 2285 1098 2358 fallerent,
1120 2286 1277 2344 clamorem
1301 2287 1415 2344 tollere
1434 2285 1507 2343 iussis

450 2392 596 2463 militibus,
618 2392 747 2467 torpidos
768 2410 870 2447 somno
892 2391 1008 2468 insuper
1030 2411 1140 2469 pavore
1162 2392 1328 2463 exanimat,
1358 2410 1423 2466 quo
1444 2409 1508 2466 prtu-

450 2499 540 2574 pediti
569 2517 622 2556 nec
650 2517 733 2554 orma
763 2497 886 2572 impigre
919 2516 1022 2573 cepere
1054 2517 1108 2555 nec
1140 2498 1281 2555 obsistere
1314 2517 1375 2556 nec
1404 2493 1508 2570 insequi

419 2607 593 2681 lpoterant.
640 2605 721 2660 Inter
750 2603 969 2677 trepidationem
996 2604 1208 2678 tumultumque
1232 2603 1418 2663 Samnitium
1446 2619 1508 2678 pra·

437 2711 554 2816 ¹'sidium
576 2713 750 2779 Romanum,
780 2708 875 2766 obviis
903 2709 1069 2767 custodibus
1091 2711 1181 2781 cesis,
1204 2711 1242 2767 ad
1264 2720 1368 2768 eastra
1390 2707 1507 2768 consulis

449 2816 591 2893 perquit.

421 2922 438 2976 5
532 2919 723 2993 Aliquantum
747 2928 897 2995 supererat
917 2921 1025 2990 noctis,
1045 2921 1162 2996 iamque
1192 2921 1223 2978 in
1249 2929 1315 2978 tuto
1336 2921 1506 2978 videbantur

451 3043 531 3095 esse,
558 3044 646 3100 quum
672 3026 780 3083 Decius
809 3027 925 3097 „Macte
944 3027 1068 3084 virtut-e“
1093 3027 1202 3102 inquit,
1226 3027 1354 3096 „milites
1378 3025 1505 3092 Romani,

450 3142 520 3190 este.
563 3132 699 3188 Vestrum
721 3132 777 3188 iter
798 3150 833 3189 ac
853 3132 976 3190 reditum
999 3133 1096 3190 omnia
1117 3133 1223 3190 saecule
1243 3133 1385 3190 laudibus
1409 3132 1525 3198 serenat

421 3238 501 3296 dsed
523 3238 561 3296 ad
582 3237 813 3311 conspiciendam
834 3245 945 3296 tantam
973 3239 1108 3296 virtutem
1135 3239 1200 3296 luce
1221 3257 1256 3296 ec
1285 3239 1333 3297 die
1361 3257 1442 3315 opus
1461 3245 1506 3304 est,

449 3363 503 3402 nec
523 3363 576 3402 vos
597 3344 676 3419 digni
700 3344 778 3415 estis,
799 3361 952 3419 quoscum
979 3353 1058 3401 tanta
1087 3345 1181 3420 gloria
1207 3346 1237 3401 in
1268 3355 1369 3402 castra
1393 3345 1505 3402 reduces

420 3451 591 3507 lsilentium
613 3468 649 3506 ac
670 3469 730 3506 uox
751 3458 838 3525 teget.
877 3448 934 3507 llic
949 3449 1041 3507 lucem
1065 3447 1153 3525 quieti
1174 3451 1392 3526 opperiemur.“
1443 3449 1524 3507 Dic-1

448 3556 487 3612 tis
508 3557 736 3630 obtemperatum
744 3573 753 3629 ;
782 3566 871 3630 utque
891 3555 940 3613 nbi
961 3557 1085 3632 primum
1106 3557 1209 3627 illuxit,
1230 3557 1385 3632 praemisso
1412 3555 1524 3612 nuntios

450 3661 671 3731 adcumulem,
702 3669 799 3718 castre
825 3662 935 3737 ingenti
960 3663 1067 3737 gaudio
1097 3663 1287 3733 concitentur,
1322 3671 1364 3733 et,
1401 3671 1501 3719 tessere

450 3768 534 3836 duta,
564 3766 721 3824 incolumes
742 3766 861 3834 reverti,
889 3767 1013 3841 quisue
1036 3787 1159 3844 corpora
1184 3785 1239 3843 pro
1261 3767 1357 3824 saluto
1379 3766 1500 3824 omniun
1522 3797 1523 3806 κ

450 3873 528 3930 haud
549 3873 637 3930 dubio
659 3872 785 3947 periculo
807 3871 987 3945 obiecissent,
1010 3893 1064 3950 pro
1086 3871 1261 3946 aequisque
1284 3872 1404 3929 obviem
1428 3865 1499 3928 effusi
1522 3901 1523 3922 t

450 3979 585 4050 laudent,
614 3979 808 4054 gratulentur,
844 3977 971 4053 singulos
1006 3980 1214 4052 universosque
1243 3987 1411 4035 servatores
1441 3991 1498 4032 suos
1522 3995 1523 4046 t

449 4096 564 4153 vocent,
585 4085 639 4140 diis
660 4083 760 4140 laudes
784 4091 939 4158 grotesque
960 4093 1058 4159 agunt,
1082 4083 1203 4141 Decium
1225 4083 1255 4140 in
1278 4084 1377 4140 celum
1402 4083 1496 4141 serunt.

420 4188 507 4248 8Hic
537 4189 621 4247 Decii
652 4189 805 4246 castrensis
839 4188 1000 4264 triumphus
1031 4187 1100 4257 fuit,
1131 4187 1291 4245 incedentis
1322 4208 1376 4264 per
1410 4186 1495 4244 medis

448 4303 546 4350 outre
566 4311 630 4351 oum
652 4304 765 4351 armato
784 4293 934 4368 presidio,
958 4293 1093 4352 coniectis
1114 4293 1144 4349 in
1168 4311 1233 4351 eum
1255 4293 1384 4352 omnium
1405 4291 1492 4351 oculis
1521 4313 1522 4318 ¹
