3392 5084
341 2407 363 2475 3

478 554 534 614 tat
649 513 665 528 ’
766 549 845 600 niso
862 549 912 600 ιν.
948 548 996 612 (a.
1010 561 1037 598 n.
1050 563 1072 599 c.
1085 551 1158 606 acc.)

432 734 564 792 tribunos
575 733 669 810 plebis
683 741 711 792 et
724 741 824 809 patres
839 751 919 803 esse;
940 740 992 792 snt
1007 734 1085 791 hunc
1098 732 1230 793 ordinem
1244 738 1296 788 aut
1309 730 1391 788 illum
1404 728 1479 802 megi-

434 848 556 908 stratum
571 838 730 897 tollendum
745 857 817 910 esse,
835 839 992 916 potiusque
1012 856 1078 896 sero
1100 855 1189 912 quam
1208 855 1360 911 nunquam
1380 835 1479 893 obviam

384 949 420 1006 12
435 945 559 1004 eundum
582 938 711 1002 audaciae
739 944 961 1019 temeritatique.
1013 944 1098 1002 llliue
1126 952 1159 1001 nt
1182 943 1301 1018 impune
1321 942 1415 1018 primo
1434 941 1480 996 dis-

435 1049 550 1108 cordias
573 1057 701 1108 serentes
730 1049 1018 1114 concitent.linitima
1038 1049 1130 1119 bella,
1159 1048 1263 1106 deinde
1284 1049 1424 1106 adversus
1446 1065 1481 1118 et,

436 1173 500 1229 quse
521 1153 740 1225 concitaverint,
762 1156 872 1214 armari
893 1155 1042 1213 civitatem
1062 1153 1236 1229 defendique
1256 1152 1437 1229 prohibeant,
1454 1160 1502 1240 et,¹

436 1278 523 1333 quum
545 1261 645 1318 hostes
664 1269 777 1318 tantum
800 1280 860 1319 non
881 1261 1074 1329 arcessierint,
1103 1259 1247 1316 exercitus
1276 1258 1419 1316 conscribi
1444 1257 1481 1313 ad·

386 1367 421 1422 13
435 1383 537 1422 versus
564 1366 663 1422 hostes
685 1384 744 1424 non
764 1367 929 1442 patientur,
959 1365 1010 1422 sed
1040 1364 1148 1423 audeat
1168 1361 1326 1422 Canuleius
1348 1364 1380 1420 in
1399 1371 1482 1419 senatu

434 1470 586 1545 proloqui,
616 1487 663 1540 se,
691 1470 748 1528 nisi
779 1489 848 1529 sues
872 1471 952 1545 leges
982 1477 1123 1544 tanquam
1145 1468 1263 1526 victoris
1288 1477 1390 1544 patres
1410 1468 1484 1540 acdpi

436 1575 547 1646 sinam,
575 1575 716 1632 delectum
740 1577 842 1636 haberi
863 1574 1097 1652 prohibiturum?
1126 1574 1206 1648 Quid
1225 1592 1288 1631 esse
1311 1574 1395 1632 aliud
1413 1591 1484 1648 quau

436 1680 549 1751 minari,
572 1697 604 1737 se
631 1680 814 1754 proditurum
834 1683 977 1758 patriam,
1010 1680 1174 1756 oppugnari
1199 1688 1289 1754 atque
1310 1681 1379 1755 capi
1400 1697 1484 1755 pessu-

437 1783 523 1842 rum?
555 1784 634 1857 Quid
666 1803 730 1842 eam
753 1804 857 1844 vocem
879 1787 1053 1857 animorum,
1084 1805 1144 1844 non
1166 1786 1246 1861 plebi
1267 1787 1426 1855 Romanae,
1448 1783 1486 1840 sed

296 1892 300 1906 '
388 1892 424 1946 14
437 1889 554 1947 Volscis
586 1899 616 1946 et
633 1891 742 1964 AEquis
773 1899 802 1948 et
822 1893 995 1950 Veientibus
1026 1890 1202 1950 allaturam?
1232 1892 1345 1948 Nonne
1366 1889 1486 1949 Canuleio

438 1995 511 2052 duce
540 1981 572 2052 s⁶e
600 2005 768 2070 speraturos
790 1995 967 2073 Capitolium
996 2006 1084 2072 atque
1111 2017 1209 2056 arcem
1230 1997 1373 2055 scandere
1399 1991 1487 2070 posse?

437 2100 479 2158 Ni
506 2101 639 2176 patribus
668 2101 775 2159 tribuni
809 2120 874 2160 cum
904 2105 967 2160 iure
994 2121 1029 2160 cc
1058 2103 1210 2160 maiestate
1231 2102 1372 2176 adempta
1393 2101 1488 2157 animos

439 2206 526 2264 etiem
549 2207 722 2284 eripuerint,
754 2207 887 2264 consules
915 2216 1036 2282 paratos
1065 2226 1129 2266 esse
1150 2209 1239 2266 duces
1260 2208 1344 2282 prius
1367 2206 1488 2263 adversus
1520 2230 1522 2233 ·

438 2312 532 2370 scelus
553 2311 660 2370 civium
682 2321 770 2387 quam
794 2312 934 2370 adversus
956 2314 1083 2372 hostiurn
1106 2331 1198 2370 arnae.

523 2416 619 2490 Quum
642 2418 769 2476 maxime
798 2420 860 2476 haee
888 2420 918 2476 in
946 2428 1049 2476 senatu
1073 2425 1242 2495 agerentur,
1272 2415 1429 2474 Canuleius
1447 2429 1488 2488 pro

406 2517 550 2596 ilegibus
579 2521 638 2577 suis
668 2532 696 2580 et
724 2524 865 2582 adversus
887 2524 1020 2582 consules
1047 2524 1090 2581 ita
1116 2522 1264 2580 disseruit:
1297 2521 1488 2595 „Quantopere

408 2661 413 2671 ι
437 2645 507 2697 vos,
538 2625 676 2699 Quirites,
702 2635 918 2686 contemnerent
947 2639 1055 2705 patres,
1085 2648 1173 2705 quam
1201 2627 1338 2700 indignos
1360 2628 1489 2685 ducerent.

439 2732 489 2807 qui
509 2750 568 2788 uua
588 2749 685 2788 secum
707 2720 780 2789 urbe
802 2733 880 2792 intra
905 2735 1007 2792 eadem
1029 2734 1137 2794 moenia
1159 2733 1306 2804 viveretis,
1325 2749 1408 2806 saepe
1426 2727 1489 2802 equi·
1520 2770 1522 2774 ,

439 2838 506 2894 dem
530 2845 559 2894 et
573 2845 641 2894 ente
655 2836 757 2894 videor
778 2837 1029 2910 animadvertisse,
1050 2858 1126 2898 nuno
1147 2848 1246 2896 tamen
1268 2838 1407 2908 maxime,
1428 2832 1491 2908 quod

408 2941 514 2998 dedeo
545 2951 658 2999 atroces
686 2942 716 2999 in
737 2943 795 3000 'has
824 2945 993 3020 rogationes
1023 2954 1139 3005 nostras
1166 2943 1261 3002 coorti
1290 2951 1374 3015 sunt,
1403 2939 1491 3016 quibus
1520 2970 1522 3005 t

440 3047 510 3120 quid
532 3047 611 3104 aliud
634 3064 721 3122 quam
737 3047 937 3119 admonemus,
959 3050 1038 3108 cives
1057 3069 1112 3108 nos
1134 3068 1235 3108 eorum
1258 3067 1323 3106 esse
1344 3056 1384 3118 et,
1404 3047 1428 3104 si
1445 3061 1491 3100 nou
1520 3066 1521 3143 Ξ

322 3170 341 3196 -·
408 3153 556 3210 teasdem
578 3171 650 3228 opes
671 3143 789 3224 habere,
816 3152 939 3212 eundem
960 3162 1059 3212 tamen
1080 3155 1205 3230 patriam
1227 3152 1378 3213 incolere?
1402 3152 1491 3210 Altera

439 3257 615 3336 connubium
636 3258 771 3333 petimus,
793 3259 873 3332 quod
894 3259 1022 3316 finitimis
1044 3261 1230 3335 externisque
1250 3260 1317 3317 dari
1338 3259 1427 3328 solet3
1449 3271 1492 3310 ποθ

440 3362 557 3437 quidem
571 3363 728 3435 civitatem,
744 3381 809 3439 qua
822 3365 888 3440 plus
904 3383 991 3438 quem
1007 3367 1181 3426 connubium
1196 3375 1249 3438 est,
1271 3364 1407 3422 hostibus
1419 3362 1492 3420 etiam

409 3467 425 3520 5
439 3467 523 3524 victis
539 3467 684 3538 dedimus;
699 3468 792 3526 altera
806 3469 877 3526 nibil
891 3469 961 3526 novi
975 3468 1104 3542 ferimus,
1126 3472 1179 3529 sed
1192 3471 1232 3541 id,
1248 3470 1329 3544 quod
1337 3468 1437 3545 populi
1450 3476 1491 3522 ett-

439 3572 597 3647 repetimus
613 3580 701 3647 atque
722 3590 907 3648 usurpamus,
928 3584 969 3646 ut,
994 3575 1100 3650 quibus
1114 3577 1193 3648 velit,
1215 3575 1491 3651 populus,Rommus

409 3677 426 3734 6
440 3679 565 3734 honores
580 3676 706 3734 mandet.
736 3677 814 3751 Quid
828 3679 948 3736 tandem
962 3688 1017 3751 est,
1031 3698 1083 3738 eur
1094 3681 1194 3738 οωῑιιω
1206 3699 1242 3739 ae
1252 3689 1347 3737 terras
1358 3679 1492 3739 miscam

440 3782 540 3840 curin
561 3803 608 3840 me
628 3783 753 3858 impetus
775 3783 864 3840 modo
879 3801 961 3858 pane
983 3783 1014 3840 in
1037 3795 1139 3843 senatu
1162 3787 1200 3843 sit
1219 3784 1326 3856 iactus,
1347 3790 1491 3860 negentne

440 3887 574 3946 manibus
596 3896 819 3965 temperaturos,
843 3888 1063 3964 violaturosque
1092 3890 1261 3961 denuntient
1288 3895 1491 3949 sacrosanctem

410 3993 633 4067 tpctestetem?
655 3993 688 4052 Si
707 3993 817 4068 populo
838 3995 975 4052 Romano
998 3994 1123 4054 liberum
1143 3994 1317 4072 suffragium
1339 3996 1438 4060 detur,
1459 3997 1492 4053 ut

441 4098 545 4173 quibus
566 4100 651 4170 velit,
673 4097 856 4156 consulatum
877 4100 1010 4170 mandet,
1038 4108 1068 4158 et
1090 4119 1151 4158 non
1169 4101 1337 4176 praeciditur
1356 4116 1423 4175 spes
1441 4093 1491 4171 ple·

439 4202 506 4260 baio
528 4221 654 4278 quoque,
676 4203 702 4260 si
723 4203 827 4278 diguus
848 4222 962 4264 summo
985 4206 1099 4263 honore
1126 4205 1196 4277 erit,
1225 4203 1374 4282 apiscendi
1399 4196 1492 4262 sunni
1520 4266 1522 4277 Ι

439 4307 574 4377 honoris,
602 4315 681 4366 stare
701 4308 772 4366 urbs
792 4309 855 4368 hec
875 4327 935 4367 non
955 4308 1083 4385 poterit?
1111 4311 1149 4370 de
1167 4311 1292 4388 imperio
1323 4318 1418 4369 aotnm
1438 4300 1491 4362 est?
1520 4285 1522 4349 l
