3392 5084
488 528 567 579 niter
584 529 620 582 11.
658 530 706 594 (Δ.
726 529 953 591 ch.tse-ta1.)
1173 537 1213 594 95

222 710 378 784 redemptus?
422 711 527 787 Egone
556 714 611 771 lias
635 713 823 789 indignitates
846 715 953 774 diutius
975 717 1072 792 patior
1097 734 1185 792 qnam
1205 735 1256 775 ne·
1271 722 1307 777 10

222 833 284 872 cesse
295 815 354 872 est?
390 817 584 891 Tarquinium
599 837 698 894 regem
711 821 831 895 quinon
844 821 969 892 tulerim,
988 821 1127 882 Sicinium
1143 820 1256 880 imam?

221 919 322 978 Secedat
342 940 433 991 nnne3
465 931 570 980 avocet
589 923 718 998 plebem3
751 933 833 999 putet
862 926 962 984 visin
991 945 1105 985 sacrum
1128 935 1255 984 montem

219 1025 326 1099 abosqne
345 1026 449 1095 celles3
470 1028 587 1101 rapiant
607 1028 755 1088 frumenta
775 1049 814 1088 ex
833 1031 913 1104 agris
929 1031 1045 1102 nostris,
1067 1031 1256 1106 quemadmo-

218 1128 269 1184 dum
288 1129 613 1213 tortiolannorapnere.
661 1135 811 1192 Fruamur
831 1154 958 1213 annona,
974 1153 1061 1210 qnam
1083 1134 1182 1193 lurore
1203 1153 1257 1194 sno

217 1231 308 1290 fecere*
339 1234 447 1292 Audeo
468 1236 574 1307 dicere,
595 1239 653 1295 hoe
673 1238 752 1296 malo
773 1240 900 1298 domitos
921 1241 1001 1316 ipsos
1023 1240 1119 1316 potius
1132 1240 1257 1300 cultores
1273 1245 1307 1300 ll

216 1354 330 1410 agrorum
351 1338 427 1410 fore,
447 1359 536 1417 quam
550 1353 583 1400 ut
593 1345 700 1402 armati
711 1364 765 1420 per
778 1345 972 1404 secoesionem
987 1345 1255 1420 ccliprohibeant.“

215 1443 286 1500 Haud
305 1453 364 1502 tam
387 1444 474 1504 facila
495 1448 649 1533 diotulest,
672 1450 877 1507 faciendumne
897 1448 994 1520 fuerit,
1020 1469 1107 1525 qnam
1127 1450 1258 1525 potuisse
1274 1453 1309 1510 12

214 1548 320 1607 arbitror
338 1552 412 1621 fieri,
433 1561 467 1608 ut
489 1554 706 1613 condicionibus
727 1555 848 1612 luendi
869 1573 1015 1612 annonam
1030 1563 1060 1613 et
1075 1553 1257 1612 tribuniciam

214 1661 365 1724 potestatam
387 1665 417 1714 et
437 1658 537 1716 omnia
556 1659 656 1718 invitis
676 1661 743 1719 iura
761 1660 900 1736 imposita
917 1669 1017 1736 patres
1032 1661 1181 1718 demerent
1194 1658 1257 1716 sibi.

214 1756 244 1812 Et
260 1763 365 1818 senatui
387 1763 473 1819 nimis
494 1772 582 1839 atrox
602 1765 667 1822 visa
688 1764 832 1822 sententia
846 1775 891 1822 est
912 1773 941 1822 et
963 1764 1077 1840 plebem
1098 1764 1145 1822 ira
1167 1782 1259 1840 prope
1307 1761 1352 1831 85

214 1865 328 1926 ornavit.
372 1867 465 1924 Fame
486 1887 518 1926 se
537 1870 597 1927 inm
620 1870 695 1928 sicut
717 1871 817 1926 hostes
837 1869 913 1944 peti,
936 1869 1001 1926 cibo
1022 1870 1159 1945 victuque
1179 1868 1259 1926 frau-

214 1967 278 2038 dari;
304 1971 488 2050 peregrinum
509 1972 701 2046 frumentum,
723 1994 788 2050 quse
807 1974 872 2032 sole
894 1973 1032 2032 alimenta
1053 1994 1091 2032 ex
1111 1975 1260 2051 insperato

213 2071 312 2132 fortuna
331 2076 459 2150 dederit,
487 2081 525 2136 ab
561 2100 612 2138 ore
640 2081 720 2156 rapi,
752 2080 809 2138 nisi
828 2077 882 2137 Cn.
904 2079 1018 2136 Marcio
1040 2080 1130 2138 vincti
1151 2080 1259 2138 dedan·

214 2185 250 2234 tur
266 2180 386 2252 tribuni,
416 2183 473 2240 nisi
500 2185 538 2242 de
564 2195 647 2261 tergo
669 2184 762 2260 plebis
783 2186 925 2244 Romenae
949 2185 1085 2254 sadsfiat3
1116 2203 1181 2242 eum
1204 2183 1260 2242 sibi

213 2286 355 2343 carnificem
378 2307 489 2346 novum
512 2300 661 2362 exortum,
693 2291 745 2366 qni
771 2299 822 2348 aut
848 2290 923 2348 mori
951 2297 1002 2346 aut
1022 2288 1131 2346 servire
1151 2288 1260 2345 iubeat

214 2388 242 2444 In
260 2402 405 2451 exeuntem
424 2413 441 2451 e
463 2396 546 2454 cusia
574 2396 701 2472 impetus
732 2396 828 2454 factus
863 2403 948 2464 esset,
982 2394 1012 2451 ni
1044 2399 1290 2469 pei-opportunos

217 2495 304 2553 tribuni
331 2499 407 2571 diem
440 2500 592 2562 dixissent.
635 2501 683 2559 lbi
713 2501 759 2558 ira
791 2512 837 2558 est
867 2517 1041 2576 suppressa3
1073 2515 1105 2554 se
1134 2496 1259 2556 iudicem

216 2601 332 2676 quisque,
362 2621 396 2660 se
426 2606 575 2664 dominnm
604 2606 673 2664 vitre
699 2607 837 2680 necisque
866 2604 974 2661 inimici
999 2604 1109 2662 fectum
1132 2602 1259 2662 videbat.

218 2702 391 2784 unemptim
412 2710 508 2786 primo
529 2712 659 2770 Marcius
680 2710 820 2768 audiebat
832 2709 927 2766 minas
944 2709 1127 2768 tribunicias:
1150 2706 1290 2782 auxilii,3

219 2827 262 2867 uon
278 2832 377 2888 poenoe
397 2816 443 2873 ius
473 2816 573 2874 datum
601 2817 644 2875 illi
675 2815 828 2892 potestati,
857 2813 1023 2889 plebisque,
1053 2833 1113 2872 non
1142 2823 1259 2889 patrum

218 2915 327 2976 bubones
349 2938 424 2978 esse.
472 2919 532 2979 Sed
553 2921 628 2978 odeo
651 2920 768 2979 infensa
788 2928 853 2978 crat
872 2928 974 2978 coorta
995 2920 1093 2995 plebs,
1121 2928 1153 2976 ut
1177 2920 1260 2978 unius

216 3036 291 3091 poena
308 3023 524 3100 defungendum
546 3034 624 3084 esset
641 3026 784 3102 patribus.
826 3025 1007 3084 Restiterunt
1023 3034 1122 3083 tamen
1136 3026 1292 3089 adversat

216 3121 317 3201 invidia,
349 3130 454 3204 nsiqne
480 3140 548 3188 sunt
570 3149 630 3205 qua
651 3132 711 3188 suis
734 3131 867 3205 quisque,
889 3149 949 3204 qna
969 3131 1058 3199 totius
1087 3130 1197 3188 ordinis
1217 3130 1262 3186 vi-

216 3229 286 3290 ubus.
330 3236 379 3293 Ae
410 3237 506 3312 primo
541 3244 652 3294 tentata
681 3253 729 3293 ras
759 3243 818 3303 est,
851 3236 891 3306 si,
923 3235 1072 3311 dispositis
1100 3234 1262 3304 clientibus,
1298 3287 1300 3290 .

216 3335 386 3398 absterrendo
416 3341 547 3417 singulos
575 3361 594 3398 a
621 3340 796 3398 coitionibus
824 3339 1010 3414 consiliisque
1039 3340 1171 3398 disiicere
1200 3357 1262 3396 rem

216 3454 323 3513 possent.
364 3446 505 3506 Universi
515 3447 620 3505 deinde
630 3455 801 3521 processere
812 3445 964 3520 (quicquid
976 3453 1039 3502 erat
1048 3455 1175 3521 patrum,
1196 3461 1263 3502 reos
1276 3455 1293 3510 5

217 3545 319 3626 dicerem
339 3553 476 3628 precibus
497 3552 611 3627 plebem
636 3560 836 3628 exposcentes,
858 3569 946 3608 unum
973 3549 1030 3608 sibi
1051 3551 1153 3624 civem,
1174 3570 1262 3610 unum

217 3664 371 3735 teneuram,
391 3657 419 3714 si
438 3657 622 3715 innocentem
642 3657 799 3716 absolvere
818 3656 944 3726 nollent,
976 3675 1031 3731 pro
1059 3667 1182 3716 nocente
1209 3658 1262 3714 do·
1304 3706 1307 3718 Λ

216 3769 310 3822 nuent
355 3763 426 3838 Ipse
438 3781 527 3836 quum
543 3761 591 3819 die
605 3762 684 3820 dicta
697 3781 757 3820 non
779 3763 903 3833 adesset,
926 3771 1145 3837 perseveratum
1167 3763 1197 3820 iu
1218 3761 1293 3826 irass

217 3873 257 3924 est.
293 3868 459 3925 Damnatus
480 3867 587 3924 absens
607 3867 638 3924 in
663 3867 789 3926 Volscos
811 3867 976 3925 exsulatum
1008 3866 1096 3938 abiit,
1127 3866 1263 3924 minitans

214 3969 297 4039 patria
316 3972 494 4046 hostilesque
513 3973 573 4030 iam
594 3979 659 4030 tnm
681 3972 800 4048 spiritus
820 3991 934 4048 gerens.

280 4076 451 4135 Venientem
472 4077 575 4136 Volsci
595 4077 722 4152 benigne
745 4095 897 4153 excepere,
919 4075 1129 4152 benigniusque
1149 4076 1180 4132 in
1203 4075 1264 4134 dies

217 4178 342 4254 colebant,
376 4201 436 4258 qno
458 4183 554 4239 maior
573 4181 620 4240 ira
640 4183 671 4240 in
692 4200 762 4240 suos
795 4183 956 4252 eminebat,
993 4182 1158 4254 crebreque
1190 4198 1265 4238 nunc

218 4287 329 4359 querele,
348 4305 425 4346 nuuc
452 4287 538 4344 mine
557 4286 803 4363 percipiebantur.
846 4286 985 4362 Hospitio
1019 4285 1156 4343 utebatur
1188 4284 1293 4343 Attii‘l
