3392 5084
499 502 626 557 nster.
662 502 953 568 (nouem-sn.)
1123 545 1141 582 „
1161 508 1222 565 ass
1287 464 1292 471 ¹

197 686 249 745 rios
266 685 450 745 Medullinus
478 686 647 763 septimum,
675 688 814 765 Agrippa
833 688 953 758 Furios,
982 686 1017 747 C.
1032 687 1180 748 AEmilius
1209 690 1263 749 im-

197 811 261 849 rum.
306 792 359 852 Ex
380 791 429 849 his
451 794 486 851 L.
507 794 644 853 Lucretio
667 800 696 849 et
717 790 751 852 O.
772 792 898 851 AEmilio
922 794 1122 853 Vulsinienses
1142 796 1293 871 provin-2

198 898 236 953 aia
255 896 364 969 evenit,
387 896 555 971 Salpinates
576 898 718 975 Agrippa
741 898 833 957 Furio
857 909 886 957 et
906 898 970 958 Ser.
991 899 1133 976 Sulpicio.
1176 901 1264 962 Prius

197 1022 252 1061 oum
277 1002 519 1061 Volsiniensibus
545 1015 707 1078 pugnatum
734 1014 788 1064 est.
837 1004 953 1063 Bellum
983 1022 1104 1062 numero
1135 1005 1293 1067 hostium3

195 1108 299 1183 ingens,
336 1107 499 1166 certamine
526 1109 606 1166 haud
637 1127 708 1167 sane
737 1128 873 1185 asperum
902 1108 967 1167 fnit.
1012 1112 1094 1170 Fusa
1120 1128 1264 1169 ooncursn

196 1215 278 1289 primo
312 1214 413 1281 acies;
446 1214 478 1271 in
506 1214 579 1291 fuga
610 1214 702 1272 millia
734 1225 800 1273 octo
836 1225 1017 1303 armatorum
1046 1218 1085 1277 ab
1116 1217 1264 1293 equitibus

195 1318 361 1391 interclusa,
391 1320 502 1396 positis·
517 1321 614 1391 armis,
643 1322 674 1379 in
695 1321 872 1379 deditionem
894 1331 1044 1382 venerunt.
1092 1322 1166 1383 Eius
1194 1321 1293 1382 bellis

196 1425 266 1483 fama
286 1425 405 1495 effecit,
433 1446 470 1483 ne
488 1410 523 1483 se
546 1445 652 1503 pugne
674 1426 888 1485 committerent
911 1428 1090 1513 Salpinates3
1119 1427 1263 1486 moenibus

196 1531 348 1591 aracusa
370 1533 550 1591 tutabantur.
593 1532 720 1591 Romani
739 1531 855 1607 praedas
875 1534 986 1608 passim
1007 1545 1096 1591 etex
1116 1532 1262 1607 Salpinati

196 1654 256 1709 agro
278 1646 308 1693 st
332 1656 375 1695 ex
397 1637 585 1708 Volsiniensi,
605 1636 685 1695 nullo
707 1656 772 1695 eam
795 1637 855 1695 vim
869 1650 995 1709 moesta
1017 1648 1147 1715 agarum,
1168 1638 1290 1697 donesb

195 1739 429 1801 Vulsiniensibns
451 1742 536 1801 fessis
561 1744 637 1801 bello
669 1762 705 1803 ea
734 1744 917 1812 condicione,
947 1754 980 1801 ut
1000 1763 1048 1802 res
1068 1743 1177 1820 populo
1199 1745 1260 1802 Ro·

195 1865 270 1904 mano
290 1847 455 1907 redderent
476 1848 708 1924 stipendiumque
729 1849 791 1907 eius
819 1849 888 1907 anni
914 1848 1055 1907 exercitui
1080 1858 1262 1925 prestarent,

194 1950 218 2007 in
237 1952 343 2029 viginti
373 1971 466 2011 annos
487 1953 606 2011 indutiae
626 1954 711 2015 datas.

266 2059 389 2117 Eodem
412 2077 489 2115 anno
510 2059 552 2117 ld
575 2057 718 2119 Caedicius
739 2059 775 2117 de
796 2059 882 2136 plebe
902 2060 1047 2120 nuntiavit
1070 2058 1208 2128 tribunis,
1228 2064 1292 2120 sei

192 2163 313 2224 innova
336 2165 400 2234 vie,
422 2164 472 2221 ubi
493 2183 570 2221 nunc
593 2164 731 2223 sacellum
760 2173 804 2223 est
823 2184 916 2242 supra
944 2166 1035 2226 edens
1064 2165 1179 2234 Vestae,
1208 2182 1261 2222 vo·

193 2287 245 2327 oen
266 2271 369 2329 noetis
391 2269 505 2327 silentio
527 2266 646 2327 audisse
667 2270 822 2329 clariorem
843 2272 988 2341 humana,
1001 2270 1004 2273 ’
1018 2289 1083 2346 quse
1104 2269 1261 2345 magistra·

193 2376 259 2433 tibus
281 2376 344 2435 diei
369 2376 491 2445 iuberet,
513 2372 617 2449 Gallos
639 2372 809 2434 adventare.
856 2377 904 2445 Id,
923 2389 955 2436 ut
974 2378 1016 2448 fit,
1043 2385 1163 2452 propter
1192 2381 1290 2433 auc-l
1408 2419 1412 2424 -

194 2482 254 2537 toris
282 2480 486 2539 humilitatem
516 2458 646 2553 spretum
676 2488 705 2537 et
729 2481 807 2554 quod
829 2482 991 2558 longinqua
1012 2498 1107 2555 eoque
1134 2478 1262 2555 ignotior

194 2604 253 2661 gens
273 2597 352 2645 erat.
403 2586 509 2677 Neque
530 2584 651 2642 deorum
673 2584 762 2643 modo
791 2587 902 2645 monita
921 2588 1074 2664 ingruente
1095 2585 1158 2644 fato
1179 2603 1261 2661 spre-

193 2703 231 2764 ta,
257 2694 312 2751 sed
341 2694 503 2749 humanam
527 2708 644 2764 quoque
664 2709 765 2766 opem,
798 2709 863 2766 quse
884 2712 944 2751 uns
963 2705 1042 2764 erat,
1072 2693 1115 2750 M.
1138 2691 1261 2751 Furium

194 2799 225 2855 ab
250 2800 327 2857 urbe
363 2814 511 2857 amovere.
563 2795 635 2869 Qui,
668 2794 715 2853 die
747 2795 825 2855 dicta
854 2799 892 2854 ab
921 2798 957 2855 L.
984 2798 1115 2874 Apuleio
1143 2797 1292 2857 tnbunos

193 2903 276 2979 plebis
298 2911 427 2979 propter
457 2900 585 2976 praedam
607 2900 817 2973 Veientanam,
847 2902 908 2961 filio
937 2921 1055 2985 qnoque
1075 2902 1260 2959 adolescente

193 3027 238 3082 par
256 3010 338 3067 idem
361 2992 637 3081 temperaremus,
667 3024 771 3080 quum,
793 3008 893 3065 accitis
909 3008 1034 3067 domum
1056 3006 1209 3074 tribulibus
1231 3015 1261 3063 et

194 3114 361 3185 clientibus,
391 3130 456 3186 quae
479 3128 588 3185 magns
616 3130 686 3185 pers
718 3110 811 3187 plebis
833 3124 906 3184 erat,
934 3122 1121 3189 percontatus
1146 3112 1260 3170 animos

194 3236 285 3279 sorum
301 3236 480 3294 responsu-m
501 3215 631 3286 tulisset
643 3232 675 3273 se
690 3216 858 3289 collaturos,
883 3219 985 3292 quanti
1005 3218 1160 3277 damnatus
1174 3225 1260 3284 esset,

194 3326 344 3383 absolvere
368 3342 434 3381 eum
455 3342 514 3381 non
534 3340 637 3397 posse,
657 3322 688 3383 iu
713 3322 845 3382 exsilium
868 3321 955 3391 abiit,
984 3333 1121 3398 precatus
1144 3321 1183 3377 ab
1204 3318 1290 3380 diist

194 3428 417 3498 immortalibus,
445 3429 470 3485 si
490 3428 611 3487 innoxio
629 3425 684 3483 sibi
707 3445 742 3485 ea
773 3427 881 3485 iniuria
900 3429 997 3498 fieret,
1025 3424 1120 3502 primo
1143 3443 1261 3499 qnoque

194 3518 320 3612 tempore
356 3533 532 3593 desiderium
563 3532 610 3591 sui
639 3531 750 3589 civitati
785 3533 908 3608 ingratoe
925 3531 1083 3591 'iacerent
1141 3532 1260 3589 Absens

196 3642 354 3714 quindecim
379 3638 503 3699 millibus
525 3638 624 3714 graus
646 3638 711 3695 seris
733 3639 898 3696 damnatur.

270 3744 411 3823 Expulso
443 3743 519 3812 cive,
553 3762 612 3819 quo
642 3754 791 3815 manente,
825 3744 851 3801 si
882 3744 1038 3819 quicquam
1066 3746 1261 3804 humanorum
1306 3736 1352 3807 33

196 3854 259 3911 serti
280 3861 336 3922 est,
359 3849 426 3924 capi
440 3850 537 3907 Roma
550 3868 609 3907 nou
624 3857 768 3924 potuerat,
784 3851 961 3907 adventante
978 3848 1062 3907 fatali
1082 3849 1149 3909 urbi
1169 3850 1262 3927 clade,

195 3956 278 4033 legati
300 3958 339 4016 ab
364 3954 490 4014 Clusinis
512 3953 645 4025 veniunt,
673 3955 813 4013 auxilium
833 3955 975 4012 adversus
993 3954 1098 4014 Gallos
1119 3966 1260 4031 petentes.

196 4061 265 4121 Eam
300 4071 420 4138 gentem
456 4060 580 4119 traditur
614 4058 696 4115 fama
731 4058 882 4127 dulcedine
921 4060 1039 4135 frugum
1075 4060 1291 4135 maximeque2

196 4166 265 4239 vini,
292 4176 463 4249 novatum
487 4164 652 4239 voluptate,
681 4172 796 4238 captam
827 4165 921 4241 Alpes
950 4166 1089 4223 transisse
1115 4185 1262 4241 agrosque

198 4274 231 4329 ab
252 4272 387 4333 Etruscis
409 4280 477 4329 ante
501 4270 597 4327 cultos
615 4268 793 4343 possedisse;
825 4271 882 4343 [et]
906 4270 1053 4329 invexisse
1075 4271 1110 4329 in
1132 4270 1292 4329 Galliem3

220 4384 284 4423 livius
299 4397 324 4423 ex
336 4394 379 4423 rac.
396 4383 497 4431 bladrigii.
1028 4377 1058 4421 19
