3392 5084
468 518 551 575 st«
775 514 855 564 mter
875 515 920 567 vr.
957 491 1164 577 (nimiast.)

443 705 534 772 soles,
560 701 638 777 quod
659 697 833 773 indignaris,
860 701 937 776 quod
968 700 1156 772 abominaris,
1176 699 1293 768 videos3
1331 707 1383 756 aut
1404 697 1494 754 omnin

394 806 429 862 12
443 809 556 886 accipe,
582 817 634 865 cut
652 805 724 862 nihil
741 804 835 867 fero.“
892 808 934 868 Ut
963 809 1073 884 siquis
1105 809 1140 878 ei,
1169 826 1256 883 quem
1275 812 1381 880 urgeat
1402 803 1495 863 fames.

443 934 584 973 venenum
606 923 698 989 ponet
723 929 789 970 cum
820 913 886 970 cibo
918 923 947 972 et
978 925 1029 974 cut
1050 915 1195 974 abstinere
1221 931 1273 982 oo,
1305 912 1386 987 quod
1419 909 1497 966 vitale

444 1022 496 1090 sit,
517 1021 617 1079 iubeat
646 1027 697 1076 cut
723 1017 903 1079 mortiferum
933 1023 1015 1080 vitali
1045 1023 1214 1080 admisceat.
1266 1021 1350 1094 Ergo
1384 1019 1497 1076 siessct

443 1127 536 1184 libere
555 1128 617 1183 bec
638 1126 755 1193 civitas,
783 1145 843 1183 non
873 1130 925 1188 tibi
950 1129 1116 1204 frequentes
1143 1125 1389 1185 succlamassent:
1430 1125 1498 1194 „nu

444 1233 511 1290 hinc
531 1251 597 1290 cum
617 1233 809 1290 tribunatibus
826 1251 861 1290 ac
883 1233 1082 1309 rogationibus
1103 1233 1212 1294 tuis.“?
1234 1231 1335 1306 Quid?
1358 1233 1385 1290 si
1406 1241 1437 1289 tu
1450 1251 1498 1288 nou

444 1339 557 1408 tuleris·
582 1339 660 1412 quod
682 1340 865 1397 commodum
888 1348 932 1397 est
951 1340 1060 1416 populo
1083 1339 1229 1416 accipere,
1256 1357 1346 1395 nemo
1371 1336 1440 1409 erit,
1459 1336 1499 1411 qui

396 1441 541 1503 liferet?
586 1444 663 1501 Illud
694 1445 719 1502 si
751 1445 816 1520 quis
841 1444 990 1522 patricius,
1017 1445 1143 1520 siquis,
1172 1444 1251 1521 quod
1272 1445 1316 1501 illi
1345 1445 1448 1501 volunt
1464 1444 1501 1499 in·

444 1549 584 1607 vidiosius
606 1567 678 1617 esse,
700 1548 839 1608 Claudius
861 1551 982 1608 dicerett
1009 1553 1091 1620 „Aut
1116 1551 1215 1607 omnis
1237 1552 1375 1627 accipite,
1399 1563 1449 1608 sut
1467 1549 1502 1605 ni·

397 1651 432 1704 14
444 1656 485 1713 bil
506 1654 600 1725 fero“‚
621 1654 686 1730 quis
707 1663 844 1725 vestrum,
868 1655 1005 1729 Quirites,
1026 1654 1136 1714 ferret?
1164 1657 1370 1731 Nunquamne
1391 1675 1445 1714 vos
1464 1673 1505 1712 res

444 1761 541 1836 potius
570 1779 656 1835 quam
682 1770 816 1819 auctores
847 1762 1030 1836 spectabitis,
1063 1762 1113 1819 sed
1143 1763 1243 1820 omnis
1276 1781 1416 1840 θεωρεῖ,
1449 1781 1505 1838 qne

445 1867 631 1943 magistratus
652 1867 700 1922 ille
721 1865 810 1935 dicet,
832 1867 965 1924 secundis
987 1867 1120 1938 auribus,
1147 1887 1211 1943 quae
1234 1871 1272 1927 ab
1294 1879 1434 1928 nostrum
1457 1887 1506 1944 quo

396 1970 432 2023 ¹5
446 1975 584 2042 dicentur,
607 1972 736 2029 adversis
758 1971 924 2046 accipietis?
946 1975 989 2031 At
1009 1974 1125 2031 hercule
1146 1994 1241 2033 sermo
1265 1983 1310 2034 est
1333 1977 1456 2035 minime
1475 1977 1507 2032 ci·

444 2080 522 2151 vilis3
561 2078 650 2154 quid?
681 2078 796 2152 rogatio
823 2077 918 2152 qualis
945 2088 1003 2150 est,
1039 2097 1126 2154 quam
1158 2101 1177 2137 a
1203 2081 1289 2139 vobis
1324 2083 1504 2158 antiquatam

445 2184 648 2262 indignantur?
673 2184 816 2254 Sermoni,
837 2184 974 2257 Quirites,
997 2185 1151 2243 simillimo.
1196 2185 1394 2256 „Consulesw
1415 2190 1508 2264 inquit

397 2287 433 2340 ¹6
448 2312 549 2367 „rogo‚
569 2313 606 2350 ne
627 2293 720 2360 vobis,
742 2308 815 2366 quos
836 2291 940 2361 volitis,
961 2289 1058 2348 facere
1072 2292 1188 2350 Ιίοθαῐϋι
1241 2295 1292 2351 An
1315 2294 1410 2352 aliter
1423 2303 1509 2370 roget.

447 2401 495 2476 qui
523 2399 623 2472 utiquc
652 2398 773 2455 alterum
802 2415 840 2454 ex
867 2398 952 2472 plebe
979 2397 1042 2455 fieri
1074 2399 1220 2456 consulem
1249 2399 1333 2456 iubet
1364 2419 1424 2459 nec
1446 2402 1509 2456 duos

399 2501 432 2554 ¹7
447 2507 585 2582 patricios
606 2504 723 2562 creandi
749 2511 923 2579 potestatem
946 2503 1031 2560 vobis
1059 2503 1217 2579 permittit?
1255 2503 1288 2562 Si
1316 2506 1415 2564 hodie
1444 2506 1510 2563 belln

448 2613 513 2682 sint,
538 2613 623 2687 quale
646 2613 799 2669 Etruscum
824 2608 893 2678 fuit,
924 2629 1011 2685 quum
1033 2611 1178 2669 Porsinna
1200 2610 1370 2668 Ianiculum
1404 2613 1510 2670 insedit

449 2719 534 2794 quale
556 2716 701 2775 Gallicum
723 2717 826 2784 modo,
856 2735 943 2790 quum
971 2724 1077 2792 praeter
1098 2715 1274 2792 Capitolium
1304 2725 1401 2792 atque
1424 2735 1509 2776 arcem

400 2823 546 2880 “omnin
566 2824 628 2879 baec
648 2823 773 2880 bostium
796 2831 893 2892 erant,
921 2832 950 2880 et
971 2823 1150 2880 consulatum
1181 2841 1246 2878 cum
1270 2823 1331 2881 boc
1358 2826 1405 2886 M.
1430 2825 1507 2882 Furio

449 2938 478 2986 et
500 2929 628 3003 quolibet
654 2928 711 2985 olio
741 2947 778 2985 ex
804 2930 936 3002 patribus
968 2930 1003 2986 L.
1034 2929 1082 2986 ille
1103 2929 1220 2988 Sextius
1249 2938 1383 3006 peteret,
1420 2949 1508 3008 posse·

449 3036 523 3092 tiene
543 3036 628 3104 ferre,
654 3034 784 3092 Sextium
807 3035 886 3093 haud
907 3055 961 3112 pro
984 3034 1072 3092 dubio
1104 3034 1323 3107 conculcem,
1359 3033 1508 3093 Camillum

400 3132 437 3187 ¹8
450 3143 486 3198 de
508 3141 625 3216 repulsa
639 3139 797 3199 dimicare?
819 3142 933 3198 Hocine
954 3149 999 3198 est
1018 3142 1048 3198 in
1070 3159 1221 3198 commune
1242 3142 1375 3198 bonores
1401 3157 1508 3201 vocure

449 3257 480 3305 ut
516 3247 589 3305 duos
619 3243 748 3322 plebeios
779 3247 841 3303 lieri
876 3247 1008 3304 consules
1039 3246 1142 3317 licent,
1178 3247 1251 3303 duos
1279 3247 1431 3321 patricios
1461 3263 1508 3302 nou

448 3343 555 3412 liceat?
586 3362 615 3409 et
636 3353 756 3409 cltemm
781 3372 818 3409 ex
844 3349 929 3427 plebe
951 3351 1044 3410 creari
1065 3369 1182 3408 necesse
1207 3350 1259 3422 sit,
1289 3359 1455 3427 utrumque
1481 3367 1524 3405 ex*

448 3461 579 3536 panibus
600 3459 746 3534 praeterire
766 3455 873 3515 liceat?
895 3459 1035 3533 Quaeuam
1057 3458 1114 3514 ista
1129 3457 1262 3526 societas,
1284 3475 1427 3531 quaensm
1451 3475 1523 3534 con-3

450 3566 539 3622 sortio
561 3562 623 3620 est?
645 3566 754 3622 Porum
777 3574 829 3633 est,
852 3566 887 3636 si,
908 3565 989 3622 cuius
1009 3583 1079 3640 pars
1100 3573 1152 3620 tuo
1172 3562 1253 3619 nulla
1274 3563 1376 3620 adbuc
1399 3563 1467 3636 fuit,
1486 3543 1523 3617 iu*

400 3672 560 3746 l9partem
583 3670 643 3726 eius
665 3671 754 3737 venis,
781 3669 837 3727 nisi
865 3680 975 3747 partem
1002 3671 1126 3746 petendo
1155 3676 1248 3725 totum
1269 3669 1425 3726 traxeris?
1450 3667 1508 3738 „Ti

450 3781 534 3832 meo“
557 3775 664 3849 inquit,
699 3796 770 3847 „ne‚
800 3777 920 3834 siduos
948 3777 1045 3849 licebit
1066 3775 1158 3834 creari
1179 3773 1335 3849 patricios,
1370 3757 1522 3831 neminem

450 3881 552 3938 creetis
573 3880 746 3956 plebeium.“
795 3882 872 3955 Quid
895 3891 939 3939 est
960 3882 1057 3939 dicere
1072 3881 1165 3937 aliud:
1189 3878 1286 3951 „Quia
1309 3878 1451 3955 indignos
1466 3899 1508 3934 re·

450 3996 511 4044 stru
532 3987 681 4045 voluntate
702 3987 826 4044 creaturi
852 4007 920 4045 non·
937 3988 1019 4056 ostie,
1048 3985 1246 4044 necessitatem
1270 3984 1358 4041 vobis
1388 3983 1507 4042 mandi.

398 4091 437 4146 20
451 4111 524 4166 quos
545 4111 605 4166 non
626 4093 722 4157 vultis,
744 4091 941 4168 imponam.“?
964 4091 1041 4164 Quid
1063 4091 1205 4166 sequitur,
1231 4088 1287 4146 nisi
1309 4098 1342 4146 ut
1369 4111 1409 4149 ne
1431 4094 1506 4148 bene

450 4199 546 4255 ficium
572 4199 688 4272 quidem
716 4197 822 4254 debeat
841 4197 966 4272 populo,
998 4195 1022 4253 si
1055 4214 1120 4253 curn
1147 4197 1260 4254 duobus
1281 4195 1418 4270 patriciis
1444 4211 1506 4253 uuus

451 4303 565 4378 petierit
591 4303 736 4377 plebeius.
769 4309 798 4358 ct
824 4302 889 4375 lege
915 4320 961 4368 se,
995 4319 1053 4357 non
1085 4301 1225 4376 suffragio
1259 4309 1392 4358 creatum
1420 4297 1505 4360 dicet?
