3392 5084
434 505 493 562 2³8
636 457 639 464 ,
727 502 805 552 tiber
821 501 858 552 x.
894 502 1016 588 (aue
1031 500 1104 563 too.)

390 688 452 746 hec
472 687 535 762 ipss
556 685 692 743 minitans
715 686 827 744 obstitit
839 703 935 760 prope
948 683 1014 742 inse
1027 684 1212 742 tendentrlrus
1225 685 1288 741 suis
1307 684 1457 741 incastra

361 791 478 865 8„Quo
500 791 615 866 pergis“
640 789 743 863 inquit,
767 788 891 858 „mileti
932 791 973 848 Et
994 791 1042 848 hic
1063 807 1148 848 arma
1167 799 1198 846 et
1217 789 1300 847 viros
1320 787 1456 855 invenias,

391 915 445 954 nec
468 895 536 952 vivo
558 893 676 952 consule
696 903 748 950 tuo
770 893 825 950 nisi
847 895 942 952 victor
962 905 1060 952 ossus
1071 895 1210 964 intrabis;
1231 893 1356 971 proinde
1374 893 1456 967 elige,

346 975 456 1060 ⁴9cum
483 1001 546 1058 ciro
574 1018 613 1057 an
644 1001 729 1057 hoste
755 1017 887 1076 pugnero
913 1000 1027 1062 midia‘⁴
1080 1001 1155 1058 Haec
1185 1001 1302 1058 dicente
1328 996 1450 1062 consule,

393 1107 504 1181 equites
538 1104 650 1162 infestis
680 1105 847 1180 cuspidibus
884 1103 1155 1163 circumfunduntur
1192 1123 1227 1162 sc
1265 1103 1392 1178 peditem
1425 1101 1455 1156 in

392 1229 519 1288 pugnem
541 1211 636 1268 redire
655 1211 764 1272 iubent.
811 1209 883 1266 Non
903 1209 996 1266 virtus
1016 1211 1111 1267 solnm
1133 1210 1298 1279 consulem,
1324 1207 1377 1264 sed
1395 1205 1455 1263 fors

390 1319 479 1377 otiam
516 1316 640 1385 adiuvit,
682 1315 762 1389 quod
796 1333 857 1370 non
886 1310 1054 1372 institerunt
1093 1315 1240 1375 Samnites
1274 1313 1456 1390 spatiumque

392 1421 605 1498 circumagendi
637 1420 722 1494 signa
750 1418 940 1493 vertendique
972 1420 1066 1478 aciem
1098 1439 1117 1477 s
1149 1421 1254 1478 cessis
1285 1420 1316 1476 in
1344 1421 1454 1476 hostem

346 1529 380 1582 10
392 1503 457 1588 init.¹
499 1529 576 1585 Tum
599 1525 649 1583 alii
670 1525 743 1581 ulios
764 1524 889 1594 hortari,
907 1533 942 1581 ut
960 1534 1125 1600 repeterent
1147 1543 1294 1601 pugnam3
1315 1523 1455 1581 centurio·

392 1653 444 1691 nes
466 1634 504 1690 ab
526 1629 670 1706 signiferis
691 1606 777 1703 repta
799 1629 886 1703 signa
898 1628 1006 1687 inferre
1028 1639 1059 1687 et
1079 1631 1233 1687 ostendere
1254 1629 1326 1699 suis,
1347 1645 1455 1704 paucos

292 1739 298 1752 ⁸
345 1739 377 1791 11
394 1747 423 1796 et
450 1737 599 1795 ordinibus
634 1734 834 1809 incompositis
867 1732 960 1792 effuse
989 1735 1090 1791 venire
1118 1735 1228 1793 hostes.
1285 1734 1368 1790 Inter
1395 1732 1456 1788 haec

394 1843 495 1902 consul
515 1858 618 1898 manns
649 1839 687 1895 ad
717 1839 818 1896 cselum
847 1839 983 1896 attollens
1016 1857 1089 1898 voce
1119 1840 1216 1909 clera,
1247 1840 1292 1898 ita
1318 1847 1352 1895 nt
1369 1856 1455 1895 exau·

332 1991 335 2001 .
394 1949 519 2017 ditetur,
547 1943 687 2020 templum
718 1943 784 2000 Iovi
812 1943 925 2002 Statori
953 1945 1050 2014 vovit,
1083 1944 1109 2002 si
1132 1944 1312 2002 constitisset
1342 1963 1362 2000 o
1388 1942 1454 2017 iuge

394 2055 530 2110 Romane
561 2049 637 2106 ecies
673 2049 932 2124 redintegratoque
964 2050 1067 2124 puelia
1099 2050 1253 2107 cecidisset
1286 2048 1455 2122 vicissetque

348 2155 523 2231 illegiones
545 2154 728 2214 Samnitium.
772 2154 883 2212 Omnes
909 2154 1037 2228 undique
1059 2155 1154 2212 annisi
1186 2155 1225 2211 ad
1251 2153 1454 2212 restituendam

394 2279 533 2337 pugnam,
547 2261 644 2331 duces,
659 2259 773 2329 milites,
795 2259 925 2333 peditum
939 2259 1127 2334 equitumque
1140 2259 1196 2318 vis.
1238 2261 1358 2318 Numen
1372 2259 1455 2315 etiam
1541 2268 1543 2303 i

396 2367 515 2424 deorum
537 2365 699 2440 respexisse
717 2381 823 2421 nomen
845 2366 1010 2422 Romanum
1034 2365 1143 2434 visum3
1172 2365 1248 2422 adeo
1270 2363 1357 2420 facile
1376 2361 1455 2418 incli-

396 2477 468 2526 nete
487 2487 534 2526 res
555 2469 720 2543 repulsique
748 2469 891 2526 ecastr-is
920 2470 1038 2540 hostes,
1070 2489 1141 2528 mox
1163 2471 1255 2528 etiam
1283 2468 1394 2525 redacti
1420 2466 1456 2522 ad

164 2607 170 2618 ι
293 2561 303 2570 ’
348 2575 383 2631 13
396 2593 461 2632 eum
483 2575 589 2643 locum,
608 2574 639 2630 in
662 2593 720 2649 quo
742 2575 899 2632 commissa
919 2592 1020 2650 pugna
1040 2587 1112 2633 erat.
1154 2574 1202 2630 Iti
1224 2574 1378 2630 obiacente
1395 2589 1457 2628 ser·

376 2681 526 2737 'ci-nerum
547 2680 677 2748 cumulo,
712 2698 786 2754 ques
808 2679 993 2737 coniecerant
1012 2679 1042 2735 in
1061 2679 1203 2749 medium,
1234 2680 1346 2736 haesere
1367 2678 1457 2754 irnpe-

395 2785 462 2853 diti;
492 2783 604 2854 deinde,
631 2803 668 2842 ne
700 2786 895 2860 diriperentur
913 2803 976 2856 res,
1011 2785 1111 2842 orbem
1133 2793 1314 2842 armatorum
1340 2783 1458 2842 ursinis

348 2888 584 2947 ttcironmdanc
627 2890 704 2946 Turn
726 2908 797 2946 vero
819 2907 871 2948 eos
892 2907 912 2945 s
931 2889 1029 2946 fronte
1049 2907 1154 2964 urgere
1174 2889 1297 2965 pedites,
1318 2889 1358 2946 ab
1379 2897 1457 2962 terge

395 2993 578 3064 circumvecti
600 2993 726 3067 equites3
751 2994 795 3050 ite
827 2994 859 3049 in
879 2993 976 3050 medio
997 2994 1065 3051 caesi
1084 2995 1230 3070 captique.
1270 2992 1457 3068 Captivorum

335 3102 341 3116 ¹
394 3115 531 3154 numerus
555 3097 612 3153 fuit
633 3108 744 3173 septem
765 3099 1157 3173 millium-octingentorum,
1187 3101 1238 3174 qui
1268 3113 1370 3155 omnes
1392 3094 1458 3151 nudi

395 3204 450 3262 sub
470 3203 568 3278 iugum
588 3204 684 3273 missi3
707 3221 797 3262 caesos
818 3202 944 3260 retulere
960 3204 999 3260 ad
1014 3213 1152 3279 quattuor
1166 3205 1258 3262 millis
1271 3202 1458 3276 octingentos.

348 3310 382 3364 15
395 3307 443 3363 Ne
469 3307 610 3364 Romanis
640 3308 756 3381 quidem
789 3310 857 3365 lete
887 3308 1012 3366 victorie
1040 3309 1109 3378 iuit3
1145 3317 1314 3366 recensente
1346 3305 1459 3362 consule
1541 3330 1543 3347 ÷

394 3411 485 3467 biduo
508 3422 657 3486 occeptum
681 3412 808 3484 cladem,
841 3413 1015 3470 emissorum
1039 3413 1162 3470 militum
1189 3430 1328 3470 numerus
1355 3411 1459 3469 relatus

396 3523 505 3590 septem
527 3517 647 3576 millium
671 3518 914 3594 octingentorum.
948 3541 955 3549 ¹

346 3625 383 3679 tt
479 3623 558 3678 Dum
579 3623 640 3680 haec
661 3623 692 3680 in
713 3624 826 3700 Apulia
847 3623 1032 3697 gerebantur,
1053 3622 1145 3679 altero
1166 3621 1296 3680 exercitu
1317 3619 1459 3680 Samnites

395 3729 603 3798 Interamnam,
626 3727 770 3786 coloniam
782 3729 958 3795 Romanam,
979 3745 1045 3800 quse
1066 3727 1116 3784 vis
1126 3727 1234 3784 Latina
1244 3736 1299 3797 est,
1320 3743 1460 3802 occupare
1541 3776 1543 3783 .

291 3824 293 3828 ’
349 3835 382 3889 17
396 3831 493 3889 conati
513 3833 615 3888 urbem
646 3850 705 3888 nou
737 3841 904 3901 tennerunt3
937 3851 1026 3908 agros
1056 3832 1243 3907 depopulati,
1276 3851 1367 3907 quum
1390 3849 1460 3908 prte-
1541 3810 1543 3829 ⁵

397 3938 464 3994 dem
488 3937 576 3996 aliem
598 3937 666 3993 inde
686 3936 808 3995 mixtam
832 3937 983 3996 hominurn
1005 3945 1096 4011 atque
1118 3937 1263 4011 pecudum
1284 3938 1461 4011 colonosque

396 4052 498 4117 captos
526 4052 658 4118 egerent,
694 4042 724 4099 in
752 4043 891 4100 victorem
925 4043 1056 4100 incidunt
1087 4029 1236 4099 consulem
1272 4044 1311 4099 ab
1339 4021 1461 4100 Luceria

397 4147 578 4217 redeuntem,
599 4163 652 4204 nec
674 4147 804 4221 predam
826 4148 920 4205 solnm
943 4148 1093 4218 amittant,
1113 4148 1166 4204 sed
1186 4146 1245 4222 ipsi
1266 4148 1356 4223 longo
1378 4159 1461 4222 atque
1541 4174 1543 4221 ;

349 4251 384 4306 rs
397 4250 536 4325 impedito
558 4251 673 4326 agmine
701 4251 886 4327 incompositi
912 4254 1072 4313 emuntur.
1119 4251 1240 4321 consui
1266 4254 1460 4310 nemmem
1541 4230 1543 4251 '

1471 4002 1481 4045 i
