3392 5084
584 571 587 578 ,
679 520 757 569 Liber
774 518 795 569 1.
848 542 853 565 r
921 482 927 491 i
1184 508 1221 583 Ἦ

224 706 283 774 init,
312 703 485 779 cognitoque
514 720 601 778 super
633 705 769 763 humeros
800 705 898 763 fratris
924 707 1129 782 paludamento
1157 710 1264 784 sponsi,

226 812 292 886 quod
311 811 374 886 ipso
399 807 579 873 confecerat,
604 811 693 867 solvit
714 811 806 868 crines
834 820 863 868 et
884 813 1017 870 flebiliter
1037 813 1152 871 nomine
1176 832 1263 889 spon-

224 936 277 974 sum
298 924 443 973 mortuum
466 913 602 990 appellat.
633 916 736 973 Movet
755 915 847 975 feroci
869 918 965 975 iuveni
987 920 1113 977 animum
1136 920 1294 995 complo·3

223 1024 287 1079 ratio
306 1023 415 1079 sororis
437 1022 467 1077 in
490 1021 611 1077 victoria
632 1040 686 1079 sua
706 1032 846 1098 tantoque
867 1025 974 1099 gaudio
995 1025 1119 1100 publico.
1159 1025 1264 1085 Stricto

222 1130 308 1203 itaque
330 1127 445 1204 gladio,
468 1126 553 1183 simul
573 1127 669 1183 verbis
690 1128 841 1203 increpans
861 1131 1004 1206 transfigit
1017 1130 1152 1207 puellam.
1187 1132 1296 1201 „Abit
1326 1101 1333 1115 ι

223 1237 279 1292 binc
301 1255 363 1293 cum
385 1234 544 1290 immaturo
572 1251 672 1290 amore
693 1234 730 1289 ad
752 1240 909 1309 sponsum“
933 1237 1041 1311 inquit,
1074 1236 1183 1306 „oblita
1203 1237 1265 1295 fra-

223 1349 287 1396 trum
305 1349 486 1397 mortuorum
508 1340 640 1414 virique,
669 1338 760 1395 oblita
782 1341 890 1414 patrie.
935 1342 983 1400 Sio
1010 1352 1066 1417 eat,
1090 1362 1266 1418 quaecunque

224 1448 343 1503 Romana
363 1445 476 1521 lugebit
501 1446 641 1502 hostem.“
690 1446 789 1501 Atrox
817 1445 910 1503 visum
940 1447 970 1504 id
997 1446 1108 1506 facinus
1135 1445 1296 1524 patribusb

223 1550 357 1625 plebique,
385 1552 438 1607 sed
458 1569 559 1609 recens
580 1551 712 1607 meritum
733 1548 813 1607 facto
839 1552 984 1611 obstabat.
1031 1557 1144 1613 Tamen
1164 1548 1265 1630 raptus

224 1657 305 1714 iuius
325 1658 364 1714 ad
385 1676 495 1733 regem.
528 1660 601 1727 Rex,
623 1676 660 1713 ne
682 1656 745 1731 ipse
766 1666 824 1713 tam
847 1658 937 1715 tristis
959 1660 1122 1736 ingratique
1144 1661 1181 1717 ad
1202 1662 1265 1717 vul-

225 1781 269 1837 gns
289 1763 386 1821 iudicii
407 1782 452 1834 ac,
474 1762 629 1819 secundum
651 1762 797 1832 iudicium,
819 1764 952 1840 supplicii
966 1777 1068 1825 auctor
1089 1776 1174 1837 esset,
1197 1784 1263 1825 eon·

227 1870 280 1925 cilio
298 1869 398 1945 populi
418 1868 563 1925 advocato
587 1869 801 1937 „Duumriros“
826 1869 930 1944 inquit,
957 1872 1024 1946 „qui
1050 1874 1175 1930 Horatio
1196 1892 1265 1948 per-

227 1976 383 2033 duellionem
411 1974 552 2044 iudicent,
580 1974 736 2053 secundnm
765 1976 858 2051 legem
887 1972 992 2033 facio.“
1037 1980 1101 2035 Lex
1129 1976 1295 2037 horrendiss

228 2083 346 2139 carminis
368 2092 445 2139 erat:
470 2080 644 2151 „Duumviri
667 2080 892 2165 perduellionem
914 2081 1055 2153 iudicent3
1077 2085 1101 2141 si
1123 2104 1141 2141 a
1163 2086 1264 2142 duum·

227 2186 284 2244 viris
301 2188 479 2263 provocarit,
500 2188 708 2263 provocatione
732 2195 856 2255 certat03
879 2186 903 2243 si
918 2187 1041 2259 vincent,
1063 2200 1150 2265 ceput
1173 2192 1264 2247 obnu-

228 2293 287 2363 bilo3
306 2293 416 2351 infelici
432 2293 531 2351 arbori
541 2303 617 2351 reste
630 2290 813 2365 suspendito;
834 2294 987 2349 verberato
1001 2294 1048 2351 vel
1059 2295 1134 2352 intra
1146 2315 1264 2371 pomoe-

228 2398 287 2455 rium
299 2400 344 2457 vel
358 2409 444 2457 extro
454 2399 663 2475 pomoerium.“
687 2398 752 2453 Hac
763 2397 827 2472 lege
839 2397 982 2484 duumviri
995 2402 1093 2471 creati,
1105 2402 1154 2475 qui
1170 2419 1202 2458 se
1213 2403 1264 2458 ab·
1279 2405 1300 2458 7.

228 2505 324 2563 solvere
340 2526 401 2563 non
418 2507 557 2564 rebantur
575 2524 611 2561 ea
630 2503 695 2578 lege
715 2522 752 2560 ne
772 2504 920 2561 innoxium
933 2504 1048 2578 quidem
1060 2524 1155 2581 posse,
1178 2526 1265 2581 quum

229 2612 462 2681 condemnassent,
474 2620 534 2668 tum
547 2611 619 2666 alter
630 2628 667 2665 ex
678 2610 712 2665 iis
730 2610 836 2678 „Publi
852 2610 967 2677 Horati,
980 2610 1031 2666 tibi
1041 2612 1264 2686 perduellionem

228 2716 324 2775 iudico“
355 2718 457 2793 inquit.
509 2715 642 2785 ,Lictor,
674 2716 780 2789 colliga
807 2720 935 2771 manus-‘⁴
957 2718 1154 2773 'Accesserat
1182 2717 1295 2787 lictor8

228 2821 413 2899 iniciebatque
434 2822 580 2896 laqueum.
614 2822 690 2877 Tum
713 2820 854 2877 Horatius
876 2831 993 2878 auctore
1008 2821 1105 2889 Tullo,
1128 2821 1265 2880 clemente

232 2927 289 3002 legis
306 2930 470 3005 interprete,
494 2928 667 2997 ,Provoco“
691 2925 793 3000 inquit.
827 2926 876 2982 Ita
896 2927 1103 3001 provocatione
1125 2936 1265 2985 certatum

233 3033 261 3087 ad
273 3036 406 3110 populum
435 3043 488 3092 est.
532 3033 606 3090 Moti
633 3031 763 3110 homines
792 3040 859 3087 sunt
885 3031 914 3087 in
944 3050 979 3089 eo
1006 3032 1111 3090 iudicio
1140 3034 1295 3093 maxime9
1364 3106 1366 3113 Α
1393 3045 1396 3053 ’

232 3135 257 3194 Ρ.
285 3140 405 3197 Horatio
435 3150 519 3215 patre
549 3126 762 3213 proclamante,
793 3154 824 3192 se
853 3136 1032 3193 filiam-iure
1060 3155 1162 3193 caesam
1192 3139 1264 3195 iudi·

233 3260 295 3313 care;
313 3247 342 3302 ni
362 3246 405 3302 ita
426 3253 511 3313 asset,
534 3244 629 3319 patrio
652 3243 718 3299 iure'
733 3243 761 3299 in
776 3241 865 3299 filium
882 3242 1147 3300 animadversurum
1166 3237 1263 3301 fuisse.

233 3346 325 3407 Orabat
348 3350 467 3420 deinde,
489 3368 526 3405 ne
548 3367 593 3413 se,
621 3367 706 3422 quem
733 3349 821 3423 paulo
852 3357 918 3405 aute
946 3366 1010 3403 cum
1038 3350 1154 3423 egregia
1175 3350 1264 3425 stirpe

232 3458 440 3531 conspexissent,
459 3438 568 3512 'orbum
589 3455 687 3511 liberis
708 3452 844 3512 facerent
888 3455 967 3510 Inter
993 3452 1054 3511 haeo
1075 3472 1163 3511 senex
1184 3455 1315 3512 iure-10

232 3576 282 3617 uem
294 3563 449 3639 amplexus,
471 3561 566 3637 spolia
576 3559 781 3632 Curiatiorum,
802 3563 861 3617 fixa
883 3578 918 3616 eo
941 3559 1015 3629 loco,
1038 3558 1086 3634 qui
1108 3579 1183 3617 nunc
1198 3558 1265 3617 Pila

233 3664 522 3745 Horatiaappellatur,
544 3675 700 3736 ostentans,
725 3667 906 3737 „Huncine“,
930 3666 1034 3737 aiebat,
1058 3684 1161 3740 „quem
1177 3666 1263 3723 modo

235 3770 378 3831 decoratum
400 3782 594 3849 orantemque
623 3771 745 3828 victoria
772 3771 949 3829 incedentem
973 3771 1100 3842 vidistis,
1128 3771 1263 3845 Quirites,

235 3894 284 3934 erm
302 3882 352 3938 sub
374 3880 459 3939 furca
479 3880 607 3937 vinctum
628 3880 703 3935 inter
729 3879 852 3935 verbera
877 3886 905 3934 et
926 3877 1068 3933 cruciatus
1091 3877 1190 3934 videre
1211 3896 1264 3952 po·

235 3984 313 4041 usus?
341 3986 419 4061 quod
451 3986 502 4042 vix
524 3984 706 4043 Albanorum
728 3983 804 4040 oculi
829 3992 890 4039 tem
919 3981 1047 4039 deforme
1068 3982 1262 4072 spectaculum

236 4083 294 4144 ferra
313 4101 437 4165 possent.
481 4091 514 4159 I,
537 4090 630 4158 lictor,
654 4088 759 4164 colliga
780 4106 902 4157 manue,
934 4070 997 4163 qia
1019 4086 1108 4163 paulo
1132 4097 1198 4143 ante
1217 4104 1263 4142 ar·
1282 4089 1313 4143 11

235 4202 300 4251 neto
315 4197 465 4272 imperium
487 4196 595 4271 populo
617 4197 751 4252 Romano
772 4202 957 4269 pepererunt.
994 4194 1019 4262 I,
1041 4201 1128 4268 caput
1149 4193 1264 4250 obnube

234 4295 371 4359 hbemtoris
392 4303 474 4361 urbis
508 4302 613 4372 buius3'
635 4302 739 4358 arbore
767 4299 874 4357 infelici
894 4299 1050 4373 suspende;
1076 4298 1198 4355 verbera
1218 4297 1265 4353 vel
