3392 5084
552 496 630 546 Liber
647 496 720 546 vm.
758 498 801 555 (Δ,
814 493 862 546 ch,
876 501 947 558 ³22.)
1178 501 1233 557 139
1319 547 1325 554 .

223 683 326 757 passim
353 681 480 756 ferrique
507 681 639 740 fortunas
664 681 801 752 militurn,
828 681 1071 743 vociferabuntur.
1115 683 1191 740 Tum
1214 703 1275 742 ma·
1292 689 1327 742 tt

224 790 309 863 gistro
325 789 453 863 equitum
470 789 563 846 accito
587 788 697 857 „Vides
712 792 762 845 tu“
783 788 886 862 inquit,
911 787 971 856 „M.
988 788 1072 858 Fabi,
1094 790 1131 847 ab
1151 789 1276 846 hostium

224 896 315 969 equite
349 894 485 952 omissam
529 893 675 969 pugnam?
737 895 859 952 Haerent
898 893 1029 968 impediti
1066 894 1276 967 impedimentis

223 1002 333 1060 nostris.
382 1000 567 1075 Aggredere,
598 999 674 1073 quod
696 1000 772 1057 inter
795 999 981 1075 praedandum
1004 999 1082 1056 omni
1104 999 1277 1056 multitudini
1293 1005 1328 1060 15

223 1109 322 1177 evenit,
344 1108 516 1182 dissipatos3
535 1125 620 1162 raros
642 1106 723 1180 equis
743 1105 908 1173 insidentes,
930 1123 1023 1176 raros,
1047 1107 1150 1179 quibus
1169 1105 1276 1164 ferrum

221 1215 247 1270 in
259 1234 366 1270 =manu
398 1213 450 1280 sit,
487 1211 631 1280 invenies;
668 1231 697 1268 ae
731 1230 880 1287 equosque
915 1211 982 1268 dum
1014 1213 1114 1285 praeda
1146 1225 1277 1282 onerant,

221 1320 295 1376 caede
315 1321 451 1388 inermes,
473 1327 679 1391 cruentamque
699 1317 755 1374 illis
770 1318 897 1392 praedam
912 1318 1009 1375 redde.
1054 1319 1127 1376 Mihi
1149 1320 1277 1394 legiones
1293 1322 1328 1376 16

221 1426 405 1500 peditumque
426 1441 524 1499 pugna
546 1442 621 1480 curae
642 1433 737 1492 erunt3
771 1442 859 1498 penes
888 1432 916 1480 te
944 1433 1076 1499 equestre
1100 1427 1136 1482 sit
1158 1426 1275 1486 decus.“
1321 1475 1322 1482 ,

221 1532 358 1606 Equitum
375 1531 462 1600 acies,
484 1530 578 1605 qualis
595 1527 687 1606 [quaa]
711 1547 775 1586 esse
796 1530 1016 1587 instructissima
1037 1540 1142 1605 potest,
1163 1531 1278 1588 invecta
1327 1511 1372 1596 39
1459 1517 1465 1529 ’

220 1636 246 1691 iu
268 1636 427 1710 disstatos
455 1636 667 1711 impeditosque
692 1636 790 1692 hostes
816 1635 894 1691 caede
924 1636 1021 1692 omnia
1050 1638 1151 1713 replet.
1197 1639 1306 1695 Inter2

220 1741 348 1797 sarcinas
369 1736 492 1800 omis‘sas
513 1752 646 1818 repente,
679 1739 844 1797 obiacentes
865 1740 986 1814 pedibus
1007 1742 1177 1818 fugientium
1210 1761 1277 1801 con·

220 1855 471 1921 sternatcrumque
492 1866 649 1922 equorum,
679 1863 772 1919 neque
792 1864 897 1920 pugnae
918 1867 1012 1922 neque
1033 1848 1109 1926 fugae
1132 1851 1202 1908 satis
1225 1869 1277 1926 po·

220 1963 309 2010 tentes
335 1954 491 2016 caeduntur.
552 1954 629 2010 Tum
658 1951 752 2008 deleto
780 1969 872 2026 prope
905 1953 1033 2027 equitatu
1062 1958 1211 2028 hostium,
1236 1957 1307 2014 M.3

219 2058 347 2127 Fabius,
368 2058 569 2116 circumductis
590 2058 708 2132 paulum
731 2056 799 2127 alis,
826 2058 864 2113 ab
893 2067 974 2134 tergo
1003 2061 1163 2134 pedestrem
1187 2061 1277 2120 aciem

219 2166 359 2222 adoritur.
413 2163 532 2223 Clamor
559 2164 625 2220 inde
650 2181 743 2220 novus
771 2163 904 2220 accidens
933 2174 961 2221 et
983 2165 1153 2224 Samnitium
1177 2168 1307 2224 terruitl

219 2272 349 2339 animos,
385 2280 414 2326 et
445 2270 578 2338 dictator,
610 2269 659 2325 ubi
687 2278 882 2345 respectantes
912 2271 1037 2328 hostium
1072 2273 1277 2348 antesignanos

218 2378 395 2450 turbataque
415 2375 500 2450 signa
521 2383 549 2432 et
574 2375 759 2431 fluctuant-em
789 2375 878 2431 eciem
910 2376 996 2446 vidit,
1030 2387 1088 2434 tum
1121 2379 1278 2452 appellare,

218 2493 275 2540 tum
299 2481 452 2538 adhortari
466 2482 579 2552 milites,
601 2481 731 2538 tribunos
746 2480 946 2556 principesque
962 2483 1092 2542 ordinum
1108 2484 1276 2542 nominatim

219 2591 252 2647 ad
274 2589 440 2646 iterandam
462 2607 557 2645 seeum
586 2604 857 2662 pugnamvocare.
900 2588 1019 2644 Novato
1046 2590 1172 2647 clamore
1193 2590 1308 2666 ‚signab

217 2696 388 2762 inferuntur,
419 2702 448 2749 et
476 2691 612 2767 quicquid
632 2691 900 2767 progrediebantur,
931 2694 1024 2770 magis
1046 2697 1196 2770 magisque
1217 2706 1277 2753 tur·

219 2804 302 2859 batos
325 2801 425 2857 hostes
448 2798 612 2855 cernebant.
667 2797 767 2871 Eques
787 2798 851 2872 ipse
870 2797 929 2854 iam
951 2799 1052 2874 primis
1075 2802 1186 2858 eratin
1209 2817 1278 2858 con·

218 2917 333 2981 spectu,
363 2914 392 2960 et
413 2902 563 2960 Cornelius
589 2903 745 2978 respiciens
775 2903 813 2959 ad
836 2905 999 2980 manipulos
1029 2907 1165 2975 militum,
1200 2907 1308 2982 quodd

218 3031 316 3080 manu,
339 3010 417 3084 quod
438 3027 510 3066 voce
531 3016 655 3082 poterat,
677 3011 867 3081 monstrabat,
889 3011 997 3068 vexilla
1015 3032 1046 3069 se
1068 3031 1185 3070 suorum
1210 3033 1276 3088 par-

217 3136 339 3192 masque
360 3134 477 3172 cernere
498 3115 636 3188 equitum.
684 3114 770 3187 Quod
796 3117 845 3172 ubi
868 3117 996 3174 auditum
1018 3117 1103 3175 simul
1126 3120 1306 3194 visumque?

218 3234 268 3290 est,
291 3225 368 3280 adeo
390 3228 509 3296 repente
529 3218 639 3276 laboris
665 3240 718 3295 per
749 3221 824 3278 diem
856 3240 937 3296 paene
965 3230 1056 3279 totum
1078 3224 1276 3280 tolerati'vnl·

217 3347 379 3403 nerumque
400 3327 481 3384 obliti
503 3335 578 3395 sunt,
609 3334 642 3382 ut
664 3327 742 3383 haud
764 3344 856 3396 secus,
887 3346 973 3401 quam
1004 3328 1028 3386 si
1051 3337 1110 3384 tum
1132 3329 1236 3404 integri
1262 3349 1277 3385 e

217 3437 321 3493 castris
345 3436 459 3509 signum
481 3450 586 3507 pugnae
606 3431 799 3506 accepissent,
825 3433 1033 3490 concitaverint
1054 3451 1084 3490 se
1106 3435 1135 3492 in
1155 3437 1277 3493 hostem.

217 3544 280 3600 Nec
302 3542 381 3598 ultra
405 3538 521 3598 Samnis
542 3538 667 3595 tolerare
692 3549 831 3595 terrorem
860 3539 986 3612 equitum
1009 3540 1195 3615 peditumque
1219 3539 1309 3596 vim8

216 3648 325 3723 potuit3
347 3645 453 3721 partim
475 3647 504 3702 in
526 3646 621 3702 medio
640 3644 719 3715 cesi,
747 3637 852 3720 partim
874 3646 904 3702 in
925 3644 1025 3720 fugam
1047 3645 1178 3721 dissipati
1203 3656 1277 3702 sunt.

217 3756 315 3812 Pedes
336 3760 479 3810 restantes
500 3771 535 3809 ac
557 3751 765 3809 circumventos
790 3751 907 3819 cecidit3
932 3752 969 3809 ab
992 3752 1087 3825 equite
1107 3751 1307 3826 fugientiumt

217 3873 330 3936 strages
352 3869 397 3917 est
417 3858 505 3926 fecta,
526 3858 600 3915 inter
624 3876 696 3932 quos
718 3867 746 3914 et
766 3858 828 3932 ipse
851 3859 1009 3932 imperator
1030 3856 1142 3918 cecidit,

302 3968 369 4025 Hoc
391 3966 506 4021 demum
528 3964 659 4038 proelium
684 3964 857 4023 Samnitium
879 3982 925 4020 res
946 3964 988 4020 ita
1008 3961 1133 4036 infregit,
1163 3969 1194 4018 ut
1215 3966 1329 4020 om-10

218 4075 304 4131 nibus
325 4069 453 4130 conciliis
474 4070 644 4141 fremerent,
677 4070 794 4127 minime
819 4070 849 4126 id
877 4069 991 4144 quidem
1021 4069 1124 4126 mirum
1147 4085 1223 4136 esse,
1253 4066 1277 4122 si

218 4174 309 4254 impio
330 4178 406 4236 bello
429 4185 457 4234 et
479 4185 581 4233 contra
600 4175 695 4233 ioedus
716 4185 859 4251 suscepto,
881 4174 1076 4233 infestioribus
1093 4173 1194 4230 merito
1217 4172 1278 4229 deis

219 4303 308 4358 quam
328 4285 503 4352 hominibus,
526 4283 596 4339 nihil
617 4300 756 4357 prospere
771 4291 902 4357 agerent:
926 4279 1099 4355 expiandum
1121 4278 1151 4335 id
1173 4279 1278 4336 bellum
1294 4283 1326 4337 tt
