3392 5084
473 497 528 553 tss
671 521 676 526 -
728 493 807 542 Liber
823 492 873 544 m.
896 492 1184 557 (suasca-aot.)
1242 470 1249 482 '

426 696 529 754 parum
570 677 650 747 ausi,
684 677 913 744 obsecundando
954 677 1066 734 mollire
1100 677 1239 753 impetum
1276 677 1481 751 aggrediuntur.

427 781 618 841 Comitiorunr
637 781 679 838 illi
700 783 910 852 habendorum,
933 783 1050 856 quando
1072 783 1207 842 minimus
1228 791 1299 840 natu
1322 781 1368 852 sit,
1389 798 1483 838 munus

397 886 569 945 Sconsensu
597 885 758 964 iniungant
812 889 874 946 Ars
901 889 962 946 hoec
992 897 1069 958 crat,
1096 905 1145 972 pe
1180 897 1272 944 semet
1301 886 1365 962 ipse
1395 903 1484 942 creare

426 1001 539 1070 posset,
576 993 654 1066 quod
685 1000 791 1067 praeter
820 993 961 1050 tribunos¹
990 992 1069 1069 plebi
1095 992 1145 1068 ¹(et
1174 992 1204 1048 id
1238 992 1335 1067 ipsum
1367 992 1483 1068 pessimo

427 1097 574 1175 exemplo)
600 1116 686 1156 nemo
708 1116 837 1172 unquam
862 1098 987 1158 fecisset.
1034 1097 1280 1182 llletenimverc,
1314 1097 1392 1170 quod
1419 1097 1484 1152 bene

426 1212 538 1274 vortat,
571 1204 738 1262 habiturum
767 1221 799 1260 se
824 1204 944 1262 comitia
972 1202 1137 1289 professus,
1170 1203 1409 1279 impedimentum
1438 1219 1483 1276 pro

395 1301 579 1368 9occasionc
605 1309 743 1384 arripuit3
773 1284 948 1383 ditatusque
974 1311 1086 1366 honore
1113 1327 1166 1382 per
1194 1308 1351 1397 coitionem
1379 1307 1484 1364 duobus

426 1415 577 1488 Quinctiis,
598 1414 765 1490 Capitolino
787 1410 817 1470 et
838 1412 1021 1485 Cincinnato,
1044 1422 1073 1471 et
1092 1421 1199 1489 patruo
1221 1432 1275 1471 suo
1299 1411 1333 1472 O.
1358 1411 1483 1480 Claudio,

425 1521 659 1579 constantissimo
693 1519 757 1576 viro
789 1519 819 1576 in
852 1519 1035 1593 optimatium
1067 1537 1173 1588 causa,
1208 1528 1238 1575 et
1268 1519 1333 1576 aliis
1364 1519 1484 1576 eiusdem

424 1605 534 1701 fastigii
555 1625 681 1695 civibus,
709 1642 896 1698 nequaquam
917 1624 1071 1699 splendore
1097 1599 1165 1681 vitae
1192 1641 1280 1700 pares
1311 1624 1484 1680 decemviros

375 1732 412 1786 10
425 1741 514 1802 creat,
535 1749 567 1788 se
587 1730 749 1806 inprimis,
771 1731 851 1804 quod
871 1729 950 1786 haud
971 1747 1054 1786 secus
1068 1729 1178 1812 factum
1193 1730 1401 1804 improbabant
1414 1729 1483 1798 boni,

375 1838 408 1892 tt
425 1855 513 1911 quam
534 1855 620 1893 nemo
648 1835 746 1892 facere
774 1853 912 1894 ausurum
941 1835 1111 1892 crediderat.
1160 1831 1260 1892 Creati
1289 1853 1356 1892 cum
1386 1855 1422 1892 eo
1446 1836 1483 1892 Μ.

425 1929 576 1999 Cornelius
599 1940 825 2015 Maluginensis,
856 1942 898 1998 M.
920 1940 1055 2016 Sergius,
1078 1942 1112 2002 L.
1135 1941 1295 2010 Minucius,
1319 1941 1357 2014 Q.
1381 1940 1483 1998 Fabius

423 2045 605 2117 Vibulanus,
627 2033 664 2120 Q}
688 2047 843 2118 Poetelius,
873 2049 911 2105 T.
933 2047 1080 2104 Antonius
1103 2046 1261 2117 Merenda,
1291 2047 1331 2105 K.
1354 2027 1483 2123 Duillius,

424 2150 475 2227 Sp.
497 2150 611 2228 Oppius
632 2151 785 2223 Cornicen,
806 2152 858 2210 Μ’.
880 2153 1048 2238 Rabuleius.

326 2251 373 2320 36
505 2257 561 2315 Ille
580 2249 646 2316 linis
667 2258 768 2333 Appio
790 2259 892 2316 aliena
918 2276 1050 2334 personae
1079 2255 1205 2313 fcrendae
1231 2254 1294 2314 fuit
1343 2257 1406 2316 Suo
1430 2259 1482 2314 iam

421 2361 489 2419 inde
508 2363 609 2421 vivere
628 2364 745 2438 ingenio
767 2364 854 2439 coepit
882 2366 1034 2437 novosque
1061 2362 1204 2438 collegas,
1231 2362 1292 2418 iam
1318 2363 1481 2438 priusquam
1523 2395 1524 2408 .

391 2465 527 2525 2inircnt
548 2469 759 2543 magistratum,
781 2470 810 2526 in
832 2487 902 2526 suos
925 2487 1021 2527 mores
1037 2467 1175 2527 formare.
1219 2467 1357 2540 Quotidie
1373 2469 1482 2526 coibant

421 2573 540 2630 remotis
574 2573 706 2643 arbitris3
742 2573 810 2630 inde
841 2574 1049 2650 impotentibus
1080 2571 1212 2630 instructi
1243 2573 1387 2644 consiliis,
1425 2591 1482 2648 qua
1522 2615 1523 2620 κ

421 2688 533 2736 secreto
555 2681 593 2736 ab
615 2678 679 2734 aliis
700 2681 879 2753 coquebant,
900 2679 960 2736 iam
981 2659 1060 2736 haud
1082 2678 1289 2736 dissimulando
1311 2681 1481 2756 superbiam,

421 2784 482 2841 rari
503 2783 615 2852 aditus,
645 2784 876 2858 colloquentibus
897 2782 1044 2854 difficiles,
1074 2781 1112 2841 ad
1132 2785 1198 2841 idus
1220 2784 1317 2842 Maias
1339 2805 1401 2843 rem
1420 2805 1480 2862 per·

245 2964 279 3017 A·
350 2886 409 3016 3043
422 2888 540 2948 duxere.
595 2890 666 2946 Idus
697 2900 760 2946 tum
793 2890 881 2946 Maiae
912 2888 1066 2947 sollemnes
1101 2891 1233 2954 ineundis
1269 2891 1481 2966 magistratibus

286 2978 343 3017 mc.
404 3006 409 3016 .

252 3032 343 3086 mh·
351 3041 409 3086 450.
422 3002 514 3051 crant.
561 2995 640 3054 Inito
662 2996 750 3077 igitur
771 2996 943 3070 magistratu
978 2995 1103 3070 primum
1131 2995 1251 3052 honoris
1275 2997 1354 3054 diem
1380 2999 1480 3055 denun-
1521 2995 1522 3032 l

420 3101 541 3158 tiationc
572 3102 696 3177 ingentis
732 3101 851 3158 terroris
889 3100 1030 3176 insignem
1061 3101 1165 3159 fecere.
1220 3101 1300 3160 Nam
1332 3121 1419 3178 quum
1444 3104 1480 3158 ita

420 3192 533 3281 priores
554 3206 711 3264 decemviri
732 3213 913 3276 servassent,
943 3215 975 3262 ut
1000 3225 1075 3263 uuus
1103 3206 1199 3264 fasces
1224 3207 1348 3264 haberet
1378 3218 1406 3266 et
1429 3210 1479 3264 hoc

420 3311 533 3388 insigne
554 3313 666 3388 regium
688 3311 717 3368 in
740 3313 856 3379 orbem,
887 3327 971 3368 suam
1002 3311 1141 3385 cuiusque
1168 3313 1276 3382 vicem,
1305 3332 1361 3388 per
1387 3329 1479 3370 omnes

296 3460 300 3466 .
390 3415 490 3487 4iret,
516 3418 613 3474 subito
639 3434 740 3473 omnes
767 3435 832 3473 cum
861 3415 1002 3473 duodenis
1021 3415 1150 3475 fascibus
1171 3417 1315 3493 prodiere.
1364 3417 1479 3478 Centum

419 3523 521 3598 viginti
553 3523 670 3580 lictores
703 3521 800 3579 iorum
833 3520 1026 3595 impleverunt
1060 3529 1089 3578 et
1121 3540 1186 3578 cum
1214 3521 1344 3579 fascibus
1371 3537 1478 3580 securas

419 3628 547 3703 illigatas
567 3626 760 3704 proferebant
766 3645 775 3696 3
796 3645 851 3683 nec
859 3627 1023 3684 attinuisse
1045 3628 1121 3684 demi
1142 3645 1287 3698 securam,
1312 3647 1402 3703 quum
1423 3629 1478 3684 sine
1519 3629 1520 3638 ’

390 3735 629 3808 5provocatione
655 3732 746 3788 creati
773 3741 882 3797 essent,
917 3733 1190 3806 interpretabantur.
1237 3733 1349 3792 Decem
1384 3751 1476 3809 rmum

419 3838 531 3913 species
552 3847 631 3908 erat,
660 3837 924 3911 multiplicatusque
945 3847 1040 3894 terror
1067 3855 1125 3894 non
1153 3837 1258 3894 infimis
1289 3839 1401 3909 solum,
1431 3837 1477 3894 sed

419 3943 594 4018 primoribus
614 3952 748 4019 patrum,
778 3943 851 3999 ratis
878 3943 964 4000 caedis
991 3960 1111 3999 causam
1133 3959 1169 4000 ac
1189 3943 1364 4020 principium
1386 3943 1476 4019 quaeri,

419 4057 466 4119 ut,
493 4050 518 4106 si
540 4050 604 4124 quis
625 4067 783 4105 memorem
810 4048 951 4106 libertatis
980 4067 1082 4107 vocem
1110 4057 1161 4105 aut
1189 4049 1220 4106 in
1247 4058 1352 4106 senatu
1378 4049 1475 4108 autin

418 4155 528 4230 populo
556 4155 695 4226 misisset,
726 4154 823 4210 statim
847 4153 938 4228 virgea
959 4172 1133 4228 securesque
1155 4154 1242 4210 etiam
1264 4156 1302 4212 ad
1322 4164 1475 4214 ceterorum

370 4257 527 4318 'limatum
548 4259 762 4333 expedirentur.
809 4260 888 4316 Nam
911 4240 1104 4334 praeterquam
1127 4261 1207 4333 quod
1227 4260 1256 4316 in
1279 4260 1390 4336 populo
1413 4257 1475 4316 nibil
