3392 5084
473 560 510 615 34
881 543 977 604 'Liber
995 552 1016 601 1.

433 759 560 809 memor3
591 748 620 795 et
652 748 845 813 praeterquam
879 738 955 812 quod
988 738 1035 794 avi
1064 755 1154 813 regno
1183 736 1276 812 magis
1302 734 1509 795 necessariam

318 857 323 871 ¹
353 916 367 925 ἐ
433 846 524 904 fnisse
538 863 641 921 pacem
657 844 793 901 credebat
814 862 902 917 quum
917 842 947 899 in
961 862 1049 917 novo,
1071 852 1132 900 tum
1153 842 1244 901 laroci
1257 842 1377 918 populo,
1398 840 1509 908 etiam,

433 952 514 1027 quod
536 951 577 1008 illi
601 950 767 1025 contigisset
796 949 885 1006 otium
911 950 972 1005 sine
992 948 1105 1019 iniuria,
1125 948 1155 1005 id
1177 967 1208 1006 se
1230 948 1310 1006 haud
1333 947 1423 1005 facile
1449 948 1508 1003 ha-

432 1058 575 1129 bitumm3
599 1055 703 1113 tentari
724 1054 894 1130 patientiam
919 1062 947 1111 et
970 1062 1109 1112 tentatam
1132 1056 1284 1126 contemni,
1306 1062 1509 1131 temporaque

402 1174 496 1224 besse
518 1162 605 1221 Tullo
633 1160 696 1235 regi
727 1159 843 1235 aptiora
871 1176 958 1241 quam
979 1160 1094 1220 Numae.
1145 1162 1187 1222 Ut
1214 1169 1327 1231 tamen,
1356 1159 1506 1233 quoniam

412 1270 531 1327 ‚Numa
551 1267 581 1325 in
602 1285 675 1343 pace
696 1265 849 1341 religiones
877 1264 1060 1335 instituisset,
1089 1284 1107 1322 a
1138 1284 1169 1323 se
1195 1266 1304 1325 bellicae
1325 1264 1507 1324 caerimoniae

421 1376 630 1451 proderentur,
652 1391 705 1430 nec
726 1377 893 1447 gererentur
914 1370 1017 1442 solum,
1039 1372 1090 1427 sed
1106 1372 1399 1455 etiampindicercntur
1421 1370 1506 1431 bella

434 1482 532 1555 aliquo
553 1480 620 1550 ritu,
641 1478 686 1535 ius
711 1476 892 1561 abnantiqua
912 1484 997 1551 gente
1018 1476 1193 1551 AEquieulis,
1215 1478 1293 1552 quod
1314 1497 1391 1536 nunc
1411 1478 1505 1535 fetia-

402 1586 474 1643 6les
495 1586 619 1670 liabent,
648 1583 827 1660 descripsit,
842 1600 901 1657 quo
929 1599 975 1638 res
999 1592 1175 1657 repetuntur.
1218 1584 1346 1659 Legatos
1377 1586 1429 1643 ubi
1465 1584 1504 1641 ad

434 1694 506 1749 fines
539 1709 638 1747 eorum
668 1681 758 1761 'venia
790 1689 868 1747 unde
894 1707 940 1745 res
972 1668 1156 1764 repetuntur,
1189 1688 1283 1764 capite
1315 1689 1412 1747 relato
1452 1690 1504 1747 filo

432 1799 520 1871 (lanae
542 1797 675 1854 velamen
697 1795 753 1871 est.)
785 1794 893 1866 ,Audi
919 1794 1068 1871 Iuppiter“
1098 1794 1207 1869 inquit3
1240 1796 1372 1867 ,audite,
1403 1796 1500 1853 fines“

411 1903 641 1976 ·(cuiuscunque
674 1902 767 1976 gentis
797 1909 880 1973 sunt,
911 1900 1070 1973 nominat);
1105 1900 1223 1970 ,audiat
1251 1899 1312 1959 fas:
1346 1919 1400 1976 ego
1436 1922 1501 1959 sum

432 2008 565 2084 publicus
592 2008 709 2065 nuntius
740 2007 842 2083 populi
862 2006 1003 2079 Romani;
1035 2007 1109 2063 iuste
1138 2005 1242 2081 pieque
1269 2006 1383 2082 legatus
1402 2008 1501 2075 venio,

404 2114 588 2189 'lverbisque
606 2091 685 2172 'meis
714 2114 786 2170 fides
802 2088 874 2170 ‘sit‘fi
933 2113 1054 2189 Peragit
1082 2112 1184 2169 deinde
1215 2113 1371 2187 postulata.
1424 2114 1500 2171 Inde

433 2219 535 2275 Iovem
564 2190 665 2277 tristem
692 2219 776 2291 facit:
807 2219 859 2289 ,Si
888 2237 943 2295 ego
971 2217 1076 2276 iniuste
1101 2218 1247 2295 impieque
1267 2219 1333 2276 illos
1365 2220 1499 2277 homines

433 2324 556 2399 illasque
577 2342 624 2382 res
643 2326 743 2383 dedier
769 2325 840 2383 mihi
869 2324 1011 2401 eiposco,
1039 2326 1104 2381 tum‘
1131 2325 1232 2401 patriae
1258 2334 1422 2400 compotem
1455 2343 1499 2381 ma

403 2429 579 2504 8nunquam
602 2430 667 2488 siris
682 2437 771 2489 esse.“
817 2420 899 2501 Haec,
922 2449 1008 2506 quum
1024 2432 1095 2489 fines
1110 2430 1320 2507 suprascandit,
1342 2432 1413 2503 haec,
1436 2430 1498 2505 qui·

434 2555 547 2610 cunque
570 2537 594 2593 ei
617 2536 727 2611 primus
757 2535 803 2593 vir
831 2537 934 2594 obvius
963 2535 1065 2607 luerit,
1093 2537 1155 2594 haec
1180 2545 1293 2612 portam
1321 2535 1497 2611 ingrediens,

433 2642 494 2699 haec
520 2640 616 2699 iorum
644 2643 800 2717 ingressus,
832 2642 933 2717 paucis
965 2641 1061 2699 verbis
1096 2642 1231 2700 carminis
1260 2641 1498 2717 concipiendique

403 2745 505 2803 itioris
526 2746 640 2805 iurandi
655 2748 782 2822 mutat-is,
803 2748 925 2823 peragit.
969 2747 1001 2828 Si
1016 2766 1074 2804 non
1096 2745 1247 2819 deduntur,
1267 2765 1341 2823 quos
1357 2747 1497 2823 exposcit,

437 2852 540 2909 diebus
565 2854 657 2910 tribus
687 2864 715 2910 et
732 2832 860 2928 'triginta
889 2856 945 2927 (tot
970 2854 1044 2911 enim
1078 2851 1231 2911 sollemnes
1259 2854 1337 2925 suat)
1372 2852 1496 2929 peractis
1529 2858 1530 2861 ’

433 2958 539 3016 bellum
560 2960 603 3016 ita
623 2958 734 3016 indicit:
759 2958 867 3029 „Audi
889 2960 1028 3035 luppiter,
1050 2966 1079 3017 et
1099 2964 1139 3029 tu,
1161 2957 1233 3015 Iane
1248 2958 1377 3031 Quirine,
1400 2958 1495 3033 diique

384 3064 419 3119 10
435 3082 534 3122 omnes
560 3066 697 3133 caelestes,
719 3082 831 3139 vosque
854 3070 1002 3120 terrestres
1023 3081 1135 3137 vosque
1155 3063 1274 3137 inferni,
1302 3065 1413 3122 audite:
1441 3080 1494 3138 ego

432 3188 486 3225 vos
505 3178 604 3238 testor,
626 3168 765 3244 populum
787 3169 886 3226 illum“
911 3168 1086 3245 (quicunque
1101 3179 1154 3239 est,
1175 3169 1316 3245 nominat)
1341 3170 1493 3240 „iniustum

432 3292 496 3330 esse
517 3292 612 3348 nequa
632 3274 677 3331 ius
691 3275 872 3351 persolvere3
894 3276 945 3333 sed
960 3277 996 3333 de
1018 3274 1080 3357 istis
1102 3276 1188 3333 rebus
1209 3276 1238 3332 in
1259 3274 1356 3350 patria
1371 3274 1493 3333 maiores

433 3387 505 3434 natu
528 3379 720 3451 consulemus,
743 3399 801 3456 quo
822 3391 909 3455 pacto
931 3381 976 3438 ius
999 3387 1128 3437 nostrum
1152 3378 1388 3456 adipiscamur
1421 3378 1491 3438 Cum

382 3487 415 3542 11
432 3484 480 3540 his
513 3485 628 3542 nuntius
657 3489 781 3544 Romam
810 3487 848 3545 ad
878 3486 1082 3545 consulendum
1115 3485 1198 3549 redit.
1251 3484 1411 3545 Confestim
1444 3504 1491 3543 rex

432 3589 477 3645 his
499 3588 591 3646 ferme
615 3593 712 3650 verbis
740 3601 839 3669 patres
862 3591 1042 3649 consulebat:
1079 3592 1227 3665 „Quarum
1256 3610 1372 3661 rerum,
1403 3591 1491 3649 litium

433 3713 523 3751 causa
545 3697 675 3754 condixit
692 3706 780 3773 ¹pater
807 3704 939 3772 patratus
968 3695 1068 3771 populi
1089 3697 1215 3757 Romani
1236 3696 1391 3770 Quiritium
1420 3695 1491 3774 paui

435 3809 552 3874 patrato
586 3802 756 3861 Priscorum
788 3804 959 3861 Latinorum
989 3800 1210 3877 hominibusque
1235 3803 1344 3860 Priscis
1374 3803 1490 3871 Latinis,

425 3890 506 3979 ⁴quas
520 3924 566 3964 res
588 3926 641 3965 neo
656 3908 796 3965 dederunt
809 3927 862 3965 nec
884 3908 1033 3965 solverunt
1045 3925 1098 3965 nec
1112 3906 1251 3993 iecerunt,
1274 3927 1346 3982 quas
1361 3928 1407 3965 res
1423 3908 1490 3976 dari,

430 4010 514 4082 solvi,
538 4013 599 4069 fieri
614 4013 751 4089 oportuit,
770 4014 833 4071 dic“
857 4014 951 4089 inquit
964 4014 1000 4085 ei,
1022 4032 1106 4088 quem
1121 4013 1245 4088 primum
1261 4013 1432 4071 sentent-iam
1446 4033 1496 4071 ro··

381 4124 416 4181 12
432 4118 531 4193 gabat,
558 4118 646 4192 „qnid
669 4117 806 4175 censes?“
830 4119 907 4175 Tum
929 4119 990 4175 ille:
1015 4120 1115 4188 „Puro
1132 4118 1240 4193 pioque
1254 4119 1349 4177 duello
1364 4138 1488 4194 quaeren-

431 4225 484 4280 das
506 4242 627 4295 censeo,
655 4225 755 4299 itaque
776 4224 923 4281 consentio
946 4224 1181 4300 consciscoque“.
1230 4224 1303 4282 Inde
1324 4225 1426 4283 ordine
1446 4224 1488 4282 alii

433 4332 616 4413 rogabantur
623 4350 632 4404 ;
661 4330 835 4403 quandoque
862 4348 930 4403 pars
954 4330 1052 4387 'maior
1078 4348 1195 4401 eorum,
1228 4329 1277 4404 qui
1299 4330 1435 4403 aderant,
1463 4330 1487 4386 iu
1525 4326 1526 4329 ’
