3392 5084
502 555 580 606 Liber
596 553 630 605 v.
667 553 717 618 (Α.
732 551 783 602 ch.
799 554 964 617 ece-coa.)
1166 557 1225 614 265

204 759 264 814 spes
288 747 364 810 erat,
397 739 422 796 si
454 755 492 797 ox
519 738 677 796 maioribus
705 737 809 795 castris
837 738 1055 823 subveniretur,
1089 747 1122 795 ut
1148 738 1270 796 diverse

205 845 329 918 legiones
363 844 429 902 alim
460 845 600 902 adversus
623 841 802 918 Capenatem
835 862 870 901 ac
891 845 1054 917 Faliscum,
1082 845 1148 904 alim
1168 855 1271 904 contro

205 949 380 1024 eruptionem
404 937 618 1025 oppidanorum
638 927 814 1023 pupnment3
845 951 897 1008 sed
918 952 1020 1008 castris
1047 961 1172 1027 prseerat
1192 954 1270 1011 Ver-

204 1053 304 1128 ginius,
333 1055 472 1130 privatim
496 1053 600 1128 Sergio
629 1053 739 1110 invisus
760 1052 950 1130 infestusque.
997 1057 1041 1126 Is,
1064 1075 1154 1131 quum
1175 1055 1322 1133 plera-1⁰

205 1177 255 1233 que
277 1158 401 1216 castella
422 1167 601 1234 oppugnata,
623 1167 776 1232 superatas
798 1159 988 1231 munitiones,
1017 1152 1153 1235 utrinque
1173 1162 1271 1220 invehi

204 1268 313 1324 hostem
350 1263 547 1332 nuntiaretur,
578 1262 608 1320 in
641 1264 730 1320 armis
762 1264 867 1322 milites
895 1267 1002 1338 tenuit,
1034 1267 1059 1324 si
1092 1285 1166 1341 opus
1194 1265 1272 1323 foret

204 1370 326 1441 anxilio,
349 1369 491 1443 collegam
514 1367 649 1426 dictitans
671 1368 710 1425 ad
731 1385 764 1426 ee
784 1370 950 1432 missurum.
1004 1373 1100 1429 Huius
1130 1389 1271 1446 arrogan-
1287 1368 1319 1422 ll

205 1477 270 1532 tiam
305 1475 469 1578 pertinacia
501 1473 619 1530 alteriue
656 1474 809 1547 aequabat,
833 1474 893 1548 qui,
925 1494 962 1532 ne
994 1494 1082 1550 quam
1113 1495 1200 1551 opem
1232 1477 1271 1534 ab

204 1581 317 1638 inimico
345 1581 494 1638 videretur
521 1579 643 1653 petisse,
673 1578 750 1636 vinci
779 1580 817 1636 ab
845 1579 930 1637 hoste
960 1599 1048 1655 qnam
1077 1580 1194 1638 vincere
1219 1599 1272 1655 per

205 1687 293 1743 civem
315 1683 427 1744 maluit.
479 1685 540 1742 Diu
563 1683 593 1740 in
617 1683 713 1740 medio
736 1683 944 1754 commilites,
973 1695 1122 1760 postremo
1150 1686 1271 1743 desertis
1287 1683 1323 1740 tt

204 1790 410 1848 munitionibus
431 1789 570 1866 perpauci
591 1789 620 1844 in
642 1788 755 1845 maiora
783 1796 895 1859 castre,
925 1807 995 1864 pars
1024 1791 1154 1849 maxima
1183 1801 1272 1866 atque

204 1897 263 1970 ipse¹
289 1894 412 1976 Sergius
441 1895 567 1952 Romam
595 1893 808 1968 pertenderunt.
861 1892 922 1953 Ubi
951 1913 1040 1968 quum
1068 1916 1182 1954 omnem
1211 1896 1271 1954 cul·

205 2019 268 2075 pam
291 2001 322 2057 in
337 1999 481 2074 collegam
497 1997 656 2068 inclinaret,
678 1998 766 2056 acciri
788 1998 959 2073 Verginium
975 2019 1012 2058 ex
1027 2002 1139 2071 caetris,
1160 2001 1272 2059 interea

205 2121 326 2179 praesse
348 2103 463 2179 legatos
484 2099 602 2178 placuit.
650 2105 729 2161 Acta
750 2102 854 2160 deinde
874 2104 905 2160 in
931 2115 1034 2162 senatu
1060 2124 1108 2163 res
1135 2114 1180 2162 eet
1208 2124 1271 2163 cer·
1286 2098 1322 2154 ¹3

205 2219 355 2284 totumque
374 2209 452 2266 inter
473 2209 600 2282 collegae
627 2207 797 2267 maledictis.
846 2210 940 2267 Pauci
968 2211 1009 2266 rei
1038 2211 1175 2285 publico,
1204 2210 1272 2268 huic

206 2323 291 2390 etque
305 2315 358 2385 illi,
379 2323 412 2371 ut
427 2331 559 2388 quosque
574 2315 701 2371 studium
718 2313 855 2388 privatim
871 2324 922 2371 aut
935 2315 1032 2389 gratia
1047 2326 1271 2390 occupaverant,

208 2422 319 2479 adsunt.
376 2420 526 2478 Primores
556 2427 687 2494 patrum,
720 2419 781 2476 sive
813 2419 901 2493 culpa
931 2419 994 2476 sive
1022 2419 1190 2476 infelicitate
1217 2420 1270 2476 im·
1345 2407 1366 2474 ll

206 2536 369 2600 paratorum
394 2534 454 2581 tom
475 2524 669 2599 ignominiosa
685 2522 782 2581 clades
797 2533 918 2599 accepta
936 2534 1021 2594 esset,
1043 2542 1189 2595 censuere,
1211 2543 1271 2582 non

206 2629 430 2706 exspectandum
451 2630 558 2688 iustum
582 2640 696 2705 tempus
719 2629 911 2698 comitiorum,
932 2629 985 2686 sed
1009 2629 1156 2702 extemplo
1177 2645 1271 2685 novos

206 2737 332 2794 tribunos
355 2735 478 2792 militum
500 2736 641 2793 creandos
663 2753 736 2805 esse,
759 2735 808 2809 qui
830 2733 959 2791 calendis
980 2733 1158 2792 Octobribus
1177 2733 1271 2808 mogi·

206 2854 323 2900 stratum
347 2841 520 2914 occiperent.
564 2841 599 2897 Iu
622 2859 710 2915 quem
732 2839 903 2896 sententiam
925 2859 1015 2914 quum
1029 2839 1151 2915 pedibus
1172 2835 1301 2909 iretur,2

206 2949 290 3004 ceteri
310 2946 421 3004 tribuni
441 2945 563 3002 militum
586 2946 657 3002 nihil
678 2945 890 3013 contradicere,
922 2955 954 3001 at
982 2945 1129 3002 enimvero
1152 2941 1302 3019 Sergiusb

207 3037 438 3128 Verginiueque,
464 3059 585 3124 propter
612 3069 686 3124 quos
707 3049 844 3125 penitere
866 3050 1088 3124 magistratuum
1113 3050 1176 3106 eius
1203 3049 1272 3113 anni

207 3167 334 3213 senatum
361 3158 532 3231 apparebat,
554 3156 648 3231 primo
671 3154 822 3230 deprecari
843 3153 1043 3228 ignominiam,
1065 3154 1169 3212 deinde
1182 3157 1271 3210 iuter-

207 3263 305 3319 cedere
328 3270 447 3318 senatus
469 3261 611 3329 consulto,
634 3279 752 3334 negare,
774 3279 806 3317 se
828 3268 896 3315 ente
918 3259 983 3316 idus
1003 3261 1192 3326 Decembres,
1213 3258 1272 3314 eol·

206 3367 325 3424 lemnem
358 3365 490 3422 ineundis
522 3365 739 3440 magistratibus
769 3364 860 3437 diem,
889 3367 1000 3422 honore
1038 3365 1168 3422 abituros
1200 3381 1271 3420 esse.

208 3473 283 3530 Inter
304 3472 366 3529 baec
387 3470 495 3528 tribuni
516 3469 624 3545 plebis,
647 3488 734 3544 quum
756 3471 786 3526 in
809 3469 966 3527 concordia
988 3469 1137 3526 hominum
1168 3467 1303 3527 secun-4

209 3579 305 3652 disque
325 3577 413 3634 rebus
436 3574 560 3632 civitatis
575 3573 658 3632 inviti
672 3573 815 3633 silentium
836 3575 1005 3643 tenuissent,
1026 3573 1139 3632 feroces
1154 3585 1272 3650 repente

211 3683 309 3740 minari
329 3682 453 3740 tribunis
474 3680 613 3752 militum,
634 3681 690 3738 nisi
712 3681 742 3738 in
762 3679 936 3737 auctoritate
963 3689 1082 3738 senatus
1105 3689 1216 3748 essent,
1240 3698 1273 3736 se
1330 3675 1334 3684 '

211 3787 237 3842 in
260 3787 376 3844 vinculo
396 3804 448 3843 eos
474 3785 542 3842 duei
569 3785 699 3844 iussuros
731 3804 803 3844 esse.
853 3787 931 3843 Tum
953 3785 987 3845 0.
1010 3785 1151 3844 Servilius
1176 3782 1302 3842 Ahalat

211 3891 337 3948 tribunus
360 3890 495 3948 militum:
517 3889 623 3962 „Quod
645 3891 684 3946 ad
705 3909 759 3949 vos
775 3891 887 3960 attinet,
909 3891 1018 3948 tribuni
1038 3890 1141 3965 plebis,
1165 3881 1272 3945 minas·

213 4013 264 4082 que
284 4005 412 4065 vestras,
440 4013 476 4050 ns
499 4011 554 4068 ego
574 3993 697 4051 libenter
721 3993 885 4070 experirer,
903 4014 996 4069 ‚quarn
1018 4014 1078 4052 non
1098 3995 1164 4070 plus
1185 3993 1216 4049 in
1237 3993 1273 4049 iis

213 4099 276 4156 iuris
300 4119 388 4175 quom
418 4100 449 4157 in
476 4099 561 4158 vobis
583 4097 672 4156 animi
697 4108 786 4168 eseet3
819 4101 871 4157 sed
899 4100 983 4158 nefas
1009 4108 1055 4158 est
1081 4100 1199 4158 tendere
1220 4098 1303 4156 sed-6

214 4221 307 4264 versus
335 4206 538 4264 auctoritatem
570 4214 698 4270 sanetus.
752 4205 881 4263 Proinde
911 4213 941 4263 ct
964 4225 1018 4263 ros
1048 4205 1170 4263 desinite
1197 4203 1274 4260 inter

215 4319 306 4368 nostre
326 4312 485 4370 certamina
505 4311 601 4370 locum
623 4310 734 4368 iniuriae
749 4327 888 4385 quaerere,
910 4320 939 4366 at
959 4309 1078 4384 collega
1093 4319 1143 4367 aut
1156 4308 1273 4376 iaciant,
