3392 5084
536 489 614 538 unsr
632 487 721 564 vm.-
741 489 784 548 (A.
796 487 843 537 cu.
854 484 929 552 eto.)
1158 495 1214 549 103

216 670 274 741 fuit,
297 672 478 748 disciplinam
502 673 663 742 militarem,
686 690 743 747 qua
765 673 843 730 stetit
871 673 909 729 cd
930 675 1006 731 hanc
1028 672 1102 731 diem
1124 677 1258 734 Romana

215 795 262 843 res,
287 777 409 847 solvisti,
430 795 533 852 meque
551 778 581 835 iu
602 797 666 836 eam
688 779 886 836 necessitatem
910 778 1065 850 adduxisti,
1094 789 1125 837 ut
1145 791 1195 838 aut
1215 782 1257 838 rei

215 882 325 956 publice
358 883 428 940 mibi
457 893 507 940 aut
539 884 595 942 mei
630 902 817 959 meorumque
849 884 1075 942 obliviscendum
1116 887 1168 957 sit,
1203 905 1256 946 nos
1273 892 1307 945 17

214 989 298 1063 potius
319 998 423 1046 nostro
444 989 548 1046 delicto
578 989 749 1064 plectemur,
779 1008 866 1064 quam
896 991 1080 1066 respublica
1101 1000 1182 1050 tanto
1203 1011 1256 1052 suo

214 1094 309 1150 damno
331 1105 433 1151 nostra
453 1104 574 1169 peccata
594 1095 671 1160 luat:
697 1096 779 1153 triste
795 1096 968 1171 exemplum,
995 1097 1089 1154 sedin
1109 1108 1256 1174 posterum

213 1199 317 1256 salubre
338 1199 481 1257 iuventuti
501 1200 618 1262 erimus.
666 1203 716 1259 Me
745 1201 860 1277 quidem
887 1220 973 1277 quum
1003 1202 1129 1277 ingenita
1150 1204 1306 1264 caritas18

212 1304 332 1376 liberum,
360 1315 422 1363 tum
444 1307 588 1381 specimen
608 1307 686 1364 istud
711 1308 825 1366 virtutis
854 1310 1002 1384 deceptum
1031 1327 1109 1365 vana
1131 1309 1256 1385 imagine

213 1411 314 1468 decoris
346 1413 377 1469 in
406 1422 435 1468 te
467 1421 577 1481 movet,
611 1415 663 1471 sed
695 1433 782 1489 quum
819 1425 869 1471 aut
899 1423 992 1472 morte
1022 1423 1072 1470 tua
1101 1415 1306 1476 sanciendam

212 1515 259 1572 sint
271 1518 423 1575 consulum
444 1517 566 1593 imperia
587 1529 637 1576 aut
650 1520 819 1595 impunitate
832 1520 863 1576 in
885 1530 1053 1596 perpetuum
1078 1520 1255 1596 abroganda,

211 1640 239 1678 ne
264 1623 448 1699 tequidem,
483 1625 508 1681 si
535 1626 604 1700 quid
625 1626 654 1682 in
680 1633 713 1682 te
735 1627 825 1683 nostri
855 1626 1002 1702 sanguinis
1032 1635 1091 1695 est,
1122 1643 1256 1682 recusare

211 1745 352 1799 censeam,
385 1729 455 1805 quin
484 1723 664 1806 disciplinam
696 1731 864 1802 militarem,
899 1731 1057 1807 culpatus
1079 1731 1254 1806 prolapsam,

209 1852 284 1907 puna
303 1836 452 1894 restituas.
493 1838 525 1907 I,
544 1837 637 1906 lictor,
659 1836 754 1911 deliga
775 1837 813 1893 ad
833 1836 961 1910 palum.“
1005 1835 1173 1894 Exanimati
1194 1855 1255 1894 om·
1268 1835 1305 1890 20

209 1959 250 1997 nes
268 1951 330 1999 tam
357 1942 448 2000 atroci
469 1942 599 2018 imperio,
619 1960 673 1999 nec
694 1943 777 2000 aliter
798 1961 885 2018 quam
906 1941 935 1997 iu
956 1959 988 1998 se
1003 1934 1125 2017 quisqu'e
1138 1943 1255 2000 destric-

209 2054 257 2102 tam
279 2058 432 2105 cernentes
453 2066 596 2119 securem,
623 2058 700 2106 metu
721 2049 814 2124 magis
835 2065 922 2122 quam
951 2048 1092 2104 modestia
1112 2048 1254 2122 quievere.

207 2151 301 2226 ltaque
324 2154 408 2211 velut
428 2171 522 2210 merso
545 2155 582 2211 ab
604 2155 794 2212 admiratione
816 2153 928 2223 animo,
959 2171 1046 2227 quum
1069 2153 1180 2211 silentio
1202 2155 1253 2212 de·
1266 2159 1302 2215 21

206 2257 248 2313 fixi
267 2259 426 2329 stetissent,
447 2267 573 2334 repente,
595 2270 749 2337 postquam
761 2261 873 2318 cervice
896 2277 971 2316 caesa
992 2260 1073 2317 fusus
1096 2270 1138 2317 est
1160 2277 1253 2328 cruor,

207 2373 257 2419 tum
277 2365 373 2422 libero
397 2375 555 2440 conquestu
576 2377 682 2423 coortae
712 2385 798 2424 voces
829 2375 909 2433 sunt,
938 2373 969 2420 ut
1002 2384 1095 2440 neque
1121 2365 1253 2422 lamentis

206 2487 289 2544 neque
310 2471 560 2529 exsecrationibus
580 2483 755 2546 parceretur,
777 2471 933 2546 spoliisque
961 2479 1121 2528 contectum
1144 2470 1254 2528 iuvenis
1266 2475 1304 2531 22

207 2592 310 2650 corpus,
342 2586 484 2651 quantum
505 2576 675 2635 militaribus
697 2578 798 2634 studiis
828 2576 914 2634 funus
943 2575 1031 2633 ullum
1061 2577 1255 2634 concelebrari

205 2691 300 2753 potest,
323 2689 436 2739 structo
456 2690 539 2738 extra
559 2682 667 2738 vallum
681 2701 754 2759 rogo
769 2691 953 2754 cremaretur,
975 2681 1180 2756 Manlianaque
1200 2682 1253 2740 im-

205 2788 276 2859 peria
305 2808 368 2846 non
395 2789 425 2843 in
453 2786 605 2862 presentia
633 2789 719 2845 modo
740 2789 899 2859 horrenda,
932 2789 983 2846 sed
1013 2788 1137 2865 exempli
1167 2788 1253 2846 etiam

205 2892 283 2952 tristis
304 2895 337 2951 in
360 2902 509 2969 posterum
530 2902 633 2951 essent.

277 3000 365 3081 Fecit
384 3007 483 3056 tamen
504 3001 640 3057 atrocitas
661 3018 753 3077 poeuae
781 2998 1005 3056 obedientiorem
1034 2999 1100 3056 duci
1120 2999 1252 3068 militem3
1323 2996 1346 3065 8

205 3115 228 3159 et
250 3115 445 3180 praeterquam
475 3104 552 3179 quod
581 3107 718 3163 custodia
746 3106 908 3181 vigiliaque
937 3112 965 3161 et
984 3104 1070 3161 surdo
1097 3105 1252 3162 stationum

204 3208 359 3269 intentioris
379 3210 487 3285 ubique
505 3229 581 3268 curae
595 3222 685 3281 erant,
708 3211 739 3268 in
753 3212 854 3268 ultimo
869 3211 954 3266 etiam
977 3211 1141 3279 certamine,
1164 3229 1251 3285 quum

205 3315 368 3375 descensum
398 3315 429 3372 in
455 3317 546 3374 aciem
577 3327 634 3381 est,
664 3337 699 3374 ca
725 3318 864 3374 severitas
895 3314 1013 3391 profuit.
1065 3315 1134 3372 Fuit
1156 3318 1280 3372 autem2

191 3413 272 3480 'civili
301 3423 432 3480 maxime
464 3422 540 3480 bello
566 3443 664 3499 pugna
685 3424 798 3491 similis3
830 3422 903 3478 adeo
933 3420 1004 3477 nihil
1026 3419 1104 3495 apud
1132 3420 1252 3478 Latinos

205 3527 347 3586 dissonum
369 3529 407 3585 ab
429 3530 563 3585 Romana
584 3548 616 3585 re
642 3539 745 3605 preter
773 3528 884 3598 animos
907 3535 977 3588 erat.
1029 3524 1136 3600 Clipeis
1166 3528 1281 3584 entend

206 3631 323 3691 Romani
345 3634 392 3690 usi
412 3642 488 3703 sunt,
510 3632 586 3702 dein,
607 3644 761 3708 postquam
783 3632 961 3709 stipendiarii
982 3631 1053 3689 facti
1074 3643 1148 3702 sunt,
1169 3641 1252 3690 scuta

206 3754 251 3808 pro
282 3739 384 3815 clipeis
415 3739 523 3808 fecere;
556 3748 584 3796 et
611 3740 688 3815 quod
721 3747 807 3796 antea
830 3739 990 3814 phalanges
1020 3737 1126 3795 similes
1154 3740 1252 3796 Maee-
1283 3753 1286 3758 ·

207 3841 317 3915 doricis,
350 3847 407 3902 hoc
438 3855 541 3921 postea
574 3845 773 3920 manipulatim
805 3854 914 3902 structa
945 3844 1021 3901 acies
1054 3844 1140 3920 coepit
1174 3862 1252 3914 esse3

206 3961 347 4020 postremo
369 3952 399 4007 in
418 3951 515 4026 plures
536 3953 651 4008 ordines
670 3951 898 4032 instruebantur,
922 3952 993 4007 ordo
1015 3967 1177 4025 sexagenos
1200 3947 1281 4004 rui-4
1373 3995 1376 3998 .

205 4051 271 4125 lites,
285 4056 370 4113 binos
387 4056 576 4126 centuriones,
592 4057 771 4113 vexillarium
786 4050 875 4113 unum
890 4057 1025 4114 habebat.
1060 4056 1161 4112 Prima
1175 4053 1251 4114 acies
1264 4051 1281 4105 5

207 4158 306 4219 hastati
326 4169 422 4232 erant,
445 4161 584 4237 manipuli
607 4161 777 4236 quindecim,
799 4161 937 4218 distantes
958 4161 1033 4218 inter
1054 4180 1085 4218 se
1107 4160 1249 4218 modicum

208 4266 339 4337 spatium3
367 4267 531 4342 manipulus
554 4267 632 4323 leves
654 4267 770 4325 vicenos
791 4267 910 4337 milites,
939 4267 1023 4323 aliam
1047 4267 1160 4324 turbam
1184 4284 1251 4324 scu-
