3392 5084
513 518 639 572 muru.
675 518 931 585 (seire-ne.)
1154 526 1208 582 115

214 707 313 782 plebum
340 724 404 764 ene
439 691 471 764 iu
499 724 533 762 re
560 704 680 782 publicu
698 705 869 791 crediderit,
898 703 1031 764 exsilium
1053 703 1107 766 on.
1140 707 1254 778 Marcii,

215 811 323 869 lierenii
349 811 569 870 damnationem
591 819 622 868 et
641 819 764 870 mortem
786 811 842 870 sibi
871 819 1018 888 proponet
1047 821 1115 870 ente
1145 812 1253 872 oculos.

215 918 259 975 llis
277 917 388 976 accensi
407 917 531 976 vocibus
551 927 650 993 putres
671 917 795 976 concilio
813 916 886 975 inde
907 935 967 974 non
987 916 1117 1001 publico,
1146 917 1197 975 sed
1226 917 1286 974 inl

214 1023 312 1099 privato
340 1024 520 1098 seductaque
548 1041 567 1080 s
587 1023 714 1100 plurium
743 1020 920 1082 conscientie
936 1022 1059 1093 bebere;
1089 1023 1139 1082 ubi
1168 1042 1256 1100 quum

214 1129 237 1184 id
266 1129 348 1186 modo
381 1137 543 1198 constaret,
562 1129 641 1203 ‚inre
670 1148 710 1187 nn
742 1128 861 1199 iniuria,
890 1128 1052 1204 eripiendos
1084 1145 1147 1186 esee
1181 1147 1257 1199 reos,

214 1235 379 1294 atrocissimo
411 1254 533 1311 qunque
565 1235 692 1294 mnxime
720 1235 856 1310 placebat
886 1234 1042 1306 sententis,
1074 1253 1128 1292 nec
1156 1243 1259 1292 unctor

214 1341 331 1415 quumvis
363 1340 470 1399 cnduci
500 1339 624 1398 facinori
655 1340 765 1398 deerat.
822 1340 915 1416 Igitur
944 1341 1043 1400 indicii
1076 1341 1137 1410 die,
1169 1347 1288 1416 quumd

214 1447 281 1522 plebs
300 1445 417 1504 infore
440 1455 537 1504 erecto
558 1447 775 1522 exspectatione
794 1455 899 1518 steret,
921 1447 1020 1505 mirari
1040 1445 1149 1524 primo,
1181 1447 1260 1523 quod

214 1570 261 1609 non
280 1552 465 1610 descenderet
485 1552 632 1624 tribunus3
664 1552 745 1623 dein,
777 1572 865 1628 quum
896 1553 955 1612 ium
986 1572 1069 1612 mors
1099 1552 1260 1629 suspectior

214 1659 290 1729 fieret,
311 1658 481 1716 deterritum
502 1677 523 1716 a·
542 1657 717 1734 primoribus
738 1659 865 1730 credere,
896 1668 924 1716 et
943 1659 1085 1718 desertam
1107 1677 1142 1716 uc
1162 1659 1259 1734 prodi·

214 1774 263 1828 tem
288 1783 408 1822 csusem
434 1764 579 1840 publicem
604 1764 699 1839 qneri3
727 1764 853 1838 tandem,
876 1766 925 1840 qui
946 1745 1093 1824 obversati
1116 1763 1289 1824 vestibuloll

215 1871 308 1928 tribuni
320 1869 447 1940 bierunt,
467 1869 608 1940 nuntiant,
629 1869 709 1928 domi
729 1881 875 1929 mortuum
890 1890 953 1930 osse
973 1872 1129 1932 inventum.
1174 1870 1261 1945 Quod

216 1977 256 2034 ubi
272 1978 304 2034 in
327 1985 422 2034 totsm
448 1976 612 2036 contionem
640 1974 758 2050 pertulit
782 1995 896 2048 rumor,
925 1978 999 2036 sicut
1028 1976 1104 2035 scies
1132 1975 1261 2036 funditur

216 2083 277 2140 duce
296 2082 407 2151 occiso,
433 2081 477 2138 ite
499 2081 607 2157 dilspsi
634 2081 744 2157 passim
774 2081 826 2140 elii
854 2083 920 2140 clio.
969 2083 1137 2159 Prmcipune
1167 2101 1260 2158 pavor

217 2190 332 2247 tribunos
352 2189 515 2257 invaserat,
542 2205 631 2262 quem
651 2187 723 2244 nihil
743 2187 844 2246 suxilii
866 2197 987 2246 secreto
1013 2187 1091 2264 leges
1112 2189 1261 2257 heberent,
1342 2193 1345 2206 ⁴

217 2307 298 2352 morte
328 2294 446 2370 college
478 2293 615 2380 monitop.
671 2294 735 2352 Nec
767 2302 865 2368 patres
904 2291 974 2350 setis
1008 2293 1156 2350 moderato
1187 2293 1313 2358 ferrem
1360 2356 1362 2362 ,

219 2399 341 2471 lentium
363 2400 495 2474 adeoque
515 2400 658 2458 neminem
680 2399 775 2457 noxie
795 2399 961 2476 paenitebat,
983 2408 1014 2456 ut
1034 2398 1119 2458 etium
1135 2399 1263 2457 insontes

220 2504 308 2564 lccbse
327 2506 421 2564 videri
441 2505 549 2563 vellent
570 2505 726 2582 palemque
747 2505 882 2578 ferretur,
904 2507 982 2564 mulo
1010 2506 1185 2564 domandam
1213 2505 1263 2563 tri·

221 2612 349 2670 lucidam
372 2620 556 2688 poscentem.
861 2689 863 2692 Ι

306 2718 366 2777 Sub
403 2718 460 2775 hcc
494 2718 612 2794 pessimi
655 2717 779 2793 exempli
814 2718 936 2776 victorin
973 2717 1099 2776 delectus
1135 2717 1264 2788 edicitur,
1316 2709 1359 2779 55

225 2824 437 2900 paventibusque
466 2823 603 2895 tubunis,
632 2823 694 2880 sine
720 2823 926 2882 intercessione
956 2824 1015 2882 ulla
1045 2823 1176 2885 consules
1202 2841 1264 2880 rem

226 2939 357 3006 peragunt
405 2930 484 2988 Tum
506 2947 577 2987 vero
598 2929 685 2988 irasci
712 2930 795 3006 plebs
817 2930 998 2990 tribunonrm
1027 2931 1121 3006 megin
1153 2928 1296 2988 silentiol

224 3051 296 3107 quem
316 3036 468 3094 consulum
495 3036 632 3112 imperio,
660 3043 690 3093 et
715 3035 826 3106 dicere,
854 3045 949 3096 ecurm
979 3053 1042 3094 esee
1070 3035 1106 3092 de
1133 3034 1268 3093 libertate

224 3157 279 3204 sue:
302 3159 403 3200 rursus
431 3142 470 3198 cd
491 3142 612 3217 entique
633 3140 770 3212 reditum
797 3161 863 3200 cnm
887 3141 1019 3202 Genucio
1040 3160 1100 3200 nne
1123 3148 1268 3198 mortuam

225 3264 253 3304 ec
280 3248 422 3326 sepultam
461 3247 645 3306 tribuniciam
679 3254 863 3323 potestatem.
919 3247 1011 3307 Aliud
1048 3246 1190 3323 egendum
1233 3264 1268 3304 sc

225 3354 413 3429 rugientem,
429 3355 592 3430 ⁴quomodo
623 3354 775 3413 resistatur
809 3355 954 3431 putribus;
988 3353 1018 3412 id
1051 3362 1147 3412 autem
1179 3357 1298 3414 nnum3

225 3459 359 3518 consilinm
388 3477 462 3531 esse,
490 3470 523 3518 ut
550 3478 582 3517 se
611 3460 678 3536 ipsc
704 3460 802 3537 plebs,
831 3462 947 3536 quendo
977 3461 1057 3518 eliud
1076 3458 1147 3516 nihil
1169 3455 1270 3516 auxilii

225 3561 326 3638 hubent,
348 3564 496 3625 defendet.
540 3565 685 3641 Quattuor
706 3576 734 3624 et
758 3565 861 3642 viginti
886 3565 1002 3624 lictores
1029 3583 1171 3642 apparere
1201 3584 1269 3622 con·

226 3668 333 3743 umbus,
355 3680 385 3728 et
406 3689 458 3728 eos
477 3671 558 3747 ipsos
579 3671 670 3748 plebis
698 3672 844 3742 bomines;
874 3671 946 3730 nihil
965 3670 1156 3748 contemptius
1177 3689 1271 3745 neque

226 3771 366 3848 infirmius,
392 3775 419 3834 si
445 3777 517 3848 sint,
547 3777 597 3852 qni
617 3787 815 3853 contemnunt;
847 3774 903 3835 sibi
928 3795 1072 3852 quemque
1100 3795 1135 3834 ee
1165 3796 1272 3852 magne

229 3888 303 3954 etque
320 3883 467 3942 horrendo
494 3874 604 3941 fecere-
647 3883 702 3942 His
732 3883 852 3942 vocibus
874 3881 924 3940 ulii
945 3881 1017 3940 elice
1046 3901 1134 3958 quum
1155 3882 1301 3942 incitas-4

229 3988 289 4054 sent
309 3989 347 4046 sd
366 3962 544 4047 Voleronem
565 3987 734 4058 Publilium,
755 3988 791 4046 de
811 3987 897 4064 plebe
916 3989 1071 4058 hominem,
1094 3989 1171 4064 quis,
1194 3989 1272 4066 quod
1329 3973 1332 3984 ¹

232 4091 329 4152 ordines
349 4095 489 4166 duxisset,
511 4103 630 4170 negaret
650 4110 683 4150 ee
704 4091 824 4150 militem
843 4093 907 4150 fieri
927 4093 1041 4166 debere,
1061 4094 1147 4152 lictor
1169 4095 1280 4154 missus

233 4206 269 4252 est
292 4219 310 4256 s
334 4201 509 4260 consulibus.
553 4198 662 4256 Volero
691 4198 820 4275 appellat
849 4199 988 4258 tribunos.
1038 4199 1134 4274 Quum
1164 4199 1306 4258 anxiliob

233 4317 304 4362 neno
333 4316 422 4378 esset,
454 4305 588 4365 consules
619 4305 741 4385 spoliari
773 4303 919 4362 bominem
952 4313 980 4362 et
1013 4305 1111 4382 virgin
1146 4306 1275 4382 expediri

307 4407 319 4428 !
1046 4406 1076 4460 s*
