<?xml version="1.0" encoding="UTF-8"?>
<!DOCTYPE html PUBLIC "-//W3C//DTD XHTML 1.0 Transitional//EN"
    "http://www.w3.org/TR/xhtml1/DTD/xhtml1-transitional.dtd">
<html xmlns="http://www.w3.org/1999/xhtml" xml:lang="en" lang="en">
 <head>
  <title>
</title>
<meta http-equiv="Content-Type" content="text/html;charset=utf-8" />
  <meta name='ocr-system' content='tesseract 3.04.00' />
  <meta name='ocr-capabilities' content='ocr_page ocr_carea ocr_par ocr_line ocrx_word'/>
</head>
<body>
  <div class='ocr_page' id='page_1' title='image "./titiliviihistor03ussigoog_0442.png"; bbox 0 0 3392 5084; ppageno 0'>
   <div class='ocr_carea' id='block_1_1' title="bbox 478 484 1243 568">
    <p class='ocr_par' dir='ltr' id='par_1_1' title="bbox 478 484 1243 568">
     <span class='ocr_line' id='line_1_1' title="bbox 478 484 1243 568; baseline 0 -33"><span class='ocrx_word' id='word_1_1' title='bbox 478 487 515 544; x_wconf 70' lang='grc' dir='ltr'><strong>η</strong></span> <span class='ocrx_word' id='word_1_2' title='bbox 723 485 875 536; x_wconf 74' lang='lat' dir='ltr'>monum</span> <span class='ocrx_word' id='word_1_3' title='bbox 910 485 1023 550; x_wconf 61' lang='lat' dir='ltr'>(aaa</span> <span class='ocrx_word' id='word_1_4' title='bbox 1037 484 1198 548; x_wconf 69' lang='lat' dir='ltr'>tot-soc.)</span> <span class='ocrx_word' id='word_1_5' title='bbox 1237 559 1243 568; x_wconf 26' lang='grc' dir='ltr'>Ι</span> 
     </span>
    </p>
   </div>
   <div class='ocr_carea' id='block_1_2' title="bbox 403 667 1483 852">
    <p class='ocr_par' dir='ltr' id='par_1_2' title="bbox 403 667 1483 852">
     <span class='ocr_line' id='line_1_2' title="bbox 403 667 1483 740; baseline -0.001 -14"><span class='ocrx_word' id='word_1_6' title='bbox 403 670 509 730; x_wconf 67' lang='lat' dir='ltr'>icium</span> <span class='ocrx_word' id='word_1_7' title='bbox 531 689 569 728; x_wconf 87' lang='lat' dir='ltr'>ex</span> <span class='ocrx_word' id='word_1_8' title='bbox 592 671 677 728; x_wconf 87' lang='lat' dir='ltr'>hoste</span> <span class='ocrx_word' id='word_1_9' title='bbox 696 669 805 740; x_wconf 62' lang='lat' dir='ltr'>faciam</span> <span class='ocrx_word' id='word_1_10' title='bbox 824 671 856 728; x_wconf 91' lang='lat' dir='ltr'>in</span> <span class='ocrx_word' id='word_1_11' title='bbox 876 670 978 728; x_wconf 74' lang='lat' dir='ltr'>henas</span> <span class='ocrx_word' id='word_1_12' title='bbox 991 669 1160 728; x_wconf 71' lang='lat' dir='ltr'>strinximus</span> <span class='ocrx_word' id='word_1_13' title='bbox 1173 668 1297 738; x_wconf 69' lang='lat' dir='ltr'>fenum</span> <span class='ocrx_word' id='word_1_14' title='bbox 1315 667 1483 726; x_wconf 85' lang='lat' dir='ltr'>hauriendus</span> 
     </span>
     <span class='ocr_line' id='line_1_3' title="bbox 434 773 1483 852; baseline -0.004 -18"><span class='ocrx_word' id='word_1_15' title='bbox 434 785 486 834; x_wconf 86' lang='lat' dir='ltr'>aut</span> <span class='ocrx_word' id='word_1_16' title='bbox 505 776 619 835; x_wconf 86' lang='lat' dir='ltr'>dandus</span> <span class='ocrx_word' id='word_1_17' title='bbox 647 784 691 832; x_wconf 88' lang='lat' dir='ltr'>est</span> <span class='ocrx_word' id='word_1_18' title='bbox 713 774 841 852; x_wconf 85' lang='lat' dir='ltr'>sanguis.</span> <span class='ocrx_word' id='word_1_19' title='bbox 889 775 1064 852; x_wconf 89' lang='lat' dir='ltr'>Propulistis</span> <span class='ocrx_word' id='word_1_20' title='bbox 1094 795 1112 834; x_wconf 90' lang='lat' dir='ltr'>a</span> <span class='ocrx_word' id='word_1_21' title='bbox 1140 775 1259 846; x_wconf 87' lang='lat' dir='ltr'>castris,</span> <span class='ocrx_word' id='word_1_22' title='bbox 1290 773 1393 849; x_wconf 89' lang='lat' dir='ltr'>supina</span> <span class='ocrx_word' id='word_1_23' title='bbox 1411 773 1483 832; x_wconf 84' lang='lat' dir='ltr'>valle</span> 
     </span>
    </p>
   </div>
   <div class='ocr_carea' id='block_1_3' title="bbox 433 879 1500 959">
    <p class='ocr_par' dir='ltr' id='par_1_3' title="bbox 433 879 1500 959">
     <span class='ocr_line' id='line_1_4' title="bbox 433 879 1500 959; baseline -0.003 -19"><span class='ocrx_word' id='word_1_24' title='bbox 433 883 593 959; x_wconf 71' lang='lat' dir='ltr'>precipites</span> <span class='ocrx_word' id='word_1_25' title='bbox 616 881 724 958; x_wconf 60' lang='lat' dir='ltr'>egistis</span> <span class='ocrx_word' id='word_1_26' title='bbox 745 883 843 940; x_wconf 74' lang='lat' dir='ltr'>suetis</span> <span class='ocrx_word' id='word_1_27' title='bbox 866 882 1035 959; x_wconf 78' lang='lat' dir='ltr'>corporibus</span> <span class='ocrx_word' id='word_1_28' title='bbox 1056 882 1183 939; x_wconf 85' lang='lat' dir='ltr'>hostium</span> <span class='ocrx_word' id='word_1_29' title='bbox 1204 879 1387 956; x_wconf 68' lang='lat' dir='ltr'>supenuun</span> <span class='ocrx_word' id='word_1_30' title='bbox 1410 899 1500 938; x_wconf 88' lang='lat' dir='ltr'>eom--</span> 
     </span>
    </p>
   </div>
   <div class='ocr_carea' id='block_1_4' title="bbox 383 986 1486 2652">
    <p class='ocr_par' dir='ltr' id='par_1_4' title="bbox 383 986 1486 2652">
     <span class='ocr_line' id='line_1_5' title="bbox 403 986 1484 1065; baseline -0.001 -20"><span class='ocrx_word' id='word_1_31' title='bbox 403 988 509 1065; x_wconf 80' lang='lat' dir='ltr'>tiplata</span> <span class='ocrx_word' id='word_1_32' title='bbox 537 989 640 1046; x_wconf 83' lang='lat' dir='ltr'>audam</span> <span class='ocrx_word' id='word_1_33' title='bbox 668 998 766 1064; x_wconf 86' lang='lat' dir='ltr'>strage</span> <span class='ocrx_word' id='word_1_34' title='bbox 791 1007 927 1064; x_wconf 86' lang='lat' dir='ltr'>campos,</span> <span class='ocrx_word' id='word_1_35' title='bbox 959 1007 1019 1064; x_wconf 86' lang='lat' dir='ltr'>qua</span> <span class='ocrx_word' id='word_1_36' title='bbox 1050 996 1163 1045; x_wconf 88' lang='lat' dir='ltr'>montes</span> <span class='ocrx_word' id='word_1_37' title='bbox 1193 987 1334 1062; x_wconf 86' lang='lat' dir='ltr'>replestis.</span> <span class='ocrx_word' id='word_1_38' title='bbox 1391 986 1484 1044; x_wconf 83' lang='lat' dir='ltr'>Nolite</span> 
     </span>
     <span class='ocr_line' id='line_1_6' title="bbox 433 1092 1485 1171; baseline -0.003 -19"><span class='ocrx_word' id='word_1_39' title='bbox 433 1105 616 1171; x_wconf 88' lang='lat' dir='ltr'>exspectare,</span> <span class='ocrx_word' id='word_1_40' title='bbox 641 1095 709 1152; x_wconf 87' lang='lat' dir='ltr'>dnm</span> <span class='ocrx_word' id='word_1_41' title='bbox 731 1103 840 1152; x_wconf 86' lang='lat' dir='ltr'>stantes</span> <span class='ocrx_word' id='word_1_42' title='bbox 861 1111 915 1153; x_wconf 85' lang='lat' dir='ltr'>vos</span> <span class='ocrx_word' id='word_1_43' title='bbox 936 1092 1065 1169; x_wconf 81' lang='lat' dir='ltr'>fugiant3</span> <span class='ocrx_word' id='word_1_44' title='bbox 1096 1093 1248 1152; x_wconf 84' lang='lat' dir='ltr'>inferentia</span> <span class='ocrx_word' id='word_1_45' title='bbox 1270 1103 1338 1150; x_wconf 89' lang='lat' dir='ltr'>sunt</span> <span class='ocrx_word' id='word_1_46' title='bbox 1358 1093 1441 1169; x_wconf 86' lang='lat' dir='ltr'>signa</span> <span class='ocrx_word' id='word_1_47' title='bbox 1460 1101 1485 1149; x_wconf 88' lang='lat' dir='ltr'>et</span> 
     </span>
     <span class='ocr_line' id='line_1_7' title="bbox 404 1199 1485 1259; baseline 0 -3"><span class='ocrx_word' id='word_1_48' title='bbox 404 1200 596 1259; x_wconf 74' lang='lat' dir='ltr'>&#39;tradendum</span> <span class='ocrx_word' id='word_1_49' title='bbox 629 1201 660 1259; x_wconf 90' lang='lat' dir='ltr'>iu</span> <span class='ocrx_word' id='word_1_50' title='bbox 693 1201 834 1259; x_wconf 83' lang='lat' dir='ltr'>hostem.“</span> <span class='ocrx_word' id='word_1_51' title='bbox 891 1199 947 1258; x_wconf 87' lang='lat' dir='ltr'>His</span> <span class='ocrx_word' id='word_1_52' title='bbox 978 1200 1228 1258; x_wconf 76' lang='lat' dir='ltr'><strong>adhortationibus</strong></span> <span class='ocrx_word' id='word_1_53' title='bbox 1267 1199 1371 1256; x_wconf 87' lang='lat' dir='ltr'>iterum</span> <span class='ocrx_word' id='word_1_54' title='bbox 1401 1199 1485 1256; x_wconf 85' lang='lat' dir='ltr'>coorti</span> 
     </span>
     <span class='ocr_line' id='line_1_8' title="bbox 431 1303 1485 1384; baseline -0.002 -21"><span class='ocrx_word' id='word_1_55' title='bbox 431 1306 543 1384; x_wconf 89' lang='lat' dir='ltr'>pellunt</span> <span class='ocrx_word' id='word_1_56' title='bbox 571 1307 637 1364; x_wconf 87' lang='lat' dir='ltr'>loco</span> <span class='ocrx_word' id='word_1_57' title='bbox 666 1306 775 1383; x_wconf 90' lang='lat' dir='ltr'>primos</span> <span class='ocrx_word' id='word_1_58' title='bbox 804 1305 967 1381; x_wconf 87' lang='lat' dir='ltr'>manipulos</span> <span class='ocrx_word' id='word_1_59' title='bbox 997 1305 1165 1376; x_wconf 81' lang='lat' dir='ltr'>Gallorum3</span> <span class='ocrx_word' id='word_1_60' title='bbox 1206 1305 1305 1363; x_wconf 84' lang='lat' dir='ltr'>cuneis</span> <span class='ocrx_word' id='word_1_61' title='bbox 1331 1305 1435 1362; x_wconf 86' lang='lat' dir='ltr'>deinde</span> <span class='ocrx_word' id='word_1_62' title='bbox 1460 1303 1485 1360; x_wconf 91' lang='lat' dir='ltr'>iu</span> 
     </span>
     <span class='ocr_line' id='line_1_9' title="bbox 402 1410 1484 1489; baseline -0.004 -19"><span class='ocrx_word' id='word_1_63' title='bbox 402 1412 558 1471; x_wconf 84' lang='lat' dir='ltr'>8medium</span> <span class='ocrx_word' id='word_1_64' title='bbox 581 1430 685 1489; x_wconf 56' lang='lat' dir='ltr'>Quian</span> <span class='ocrx_word' id='word_1_65' title='bbox 711 1419 908 1486; x_wconf 87' lang='lat' dir='ltr'>perrumpunt.</span> <span class='ocrx_word' id='word_1_66' title='bbox 958 1410 1033 1468; x_wconf 87' lang='lat' dir='ltr'>Inde</span> <span class='ocrx_word' id='word_1_67' title='bbox 1056 1413 1176 1470; x_wconf 85' lang='lat' dir='ltr'>barbari</span> <span class='ocrx_word' id='word_1_68' title='bbox 1206 1411 1357 1487; x_wconf 86' lang='lat' dir='ltr'>dissipati,</span> <span class='ocrx_word' id='word_1_69' title='bbox 1390 1411 1484 1486; x_wconf 86' lang='lat' dir='ltr'>quibus</span> 
     </span>
     <span class='ocr_line' id='line_1_10' title="bbox 432 1516 1486 1592; baseline -0.001 -18"><span class='ocrx_word' id='word_1_70' title='bbox 432 1536 485 1576; x_wconf 85' lang='lat' dir='ltr'>neo</span> <span class='ocrx_word' id='word_1_71' title='bbox 506 1527 586 1575; x_wconf 87' lang='lat' dir='ltr'>certa</span> <span class='ocrx_word' id='word_1_72' title='bbox 603 1517 725 1592; x_wconf 90' lang='lat' dir='ltr'>imperia</span> <span class='ocrx_word' id='word_1_73' title='bbox 745 1535 799 1574; x_wconf 87' lang='lat' dir='ltr'>nec</span> <span class='ocrx_word' id='word_1_74' title='bbox 819 1517 907 1575; x_wconf 89' lang='lat' dir='ltr'>duces</span> <span class='ocrx_word' id='word_1_75' title='bbox 928 1526 1031 1589; x_wconf 80' lang='lat' dir='ltr'>essent,</span> <span class='ocrx_word' id='word_1_76' title='bbox 1060 1526 1173 1576; x_wconf 80' lang='lat' dir='ltr'>vertum</span> <span class='ocrx_word' id='word_1_77' title='bbox 1193 1516 1333 1592; x_wconf 88' lang='lat' dir='ltr'>impetum</span> <span class='ocrx_word' id='word_1_78' title='bbox 1359 1517 1390 1574; x_wconf 93' lang='lat' dir='ltr'>in</span> <span class='ocrx_word' id='word_1_79' title='bbox 1411 1534 1486 1586; x_wconf 73' lang='lat' dir='ltr'>snos,</span> 
     </span>
     <span class='ocr_line' id='line_1_11' title="bbox 431 1620 1485 1699; baseline -0.001 -19"><span class='ocrx_word' id='word_1_80' title='bbox 431 1622 548 1698; x_wconf 89' lang='lat' dir='ltr'>fusique</span> <span class='ocrx_word' id='word_1_81' title='bbox 575 1643 629 1699; x_wconf 89' lang='lat' dir='ltr'>per</span> <span class='ocrx_word' id='word_1_82' title='bbox 649 1641 769 1698; x_wconf 86' lang='lat' dir='ltr'>campos</span> <span class='ocrx_word' id='word_1_83' title='bbox 797 1631 826 1680; x_wconf 89' lang='lat' dir='ltr'>et</span> <span class='ocrx_word' id='word_1_84' title='bbox 845 1632 951 1698; x_wconf 82' lang='lat' dir='ltr'>proeter</span> <span class='ocrx_word' id='word_1_85' title='bbox 971 1633 1069 1682; x_wconf 86' lang='lat' dir='ltr'>castra</span> <span class='ocrx_word' id='word_1_86' title='bbox 1089 1624 1176 1684; x_wconf 88' lang='lat' dir='ltr'>etiam</span> <span class='ocrx_word' id='word_1_87' title='bbox 1198 1643 1253 1681; x_wconf 91' lang='lat' dir='ltr'>sua</span> <span class='ocrx_word' id='word_1_88' title='bbox 1276 1620 1351 1698; x_wconf 88' lang='lat' dir='ltr'>fuga</span> <span class='ocrx_word' id='word_1_89' title='bbox 1373 1622 1485 1698; x_wconf 73' lang='lat' dir='ltr'>prelati,</span> 
     </span>
     <span class='ocr_line' id='line_1_12' title="bbox 432 1728 1484 1804; baseline 0.001 -19"><span class='ocrx_word' id='word_1_90' title='bbox 432 1729 511 1804; x_wconf 87' lang='lat' dir='ltr'>quod</span> <span class='ocrx_word' id='word_1_91' title='bbox 543 1728 733 1786; x_wconf 87' lang='lat' dir='ltr'>editissimum</span> <span class='ocrx_word' id='word_1_92' title='bbox 765 1729 841 1786; x_wconf 83' lang='lat' dir='ltr'>iuter</span> <span class='ocrx_word' id='word_1_93' title='bbox 872 1730 998 1804; x_wconf 75' lang='lat' dir='ltr'>aequales</span> <span class='ocrx_word' id='word_1_94' title='bbox 1028 1729 1154 1788; x_wconf 90' lang='lat' dir='ltr'>tumulos</span> <span class='ocrx_word' id='word_1_95' title='bbox 1186 1730 1362 1787; x_wconf 85' lang='lat' dir='ltr'>occurrebat</span> <span class='ocrx_word' id='word_1_96' title='bbox 1394 1729 1484 1796; x_wconf 78' lang='lat' dir='ltr'>oculis,</span> 
     </span>
     <span class='ocr_line' id='line_1_13' title="bbox 401 1833 1485 1910; baseline 0.002 -20"><span class='ocrx_word' id='word_1_97' title='bbox 401 1834 529 1890; x_wconf 86' lang='lat' dir='ltr'>9arcem</span> <span class='ocrx_word' id='word_1_98' title='bbox 550 1833 698 1890; x_wconf 88' lang='lat' dir='ltr'>Albanam</span> <span class='ocrx_word' id='word_1_99' title='bbox 720 1844 829 1910; x_wconf 89' lang='lat' dir='ltr'>petunt.</span> <span class='ocrx_word' id='word_1_100' title='bbox 884 1834 993 1894; x_wconf 88' lang='lat' dir='ltr'>Consul</span> <span class='ocrx_word' id='word_1_101' title='bbox 1023 1853 1081 1892; x_wconf 91' lang='lat' dir='ltr'>non</span> <span class='ocrx_word' id='word_1_102' title='bbox 1108 1835 1184 1892; x_wconf 90' lang='lat' dir='ltr'>ultra</span> <span class='ocrx_word' id='word_1_103' title='bbox 1212 1846 1312 1894; x_wconf 85' lang='lat' dir='ltr'>castra</span> <span class='ocrx_word' id='word_1_104' title='bbox 1337 1836 1485 1903; x_wconf 86' lang='lat' dir='ltr'>insecutus,</span> 
     </span>
     <span class='ocr_line' id='line_1_14' title="bbox 432 1938 1484 2016; baseline 0.002 -21"><span class='ocrx_word' id='word_1_105' title='bbox 432 1938 502 2014; x_wconf 88' lang='lat' dir='ltr'>quia</span> <span class='ocrx_word' id='word_1_106' title='bbox 536 1949 565 1996; x_wconf 88' lang='lat' dir='ltr'>et</span> <span class='ocrx_word' id='word_1_107' title='bbox 600 1939 705 1996; x_wconf 81' lang='lat' dir='ltr'>vulnus</span> <span class='ocrx_word' id='word_1_108' title='bbox 739 1940 921 2016; x_wconf 82' lang='lat' dir='ltr'>degravabat</span> <span class='ocrx_word' id='word_1_109' title='bbox 955 1950 985 1998; x_wconf 90' lang='lat' dir='ltr'>et</span> <span class='ocrx_word' id='word_1_110' title='bbox 1024 1940 1165 1998; x_wconf 88' lang='lat' dir='ltr'>subiicere</span> <span class='ocrx_word' id='word_1_111' title='bbox 1198 1943 1360 2000; x_wconf 87' lang='lat' dir='ltr'>exercitum</span> <span class='ocrx_word' id='word_1_112' title='bbox 1398 1951 1484 1999; x_wconf 81' lang='lat' dir='ltr'>mmu-</span> 
     </span>
     <span class='ocr_line' id='line_1_15' title="bbox 431 2043 1486 2122; baseline 0.002 -21"><span class='ocrx_word' id='word_1_113' title='bbox 431 2043 467 2100; x_wconf 89' lang='lat' dir='ltr'>lis</span> <span class='ocrx_word' id='word_1_114' title='bbox 503 2045 541 2102; x_wconf 93' lang='lat' dir='ltr'>ab</span> <span class='ocrx_word' id='word_1_115' title='bbox 578 2046 662 2102; x_wconf 87' lang='lat' dir='ltr'>hoste</span> <span class='ocrx_word' id='word_1_116' title='bbox 703 2046 851 2122; x_wconf 83' lang='lat' dir='ltr'>occupatis</span> <span class='ocrx_word' id='word_1_117' title='bbox 894 2045 1027 2117; x_wconf 78' lang='lat' dir='ltr'>nolebat,</span> <span class='ocrx_word' id='word_1_118' title='bbox 1071 2047 1171 2121; x_wconf 81' lang='lat' dir='ltr'>praetla</span> <span class='ocrx_word' id='word_1_119' title='bbox 1209 2048 1289 2104; x_wconf 89' lang='lat' dir='ltr'>omni</span> <span class='ocrx_word' id='word_1_120' title='bbox 1331 2057 1486 2106; x_wconf 86' lang='lat' dir='ltr'>castrorum</span> 
     </span>
     <span class='ocr_line' id='line_1_16' title="bbox 431 2149 1486 2229; baseline 0.002 -22"><span class='ocrx_word' id='word_1_121' title='bbox 431 2149 514 2208; x_wconf 88' lang='lat' dir='ltr'>militi</span> <span class='ocrx_word' id='word_1_122' title='bbox 541 2150 620 2221; x_wconf 91' lang='lat' dir='ltr'>data,</span> <span class='ocrx_word' id='word_1_123' title='bbox 646 2150 785 2210; x_wconf 83' lang='lat' dir='ltr'>victorem</span> <span class='ocrx_word' id='word_1_124' title='bbox 814 2152 971 2210; x_wconf 88' lang='lat' dir='ltr'>exercitum</span> <span class='ocrx_word' id='word_1_125' title='bbox 993 2152 1217 2228; x_wconf 90' lang='lat' dir='ltr'>opulentumque</span> <span class='ocrx_word' id='word_1_126' title='bbox 1238 2152 1364 2212; x_wconf 76' lang='lat' dir='ltr'><strong>Gallicis</strong></span> <span class='ocrx_word' id='word_1_127' title='bbox 1394 2153 1486 2229; x_wconf 88' lang='lat' dir='ltr'>spoliis</span> 
     </span>
     <span class='ocr_line' id='line_1_17' title="bbox 384 2257 1486 2333; baseline 0.002 -21"><span class='ocrx_word' id='word_1_128' title='bbox 384 2257 558 2314; x_wconf 81' lang='lat' dir='ltr'>lORomam</span> <span class='ocrx_word' id='word_1_129' title='bbox 583 2257 707 2318; x_wconf 85' lang='lat' dir='ltr'>reduxit.</span> <span class='ocrx_word' id='word_1_130' title='bbox 766 2259 882 2316; x_wconf 83' lang='lat' dir='ltr'>Moram</span> <span class='ocrx_word' id='word_1_131' title='bbox 913 2257 1059 2333; x_wconf 88' lang='lat' dir='ltr'>triumpho</span> <span class='ocrx_word' id='word_1_132' title='bbox 1090 2257 1195 2315; x_wconf 87' lang='lat' dir='ltr'>vulnus</span> <span class='ocrx_word' id='word_1_133' title='bbox 1227 2259 1354 2316; x_wconf 87' lang='lat' dir='ltr'>consulis</span> <span class='ocrx_word' id='word_1_134' title='bbox 1388 2259 1486 2325; x_wconf 89' lang='lat' dir='ltr'>attulit,</span> 
     </span>
     <span class='ocr_line' id='line_1_18' title="bbox 432 2363 1485 2439; baseline 0.003 -20"><span class='ocrx_word' id='word_1_135' title='bbox 432 2363 591 2439; x_wconf 87' lang='lat' dir='ltr'>eademque</span> <span class='ocrx_word' id='word_1_136' title='bbox 612 2381 702 2420; x_wconf 85' lang='lat' dir='ltr'>causa</span> <span class='ocrx_word' id='word_1_137' title='bbox 722 2363 871 2421; x_wconf 87' lang='lat' dir='ltr'>dictatoris</span> <span class='ocrx_word' id='word_1_138' title='bbox 894 2363 1067 2422; x_wconf 89' lang='lat' dir='ltr'>desiderium</span> <span class='ocrx_word' id='word_1_139' title='bbox 1097 2363 1211 2421; x_wconf 90' lang='lat' dir='ltr'>senatui</span> <span class='ocrx_word' id='word_1_140' title='bbox 1233 2363 1318 2436; x_wconf 85' lang='lat' dir='ltr'>fecit,</span> <span class='ocrx_word' id='word_1_141' title='bbox 1345 2373 1381 2422; x_wconf 88' lang='lat' dir='ltr'>ut</span> <span class='ocrx_word' id='word_1_142' title='bbox 1410 2374 1485 2432; x_wconf 87' lang='lat' dir='ltr'>esset,</span> 
     </span>
     <span class='ocr_line' id='line_1_19' title="bbox 383 2467 1486 2543; baseline 0.001 -18"><span class='ocrx_word' id='word_1_143' title='bbox 383 2467 483 2541; x_wconf 83' lang='lat' dir='ltr'>liqui</span> <span class='ocrx_word' id='word_1_144' title='bbox 513 2467 598 2543; x_wconf 76' lang='lat' dir='ltr'>aegris</span> <span class='ocrx_word' id='word_1_145' title='bbox 629 2469 793 2527; x_wconf 84' lang='lat' dir='ltr'>consulibus</span> <span class='ocrx_word' id='word_1_146' title='bbox 826 2471 944 2528; x_wconf 88' lang='lat' dir='ltr'>comitia</span> <span class='ocrx_word' id='word_1_147' title='bbox 977 2471 1109 2528; x_wconf 86' lang='lat' dir='ltr'>haberet.</span> <span class='ocrx_word' id='word_1_148' title='bbox 1166 2469 1303 2536; x_wconf 80' lang='lat' dir='ltr'>Dictator</span> <span class='ocrx_word' id='word_1_149' title='bbox 1328 2471 1364 2532; x_wconf 89' lang='lat' dir='ltr'>L.</span> <span class='ocrx_word' id='word_1_150' title='bbox 1387 2470 1486 2528; x_wconf 84' lang='lat' dir='ltr'>Furius</span> 
     </span>
     <span class='ocr_line' id='line_1_20' title="bbox 432 2571 1485 2652; baseline -0.001 -21"><span class='ocrx_word' id='word_1_151' title='bbox 432 2571 572 2632; x_wconf 88' lang='lat' dir='ltr'>Camillus</span> <span class='ocrx_word' id='word_1_152' title='bbox 593 2574 695 2645; x_wconf 85' lang='lat' dir='ltr'>dictus,</span> <span class='ocrx_word' id='word_1_153' title='bbox 718 2575 817 2633; x_wconf 85' lang='lat' dir='ltr'>addito</span> <span class='ocrx_word' id='word_1_154' title='bbox 838 2576 978 2652; x_wconf 85' lang='lat' dir='ltr'>magistro</span> <span class='ocrx_word' id='word_1_155' title='bbox 999 2576 1127 2651; x_wconf 86' lang='lat' dir='ltr'>equitum</span> <span class='ocrx_word' id='word_1_156' title='bbox 1141 2576 1178 2634; x_wconf 87' lang='lat' dir='ltr'>P.</span> <span class='ocrx_word' id='word_1_157' title='bbox 1193 2574 1331 2634; x_wconf 79' lang='lat' dir='ltr'>Cornelio</span> <span class='ocrx_word' id='word_1_158' title='bbox 1345 2574 1485 2650; x_wconf 75' lang='lat' dir='ltr'>Scipione,</span> 
     </span>
    </p>
   </div>
   <div class='ocr_carea' id='block_1_5' title="bbox 256 2661 1484 2815">
    <p class='ocr_par' dir='ltr' id='par_1_5' title="bbox 256 2661 1484 2815">
     <span class='ocr_line' id='line_1_21' title="bbox 256 2661 1484 2814; baseline -0.005 -71"><span class='ocrx_word' id='word_1_159' title='bbox 256 2694 353 2814; x_wconf 56' lang='lat' dir='ltr'>Anneio</span> <span class='ocrx_word' id='word_1_160' title='bbox 359 2698 418 2742; x_wconf 74' lang='lat'>405.</span> <span class='ocrx_word' id='word_1_161' title='bbox 430 2679 556 2737; x_wconf 85' lang='lat' dir='ltr'>reddidit</span> <span class='ocrx_word' id='word_1_162' title='bbox 576 2681 707 2755; x_wconf 87' lang='lat' dir='ltr'>patribus</span> <span class='ocrx_word' id='word_1_163' title='bbox 730 2661 942 2757; x_wconf 78' lang='lat' dir='ltr'>possessionem</span> <span class='ocrx_word' id='word_1_164' title='bbox 963 2673 1114 2758; x_wconf 78' lang='lat' dir='ltr'>pristinam</span> <span class='ocrx_word' id='word_1_165' title='bbox 1136 2681 1314 2739; x_wconf 87' lang='lat' dir='ltr'>consulatus.</span> <span class='ocrx_word' id='word_1_166' title='bbox 1360 2681 1433 2756; x_wconf 88' lang='lat' dir='ltr'>Ipse</span> <span class='ocrx_word' id='word_1_167' title='bbox 1453 2680 1484 2736; x_wconf 86' lang='lat' dir='ltr'>ab</span> 
     </span>
     <span class='ocr_line' id='line_1_22' title="bbox 292 2769 418 2815; baseline 0.008 -1"><span class='ocrx_word' id='word_1_168' title='bbox 292 2803 297 2814; x_wconf 93' lang='lat'>.</span> <span class='ocrx_word' id='word_1_169' title='bbox 359 2769 418 2815; x_wconf 79' lang='lat'><strong>349.</strong></span> 
     </span>
    </p>
   </div>
   <div class='ocr_carea' id='block_1_6' title="bbox 208 2783 1483 3184">
    <p class='ocr_par' dir='ltr' id='par_1_6' title="bbox 429 2783 1483 2976">
     <span class='ocr_line' id='line_1_23' title="bbox 429 2783 1483 2868; baseline 0.001 -27"><span class='ocrx_word' id='word_1_170' title='bbox 429 2783 460 2841; x_wconf 88' lang='lat' dir='ltr'>id</span> <span class='ocrx_word' id='word_1_171' title='bbox 486 2785 618 2842; x_wconf 88' lang='lat' dir='ltr'>meritum</span> <span class='ocrx_word' id='word_1_172' title='bbox 649 2786 759 2862; x_wconf 79' lang='lat' dir='ltr'>ingenti</span> <span class='ocrx_word' id='word_1_173' title='bbox 784 2799 900 2863; x_wconf 90' lang='lat' dir='ltr'>patrum</span> <span class='ocrx_word' id='word_1_174' title='bbox 936 2789 1030 2868; x_wconf 66' lang='lat' dir='ltr'>studio</span> <span class='ocrx_word' id='word_1_175' title='bbox 1064 2793 1178 2848; x_wconf 77' lang='lat' dir='ltr'>creatus</span> <span class='ocrx_word' id='word_1_176' title='bbox 1210 2787 1314 2846; x_wconf 87' lang='lat' dir='ltr'>consul</span> <span class='ocrx_word' id='word_1_177' title='bbox 1349 2786 1483 2861; x_wconf 78' lang='lat' dir='ltr'>collegam</span> 
     </span>
     <span class='ocr_line' id='line_1_24' title="bbox 431 2872 1434 2976; baseline 0.01 -27"><span class='ocrx_word' id='word_1_178' title='bbox 431 2893 511 2967; x_wconf 84' lang='lat' dir='ltr'>App.</span> <span class='ocrx_word' id='word_1_179' title='bbox 534 2889 687 2950; x_wconf 86' lang='lat' dir='ltr'>Claudium</span> <span class='ocrx_word' id='word_1_180' title='bbox 710 2891 847 2951; x_wconf 88' lang='lat' dir='ltr'>Crassum</span> <span class='ocrx_word' id='word_1_181' title='bbox 870 2896 953 2976; x_wconf 72' lang='lat' dir='ltr'>«lixit.</span> <span class='ocrx_word' id='word_1_182' title='bbox 1021 2893 1029 2910; x_wconf 83' lang='lat'>&#39;</span> <span class='ocrx_word' id='word_1_183' title='bbox 1428 2872 1434 2883; x_wconf 38' lang='lat'><strong>¹</strong></span> 
     </span>
    </p>

    <p class='ocr_par' dir='ltr' id='par_1_7' title="bbox 208 2996 1482 3184">
     <span class='ocr_line' id='line_1_25' title="bbox 208 2996 1482 3082; baseline 0.002 -30"><span class='ocrx_word' id='word_1_184' title='bbox 208 3045 212 3052; x_wconf 85' lang='grc'><em>,</em></span> <span class='ocrx_word' id='word_1_185' title='bbox 335 2996 379 3066; x_wconf 79' lang='lat'>25</span> <span class='ocrx_word' id='word_1_186' title='bbox 514 2997 687 3073; x_wconf 82' lang='lat' dir='ltr'>Priusquam</span> <span class='ocrx_word' id='word_1_187' title='bbox 709 3000 816 3058; x_wconf 82' lang='lat' dir='ltr'>inirent</span> <span class='ocrx_word' id='word_1_188' title='bbox 845 3002 915 3082; x_wconf 84' lang='lat' dir='ltr'>npvi</span> <span class='ocrx_word' id='word_1_189' title='bbox 941 3001 1072 3060; x_wconf 88' lang='lat' dir='ltr'>consules</span> <span class='ocrx_word' id='word_1_190' title='bbox 1095 2997 1306 3076; x_wconf 77' lang='lat' dir='ltr'>magistratum,</span> <span class='ocrx_word' id='word_1_191' title='bbox 1328 2998 1482 3074; x_wconf 79' lang='lat' dir='ltr'>triumphos</span> 
     </span>
     <span class='ocr_line' id='line_1_26' title="bbox 431 3103 1482 3184; baseline -0.003 -24"><span class='ocrx_word' id='word_1_192' title='bbox 431 3123 450 3160; x_wconf 91' lang='lat' dir='ltr'>a</span> <span class='ocrx_word' id='word_1_193' title='bbox 463 3103 589 3179; x_wconf 92' lang='lat' dir='ltr'>Popillio</span> <span class='ocrx_word' id='word_1_194' title='bbox 611 3104 648 3161; x_wconf 86' lang='lat' dir='ltr'>de</span> <span class='ocrx_word' id='word_1_195' title='bbox 669 3104 764 3164; x_wconf 87' lang='lat' dir='ltr'>Gallis</span> <span class='ocrx_word' id='word_1_196' title='bbox 785 3117 867 3164; x_wconf 85' lang='lat' dir='ltr'>actus</span> <span class='ocrx_word' id='word_1_197' title='bbox 888 3127 995 3184; x_wconf 89' lang='lat' dir='ltr'>magno</span> <span class='ocrx_word' id='word_1_198' title='bbox 1015 3107 1118 3164; x_wconf 82' lang='lat' dir='ltr'>favore</span> <span class='ocrx_word' id='word_1_199' title='bbox 1139 3105 1248 3181; x_wconf 84' lang='lat' dir='ltr'>plebis3</span> <span class='ocrx_word' id='word_1_200' title='bbox 1272 3113 1482 3175; x_wconf 77' lang='lat' dir='ltr'>mussantesque</span> 
     </span>
    </p>
   </div>
   <div class='ocr_carea' id='block_1_7' title="bbox 428 3209 1480 3289">
    <p class='ocr_par' dir='ltr' id='par_1_8' title="bbox 428 3209 1480 3289">
     <span class='ocr_line' id='line_1_27' title="bbox 428 3209 1480 3289; baseline 0.004 -23"><span class='ocrx_word' id='word_1_201' title='bbox 428 3209 504 3266; x_wconf 88' lang='lat' dir='ltr'>inter</span> <span class='ocrx_word' id='word_1_202' title='bbox 537 3229 570 3266; x_wconf 89' lang='lat' dir='ltr'>se</span> <span class='ocrx_word' id='word_1_203' title='bbox 595 3210 778 3285; x_wconf 83' lang='lat' dir='ltr'>rogitabant,</span> <span class='ocrx_word' id='word_1_204' title='bbox 813 3231 881 3270; x_wconf 92' lang='lat' dir='ltr'>num</span> <span class='ocrx_word' id='word_1_205' title='bbox 914 3232 999 3288; x_wconf 90' lang='lat' dir='ltr'>quam</span> <span class='ocrx_word' id='word_1_206' title='bbox 1032 3211 1137 3289; x_wconf 85' lang='lat' dir='ltr'>plebeii</span> <span class='ocrx_word' id='word_1_207' title='bbox 1172 3211 1298 3270; x_wconf 87' lang='lat' dir='ltr'>consulis</span> <span class='ocrx_word' id='word_1_208' title='bbox 1326 3209 1480 3286; x_wconf 70' lang='lat' dir='ltr'>penitsratt</span> 
     </span>
    </p>
   </div>
   <div class='ocr_carea' id='block_1_8' title="bbox 399 3315 1519 3394">
    <p class='ocr_par' dir='ltr' id='par_1_9' title="bbox 399 3315 1519 3394">
     <span class='ocr_line' id='line_1_28' title="bbox 399 3315 1519 3394; baseline -0.008 -18"><span class='ocrx_word' id='word_1_209' title='bbox 399 3315 516 3376; x_wconf 83' lang='lat' dir='ltr'>2simul</span> <span class='ocrx_word' id='word_1_210' title='bbox 544 3316 714 3374; x_wconf 83' lang='lat' dir='ltr'>dictatorem</span> <span class='ocrx_word' id='word_1_211' title='bbox 736 3317 940 3393; x_wconf 78' lang='lat' dir='ltr'>increpabant,</span> <span class='ocrx_word' id='word_1_212' title='bbox 972 3316 1022 3392; x_wconf 90' lang='lat' dir='ltr'>qui</span> <span class='ocrx_word' id='word_1_213' title='bbox 1048 3317 1121 3394; x_wconf 87' lang='lat' dir='ltr'>legis</span> <span class='ocrx_word' id='word_1_214' title='bbox 1144 3316 1261 3375; x_wconf 72' lang='lat' dir='ltr'>Licinia</span> <span class='ocrx_word' id='word_1_215' title='bbox 1289 3326 1395 3393; x_wconf 78' lang='lat' dir='ltr'>spretoe</span> <span class='ocrx_word' id='word_1_216' title='bbox 1416 3332 1480 3372; x_wconf 90' lang='lat' dir='ltr'>mer·</span> <span class='ocrx_word' id='word_1_217' title='bbox 1518 3359 1519 3368; x_wconf 71' lang='grc'>,</span> 
     </span>
    </p>
   </div>
   <div class='ocr_carea' id='block_1_9' title="bbox 399 3395 1480 3934">
    <p class='ocr_par' dir='ltr' id='par_1_10' title="bbox 399 3395 1480 3934">
     <span class='ocr_line' id='line_1_29' title="bbox 430 3395 1480 3500; baseline 0.001 -23"><span class='ocrx_word' id='word_1_218' title='bbox 430 3395 528 3478; x_wconf 73' lang='lat' dir='ltr'>cedem</span> <span class='ocrx_word' id='word_1_219' title='bbox 551 3414 778 3500; x_wconf 85' lang='lat' dir='ltr'>[consulatum,]</span> <span class='ocrx_word' id='word_1_220' title='bbox 809 3424 926 3500; x_wconf 79' lang='lat' dir='ltr'>privata</span> <span class='ocrx_word' id='word_1_221' title='bbox 952 3422 1108 3498; x_wconf 86' lang='lat' dir='ltr'>cupiditate</span> <span class='ocrx_word' id='word_1_222' title='bbox 1131 3442 1218 3498; x_wconf 91' lang='lat' dir='ltr'>quam</span> <span class='ocrx_word' id='word_1_223' title='bbox 1240 3424 1358 3499; x_wconf 85' lang='lat' dir='ltr'>publica</span> <span class='ocrx_word' id='word_1_224' title='bbox 1385 3419 1480 3480; x_wconf 80' lang='lat' dir='ltr'>iniuria</span> 
     </span>
     <span class='ocr_line' id='line_1_30' title="bbox 429 3525 1478 3603; baseline 0.003 -19"><span class='ocrx_word' id='word_1_225' title='bbox 429 3525 582 3584; x_wconf 81' lang='lat' dir='ltr'>foediorem</span> <span class='ocrx_word' id='word_1_226' title='bbox 627 3528 766 3602; x_wconf 87' lang='lat' dir='ltr'>cepisset,</span> <span class='ocrx_word' id='word_1_227' title='bbox 799 3538 832 3586; x_wconf 89' lang='lat' dir='ltr'>ut</span> <span class='ocrx_word' id='word_1_228' title='bbox 866 3547 899 3586; x_wconf 90' lang='lat' dir='ltr'>se</span> <span class='ocrx_word' id='word_1_229' title='bbox 929 3528 991 3603; x_wconf 89' lang='lat' dir='ltr'>ipse</span> <span class='ocrx_word' id='word_1_230' title='bbox 1022 3527 1169 3585; x_wconf 87' lang='lat' dir='ltr'>consulem</span> <span class='ocrx_word' id='word_1_231' title='bbox 1209 3527 1334 3586; x_wconf 83' lang='lat' dir='ltr'>dictator</span> <span class='ocrx_word' id='word_1_232' title='bbox 1371 3536 1478 3587; x_wconf 70' lang='lat' dir='ltr'>crearet·</span> 
     </span>
     <span class='ocr_line' id='line_1_31' title="bbox 399 3623 1478 3709; baseline -0.002 -17"><span class='ocrx_word' id='word_1_233' title='bbox 399 3634 534 3692; x_wconf 68' lang='lat' dir='ltr'>imus</span> <span class='ocrx_word' id='word_1_234' title='bbox 564 3633 661 3690; x_wconf 87' lang='lat' dir='ltr'>multis</span> <span class='ocrx_word' id='word_1_235' title='bbox 693 3634 840 3709; x_wconf 73' lang='lat' dir='ltr'>vanisque</span> <span class='ocrx_word' id='word_1_236' title='bbox 866 3623 993 3692; x_wconf 85' lang='lat' dir='ltr'>motibus</span> <span class='ocrx_word' id='word_1_237' title='bbox 1022 3630 1078 3690; x_wconf 83' lang='lat' dir='ltr'>luit</span> <span class='ocrx_word' id='word_1_238' title='bbox 1096 3631 1226 3708; x_wconf 85' lang='lat' dir='ltr'>insignis.</span> <span class='ocrx_word' id='word_1_239' title='bbox 1274 3633 1357 3692; x_wconf 87' lang='lat' dir='ltr'>Galli</span> <span class='ocrx_word' id='word_1_240' title='bbox 1377 3652 1413 3691; x_wconf 87' lang='lat' dir='ltr'>ex</span> <span class='ocrx_word' id='word_1_241' title='bbox 1433 3629 1478 3690; x_wconf 82' lang='lat' dir='ltr'>Al·</span> 
     </span>
     <span class='ocr_line' id='line_1_32' title="bbox 430 3737 1476 3814; baseline 0.001 -20"><span class='ocrx_word' id='word_1_242' title='bbox 430 3737 514 3794; x_wconf 88' lang='lat' dir='ltr'>banis</span> <span class='ocrx_word' id='word_1_243' title='bbox 535 3739 691 3809; x_wconf 84' lang='lat' dir='ltr'>montibus,</span> <span class='ocrx_word' id='word_1_244' title='bbox 712 3740 781 3814; x_wconf 90' lang='lat' dir='ltr'>quia</span> <span class='ocrx_word' id='word_1_245' title='bbox 801 3738 903 3797; x_wconf 84' lang='lat' dir='ltr'>biantis</span> <span class='ocrx_word' id='word_1_246' title='bbox 924 3738 983 3796; x_wconf 87' lang='lat' dir='ltr'>vim</span> <span class='ocrx_word' id='word_1_247' title='bbox 1005 3738 1067 3814; x_wconf 85' lang='lat' dir='ltr'>pati</span> <span class='ocrx_word' id='word_1_248' title='bbox 1084 3739 1283 3813; x_wconf 83' lang='lat' dir='ltr'>nequiverant,</span> <span class='ocrx_word' id='word_1_249' title='bbox 1305 3757 1359 3814; x_wconf 89' lang='lat' dir='ltr'>per</span> <span class='ocrx_word' id='word_1_250' title='bbox 1372 3751 1476 3811; x_wconf 71' lang='lat' dir='ltr'>campos</span> 
     </span>
     <span class='ocr_line' id='line_1_33' title="bbox 399 3842 1475 3934; baseline -0.006 -30"><span class='ocrx_word' id='word_1_251' title='bbox 399 3843 633 3920; x_wconf 69' lang='lat' dir='ltr'>maritimaque</span> <span class='ocrx_word' id='word_1_252' title='bbox 652 3844 717 3902; x_wconf 87' lang='lat' dir='ltr'>loca</span> <span class='ocrx_word' id='word_1_253' title='bbox 739 3845 807 3921; x_wconf 90' lang='lat' dir='ltr'>vagi</span> <span class='ocrx_word' id='word_1_254' title='bbox 827 3844 1058 3921; x_wconf 87' lang='lat' dir='ltr'>populabantur;</span> <span class='ocrx_word' id='word_1_255' title='bbox 1090 3863 1171 3902; x_wconf 88' lang='lat' dir='ltr'>mare</span> <span class='ocrx_word' id='word_1_256' title='bbox 1190 3843 1330 3934; x_wconf 83' lang='lat' dir='ltr'>infestum</span> <span class='ocrx_word' id='word_1_257' title='bbox 1350 3842 1475 3902; x_wconf 81' lang='lat' dir='ltr'>classibus</span> 
     </span>
    </p>
   </div>
   <div class='ocr_carea' id='block_1_10' title="bbox 431 3948 1517 4026">
    <p class='ocr_par' dir='ltr' id='par_1_11' title="bbox 431 3948 1517 4026">
     <span class='ocr_line' id='line_1_34' title="bbox 431 3948 1517 4026; baseline -0.003 -18"><span class='ocrx_word' id='word_1_258' title='bbox 431 3948 600 4008; x_wconf 82' lang='lat' dir='ltr'>Grtecorum</span> <span class='ocrx_word' id='word_1_259' title='bbox 624 3960 687 4009; x_wconf 87' lang='lat' dir='ltr'>erat</span> <span class='ocrx_word' id='word_1_260' title='bbox 715 3970 826 4026; x_wconf 87' lang='lat' dir='ltr'>oraque</span> <span class='ocrx_word' id='word_1_261' title='bbox 852 3951 944 4008; x_wconf 89' lang='lat' dir='ltr'>litoris</span> <span class='ocrx_word' id='word_1_262' title='bbox 965 3950 1094 4009; x_wconf 81' lang='lat' dir='ltr'>Antiatis</span> <span class='ocrx_word' id='word_1_263' title='bbox 1116 3951 1305 4025; x_wconf 86' lang='lat' dir='ltr'>Laurensque</span> <span class='ocrx_word' id='word_1_264' title='bbox 1327 3955 1475 4010; x_wconf 85' lang='lat' dir='ltr'>tractnset</span> <span class='ocrx_word' id='word_1_265' title='bbox 1516 3988 1517 4018; x_wconf 81' lang='lat'>,</span> 
     </span>
    </p>
   </div>
   <div class='ocr_carea' id='block_1_11' title="bbox 427 4054 1473 4339">
    <p class='ocr_par' dir='ltr' id='par_1_12' title="bbox 427 4054 1473 4339">
     <span class='ocr_line' id='line_1_35' title="bbox 429 4054 1473 4133; baseline -0.002 -20"><span class='ocrx_word' id='word_1_266' title='bbox 429 4056 545 4114; x_wconf 84' lang='lat' dir='ltr'>Tiberis</span> <span class='ocrx_word' id='word_1_267' title='bbox 572 4056 664 4126; x_wconf 89' lang='lat' dir='ltr'>ostia,</span> <span class='ocrx_word' id='word_1_268' title='bbox 705 4066 738 4116; x_wconf 86' lang='lat' dir='ltr'>ut</span> <span class='ocrx_word' id='word_1_269' title='bbox 762 4057 914 4133; x_wconf 72' lang='lat' dir='ltr'>predones</span> <span class='ocrx_word' id='word_1_270' title='bbox 948 4054 1084 4113; x_wconf 86' lang='lat' dir='ltr'>maritimi</span> <span class='ocrx_word' id='word_1_271' title='bbox 1113 4075 1178 4114; x_wconf 89' lang='lat' dir='ltr'>cum</span> <span class='ocrx_word' id='word_1_272' title='bbox 1209 4058 1393 4116; x_wconf 83' lang='lat' dir='ltr'>terrestribus</span> <span class='ocrx_word' id='word_1_273' title='bbox 1416 4075 1473 4114; x_wconf 90' lang='lat' dir='ltr'>con·</span> 
     </span>
     <span class='ocr_line' id='line_1_36' title="bbox 428 4160 1473 4238; baseline 0.002 -21"><span class='ocrx_word' id='word_1_274' title='bbox 428 4162 521 4236; x_wconf 87' lang='lat' dir='ltr'>gressi</span> <span class='ocrx_word' id='word_1_275' title='bbox 542 4160 660 4236; x_wconf 90' lang='lat' dir='ltr'>ancipiti</span> <span class='ocrx_word' id='word_1_276' title='bbox 682 4163 773 4220; x_wconf 86' lang='lat' dir='ltr'>semel</span> <span class='ocrx_word' id='word_1_277' title='bbox 798 4161 901 4238; x_wconf 86' lang='lat' dir='ltr'>proelio</span> <span class='ocrx_word' id='word_1_278' title='bbox 930 4163 1118 4236; x_wconf 86' lang='lat' dir='ltr'>decertarint,</span> <span class='ocrx_word' id='word_1_279' title='bbox 1150 4163 1287 4238; x_wconf 89' lang='lat' dir='ltr'>dubiique</span> <span class='ocrx_word' id='word_1_280' title='bbox 1307 4162 1473 4222; x_wconf 50' lang='lat' dir='ltr'>&amp;amoenet</span> 
     </span>
     <span class='ocr_line' id='line_1_37' title="bbox 427 4265 1471 4339; baseline 0 -15"><span class='ocrx_word' id='word_1_281' title='bbox 427 4268 459 4324; x_wconf 90' lang='lat' dir='ltr'>in</span> <span class='ocrx_word' id='word_1_282' title='bbox 479 4276 577 4326; x_wconf 86' lang='lat' dir='ltr'>castra</span> <span class='ocrx_word' id='word_1_283' title='bbox 597 4265 694 4339; x_wconf 83' lang='lat' dir='ltr'>Galli,</span> <span class='ocrx_word' id='word_1_284' title='bbox 724 4267 822 4327; x_wconf 78' lang='lat' dir='ltr'>Graeci</span> <span class='ocrx_word' id='word_1_285' title='bbox 839 4275 921 4331; x_wconf 84' lang='lat' dir='ltr'>retro</span> <span class='ocrx_word' id='word_1_286' title='bbox 943 4268 981 4324; x_wconf 86' lang='lat' dir='ltr'>ad</span> <span class='ocrx_word' id='word_1_287' title='bbox 1001 4285 1107 4339; x_wconf 86' lang='lat' dir='ltr'>naves,</span> <span class='ocrx_word' id='word_1_288' title='bbox 1137 4269 1229 4327; x_wconf 84' lang='lat' dir='ltr'>victos</span> <span class='ocrx_word' id='word_1_289' title='bbox 1252 4287 1284 4326; x_wconf 90' lang='lat' dir='ltr'>se</span> <span class='ocrx_word' id='word_1_290' title='bbox 1306 4288 1344 4326; x_wconf 90' lang='lat' dir='ltr'>an</span> <span class='ocrx_word' id='word_1_291' title='bbox 1365 4270 1471 4328; x_wconf 73' lang='lat' dir='ltr'>enters</span> 
     </span>
    </p>
   </div>
   <div class='ocr_carea' id='block_1_12' title="bbox 1513 4203 1516 4230">
    <p class='ocr_par' dir='ltr' id='par_1_13' title="bbox 1513 4203 1516 4230">
     <span class='ocr_line' id='line_1_38' title="bbox 1513 4203 1516 4230; baseline 0 0"><span class='ocrx_word' id='word_1_292' title='bbox 1513 4203 1516 4230; x_wconf 77' lang='lat' dir='ltr'>t</span> 
     </span>
    </p>
   </div>
   <div class='ocr_carea' id='block_1_13' title="bbox 0 0 1700 5084">
    <p class='ocr_par' dir='ltr' id='par_1_14' title="bbox 0 0 1700 5084">
     <span class='ocr_line' id='line_1_39' title="bbox 0 0 1700 5084; baseline 0 3"><span class='ocrx_word' id='word_1_293' title='bbox 0 0 1700 5084; x_wconf 95' lang='lat' dir='ltr'> </span> 
     </span>
    </p>
   </div>
  </div>
 </body>
</html>
