3392 5084
708 529 767 574 xlx

214 699 270 755 an.
283 700 320 757 75
326 702 474 775 proponite
484 697 619 770 aderrat.)
634 696 744 772 ¹depnd
754 695 881 755 Sentium
897 695 937 761 (P
943 708 1195 775 uanoquepreur
1204 703 1235 758 a
1243 708 1270 759 ot

214 781 305 855 Bion)
324 786 360 839 to
372 802 410 840 ex
421 784 484 841 iure
496 800 550 838 eno
564 780 718 849 XXXIV,
734 782 752 838 6
764 780 858 854 (redd.
871 778 957 851 edito,
968 798 1040 839 corr.
1050 780 1128 840 Deir.
1138 782 1203 841 Em.
1218 784 1268 857 10)

216 866 433 942 toppelletione
445 864 613 939 (Drakenb.)
634 863 772 931 XXXV,
795 865 812 920 3
831 862 951 921 dimisae
972 863 1125 935 XXXVI,
1148 869 1165 923 3
1186 866 1268 927 initio

214 949 294 1023 igitur
304 950 492 1024 magistratus
506 947 628 1022 (nune)
646 950 726 1004 naut
738 946 768 1003 in
783 945 922 1022 populum
938 946 1013 1019 (nn.
1028 948 1078 1021 ω)
1099 949 1269 1019 xxxva,
1306 986 1308 995 .
1421 926 1424 935 '

215 1033 374 1090 Icnmulure
395 1036 450 1105 eq.
467 1032 533 1087 Em.
559 1031 608 1103 76)
635 1029 782 1104 splenem
804 1028 881 1102 (HL
903 1029 1002 1104 plebe;
1022 1033 1051 1087 in
1071 1034 1099 1090 u
1119 1033 1203 1091 uerbo
1216 1034 1269 1091 oli-

215 1126 273 1189 quot
285 1119 398 1185 ornicum
413 1116 479 1174 am.
490 1115 542 1187 32)
558 1116 576 1172 6
588 1113 683 1189 plebei
698 1113 750 1186 (n)
763 1108 767 1189 Ι
781 1112 954 1170 obsidebant
967 1113 1008 1186 (P
1014 1133 1156 1191 omnesque
1166 1126 1270 1193 preor

216 1202 245 1268 H,
266 1201 315 1273 qui
333 1197 525 1270 obsedebant)
554 1201 569 1254 7
593 1195 726 1267 fortune,
756 1214 814 1271 que
844 1194 984 1270 quidquid
1013 1198 1079 1271 (ue.
1107 1196 1269 1258 Neoecrorio

215 1276 341 1339 nodarent
361 1282 434 1340 duee:
458 1299 546 1355 quum
568 1278 705 1354 quicquid
727 1278 854 1354 cupitum
876 1277 961 1349 foret,
981 1280 1151 1354 potentioris
1179 1292 1270 1352 meet,

216 1366 355 1423 idmerde
379 1384 465 1439 eque
485 1362 604 1421 fortuma
617 1364 728 1437 sactum
757 1362 869 1432 dieitur,
900 1371 929 1418 ut
957 1382 1010 1421 non
1039 1366 1088 1421 uni
1113 1366 1200 1423 alicui
1216 1384 1269 1441 po·

217 1451 317 1505 entier
325 1449 376 1505 doc
387 1447 589 1514 concederetur,
608 1446 660 1503 red
673 1446 795 1503 omnibus
808 1446 959 1523 aqualiter.
985 1445 1015 1507 0.
1027 1446 1075 1517 38,
1098 1449 1116 1504 4
1139 1451 1167 1504 r'n
1180 1448 1209 1505 P
1215 1466 1270 1523 pro

216 1530 324 1588 senune
332 1530 428 1605 AEqoi
438 1524 569 1587 redditur
582 1522 779 1603 fortunequi.)
790 1528 976 1599 XXXVIII,
993 1532 1010 1588 (i
1022 1531 1144 1605 perculit
1155 1529 1270 1605 (Onon.)

218 1608 368 1672 trinitatis
386 1613 555 1687 (Drakeab.)
581 1616 616 1670 10
633 1612 691 1669 iem
707 1620 795 1687 caput
815 1612 878 1669 fieri
902 1612 1063 1671 libertatern
1080 1615 1269 1689 repetentium

218 1698 276 1771 (ne.
288 1698 353 1757 Em.
370 1697 419 1770 77)
445 1698 481 1755 ¹2
493 1697 695 1765 detrectarent,
715 1694 843 1752 referunt
861 1695 1016 1766 XXXIX,
1042 1700 1113 1754 lest
1126 1700 1183 1755 eine
1194 1701 1272 1757 nucu

218 1778 320 1854 (Gran.)
342 1780 565 1856 ddeincepsque
585 1797 669 1854 reges
686 1777 857 1853 appellator,
881 1779 960 1853 qnod
983 1780 1149 1855 (Weroeenb.
1169 1790 1196 1841 et
1215 1783 1270 1857 ne.

218 1864 275 1924 En.
303 1865 338 1920 78
358 1863 398 1936 a.)
430 1868 531 1921 5tnm
552 1863 654 1919 eodem
682 1862 747 1935 (Ma.
770 1863 839 1917 coni.
861 1862 954 1921 dabra.
1004 1863 1116 1923 Eodem
1147 1873 1203 1923 tum
1224 1865 1271 1923 do·

216 1966 282 2003 num
309 1950 379 2022 poni
406 1956 515 2022 peccet,
549 1948 576 2002 εἰ
612 1946 807 2017 adinnaeretur
845 1946 904 2001 odia
942 1944 1086 2021 Tarqur'm'i
1120 1949 1272 2023 appellatio

219 2034 292 2104 meu
304 2032 343 2086 ad
366 2030 550 2087 moerendum
566 2031 594 2085 r'n
615 2048 645 2085 eo
666 2028 822 2102 supebiam
843 2037 979 2103 spectant,
1000 2031 1087 2087 uelut:
1110 2032 1271 2106 eodemque

218 2114 286 2188 regio
304 2114 373 2171 filio.
418 2113 664 2187 Eademproroue
688 2110 832 2185 Tarquinii
857 2114 931 2175 vitia
940 2113 1031 2183 suisne
1053 2112 1199 2185 ducuntur,
1229 2117 1271 2171 ni·

219 2198 268 2253 iu'lo
284 2198 415 2270 memoro
437 2215 520 2271 quom
542 2196 761 2253 decenae-orum.
807 2193 876 2262 Quae
896 2196 948 2251 aiii
968 2204 1081 2265 tentam,
1107 2196 1185 2270 lonae
1214 2198 1272 2257 diu·

220 2280 329 2353 cedunt.)
362 2280 477 2337 Idolor
493 2280 669 2339 libertate...
689 2278 830 2353 cupiditas
842 2278 949 2335 iniuste
970 2278 1063 2351 (codd.
1082 2297 1164 2347 rece,
1185 2282 1272 2339 altero

221 2364 362 2420 Iocoetim
374 2362 472 2435 PHL)
494 2363 561 2430 XL,
584 2360 718 2419 2eimilis
739 2363 806 2435 (779.
822 2361 887 2417 Em.
910 2362 959 2433 80)
984 2365 1000 2419 5
1018 2362 1095 2419 aliud
1118 2362 1185 2436 (My.
1208 2364 1274 2421 Em.

221 2447 264 2519 81)
285 2452 299 2503 7
311 2448 397 2516 enim,
413 2464 600 2521 quoscunque
613 2439 801 2537 magistrptus
814 2446 881 2518 (779.
896 2444 960 2505 mn.
976 2445 1022 2517 78)
1036 2440 1040 2523 i
1052 2445 1218 2503 iudicabunt
1233 2446 1274 2521 (L

222 2538 244 2585 et
260 2548 326 2589 rece.
342 2530 457 2605 quidam
471 2529 551 2586 codd.
565 2528 630 2586 Em.
648 2531 701 2597 113
722 2528 789 2585 odd
804 2529 846 2598 II,
868 2531 916 2597 51,
940 2532 955 2583 7
973 2538 1068 2587 essent
1082 2530 1209 2604 egebant
1218 2548 1274 2607 pro

223 2615 327 2685 agebat,
342 2614 380 2683 V,
394 2615 473 2683 39,4
488 2611 664 2687 refugerant,
680 2612 837 2681 crederent,
854 2630 910 2686 pro
925 2612 1063 2680 crederet,
1080 2617 1128 2683 47,
1152 2617 1169 2671 5
1184 2614 1274 2673 truci-

223 2695 303 2770 dunt.)
340 2696 495 2753 elabente
519 2698 536 2753 9
556 2705 607 2751 ant
627 2695 698 2753 socii
720 2703 770 2751 eut
793 2695 823 2751 hi
837 2696 905 2767 (779.
928 2695 993 2755 Em.
1010 2696 1065 2768 79)
1091 2700 1123 2753 ll
1149 2705 1275 2755 ceterum

223 2780 361 2850 neminem,
383 2778 494 2836 maiore
562 2778 605 2835 rei
619 2787 707 2835 tentae
720 2776 845 2839 adferre.
861 2778 916 2835 eibi
930 2779 1045 2853 placere
1060 2780 1124 2852 (779.
1145 2778 1211 2841 Em.
1226 2781 1274 2836 80.

224 2863 375 2932 ItneminI,
398 2881 488 2919 omnen
509 2860 629 2934 auferri)
655 2864 690 2918 12
707 2862 899 2920 decemvirum
922 2862 984 2937 ipse
1006 2860 1150 2935 (Nondum
1172 2872 1275 2921 certum

223 2946 335 3016 uidetur,
364 2946 477 3002 Livium
498 2946 601 3001 dundee
623 2945 817 3002 decemvirum
837 2945 901 3021 ipse
930 2944 1039 3020 aliquid
1063 2944 1149 3016 facio,
1171 2948 1279 3005 etromei

224 3028 327 3085 aderio
356 3030 461 3101 creor.)
510 3028 601 3098 XLI,
631 3031 649 3085 6
678 3028 765 3084 ducta
794 3046 878 3088 re...
906 3028 1049 3085 redissent
1076 3029 1116 3100 (P
1142 3030 1205 3101 aliu.
1230 3048 1276 3087 reo

225 3114 295 3168 etiam
313 3114 353 3185 n)
378 3115 396 3169 8
420 3112 487 3184 (Eut
504 3112 614 3186 aliquid
635 3113 663 3167 t'n
683 3113 814 3167 cententio
834 3106 915 3176 cirin·
942 3112 1087 3169 decemmri
1106 3114 1184 3182 enim,
1206 3132 1276 3187 quo-

226 3212 278 3250 rum
298 3196 458 3252 consultatio
478 3197 606 3268 refertur,
628 3214 681 3251 non
702 3194 869 3268 querebant,
891 3214 974 3269 quam
995 3196 1026 3253 in
1048 3196 1125 3253 bono
1151 3206 1278 3252 constane

227 3288 286 3335 ercet
303 3279 423 3348 Fabiae,
445 3296 494 3334 nec
515 3279 611 3348 timul,
643 3286 775 3352 quantum
795 3279 823 3333 in
844 3278 912 3334 bono
935 3287 960 3333 et
981 3281 1008 3335 in
1030 3280 1103 3333 reolo
1127 3280 1277 3348 eucelieret,

227 3364 345 3418 rationem
372 3361 516 3419 habebant.
568 3361 631 3418 Aut
656 3361 796 3417 adorauit
818 3360 916 3419 Liuius
944 3363 993 3417 atet
1015 3361 1161 3417 tollendum
1188 3370 1228 3419 eet
1248 3360 1277 3418 in

228 3442 309 3515 bono,
335 3454 366 3500 ut
386 3446 415 3499 in
435 3464 491 3505 una
512 3445 618 3499 melitio
639 3446 726 3515 moyn
747 3463 835 3500 novur
858 3462 940 3517 quom
967 3453 1094 3499 coartans
1115 3444 1226 3503 dicotur
1254 3454 1280 3502 et

229 3526 279 3581 ideo
304 3548 354 3584 non
377 3527 541 3602 proficiend
608 3526 680 3596 ordi,
711 3527 762 3607 ud(
789 3526 942 3583 adortantio
975 3528 1003 3583 in
1038 3528 1135 3585 iniecto
1167 3530 1279 3603 imperio
1380 3596 1385 3609 Ι

230 3611 315 3667 mendo
328 3630 396 3684 opus
410 3620 479 3671 erat.
502 3614 517 3679 ξ
534 3610 551 3664 7
566 3609 608 3666 de·
617 3610 730 3666 urbanis
744 3610 916 3667 exercitibus
932 3612 1049 3683 caudari
1061 3614 1161 3685 nequit.
1197 3611 1279 3679 Quo-

230 3693 299 3749 ·n'tum
318 3695 374 3751 dici
393 3694 510 3764 videtur,
540 3695 590 3767 qui
611 3696 639 3747 in
663 3694 761 3749 bellum
781 3696 860 3763 irent,
884 3726 921 3735 -
944 3703 969 3750 et
991 3702 1053 3751 eunt
1074 3704 1144 3762 octo,
1169 3726 1209 3737 -
1232 3698 1281 3769 qui

230 3780 326 3836 rummie
357 3778 397 3833 ibi
423 3796 516 3833 rerum
540 3785 710 3850 procuden&
739 3785 765 3832 et
792 3779 931 3851 precipui
960 3777 1069 3852 aliquid
1090 3779 1220 3845 tributum
1244 3776 1278 3845 Q.

230 3855 306 3916 Fadio
326 3870 352 3916 et
373 3863 411 3921 77.
439 3858 562 3916 Cornelio
583 3852 736 3931 ueneficam
754 3860 882 3932 uidetur.)
925 3862 1030 3931 XLII,
1061 3865 1077 3917 5
1101 3862 1282 3918 contulerant

231 3939 271 4010 (Η
284 3962 350 4002 rece.
372 3943 430 3998 oid.
452 3943 492 3998 od
513 3947 569 4011 40,
599 3947 614 3997 7
645 3951 671 3998 et
691 3942 725 3998 de
745 3944 809 3998 uitio
839 3946 968 4000 orationis
993 3944 1058 4004 Em.
1080 3944 1163 4017 240.)
1199 3944 1227 4001 7·
1244 3944 1282 4001 ud

230 4026 447 4100 supplementum
470 4024 584 4098 (Gran.)
603 4026 608 4096 (
627 4024 772 4099 digressos
797 4025 912 4097 XLIV,
937 4026 1073 4083 turdens
1095 4027 1145 4100 (P)
1168 4032 1183 4082 7
1209 4027 1291 4084 celem

231 4105 358 4166 trabatur
388 4108 436 4181 (H
452 4108 481 4165 L
499 4109 587 4181 rece.)
608 4109 714 4179 XLV,
742 4111 759 4165 9
791 4107 910 4180 (referre
932 4110 1076 4167 decretum
1098 4110 1283 4169 videturesse

232 4207 349 4249 renouare
373 4202 399 4249 et
429 4194 527 4248 iterum
560 4192 691 4260 reddere,
724 4192 950 4265 queamdmodum
974 4194 1087 4265 fabulo,
1116 4209 1282 4267 responsum,

233 4277 395 4346 coeundo,
416 4285 520 4332 ueteres
539 4285 614 4332 ortes
639 4276 738 4349 return
766 4275 905 4333 dicuntur.
955 4275 1105 4332 Videndum
1129 4285 1224 4345 tomen,
1252 4295 1285 4332 ne

233 4355 320 4453 hune
334 4361 478 4433 empne-u
497 4357 649 4433 perferes.)
671 4357 818 4429 XLVIII,
847 4363 858 4414 l
878 4357 1017 4415 alienatus
1039 4356 1139 4429 (Gran.
1159 4358 1224 4418 Fan.
1247 4361 1284 4415 11

720 4492 724 4500 .
1051 4454 1084 4508 'b'
