3392 5084
706 542 784 592 Liber
801 543 821 593 1.
960 557 964 563 ·
1234 549 1250 601 5

235 728 306 798 nius,
339 728 502 803 ubicunque
535 737 564 785 ct
594 745 766 803 quacunque
798 735 891 783 matre
920 728 1033 802 genitus
1066 730 1155 801 (certe
1187 735 1288 785 natum

235 834 327 889 AEnea
350 830 491 908 constat),-
513 832 679 889 abundsnte
700 830 816 889 Lauinii
837 832 1028 905 multitudine,
1050 836 1199 893 florentem
1222 831 1291 903 ism,

235 946 263 993 nt
281 946 340 994 tum
361 956 408 994 res
431 947 524 1007 erant,
546 946 633 1012 atque
654 936 820 1012 opulentam
851 938 951 995 urbem
972 939 1057 997 matri
1079 956 1131 995 seu
1160 956 1291 995 noverca

234 1042 352 1116 reliquit,
372 1062 481 1100 uovsm
502 1044 566 1119 ipse
587 1042 673 1099 aliem
701 1043 755 1101 sub
778 1042 896 1099 Albano
924 1052 1021 1101 monte
1050 1042 1194 1114 condidit,
1226 1062 1291 1119 quae

234 1148 266 1202 sb
286 1148 342 1203 situ
362 1146 504 1223 ponens
522 1149 551 1204 in
573 1148 661 1204 dorso
683 1148 762 1205 urbis
777 1149 882 1225 Longa
906 1148 985 1207 Albs
1010 1149 1166 1223 appellate.
1211 1150 1321 1207 Inter4

234 1253 380 1311 Lavinium
402 1262 432 1311 et
446 1252 555 1310 Album
578 1254 711 1328 Longam
735 1253 878 1311 coloniam
895 1253 1046 1311 deductam
1069 1252 1187 1327 triginta
1200 1251 1291 1310 ferme
1347 1256 1355 1263 ”

234 1357 381 1415 interfuere
404 1359 485 1418 anni.
509 1354 659 1439 =Tantum
680 1367 778 1423 temen
800 1377 871 1433 opes
895 1370 1046 1416 creverant
1067 1358 1194 1417 maxime
1217 1356 1289 1415 fusis

233 1462 371 1534 Etruscis,
403 1472 435 1520 nt
456 1483 493 1521 ne
522 1473 615 1521 morte
643 1464 759 1539 quidem
781 1465 886 1523 AEnees
913 1481 966 1522 nec
993 1464 1096 1523 deinde
1122 1464 1196 1521 inter
1225 1482 1289 1521 mn·

231 1566 341 1625 liebrem
363 1569 485 1626 tutelam
506 1569 757 1662 rudimentumque
777 1570 902 1645 primum
927 1570 1046 1646 puerilis
1067 1570 1149 1645 regni
1171 1588 1289 1627 movere

234 1690 308 1730 erma
332 1686 381 1731 ant
404 1675 565 1733 Mezentius
586 1675 761 1750 Etruscique
783 1684 833 1733 snt
855 1674 905 1733 ulli
934 1674 982 1733 elii
1004 1676 1110 1735 accolae
1135 1676 1198 1733 susi
1220 1677 1287 1739 sint.

166 1791 167 1794 ’
233 1779 293 1835 Pax
305 1780 346 1838 ita
359 1790 545 1854 convenerat,
566 1791 604 1865 ιιι1
612 1782 744 1840 Etruscis
758 1780 928 1855 Latinisque
941 1781 1045 1839 fluvius
1060 1780 1191 1852 Albula,
1202 1799 1287 1856 quem
1302 1784 1318 1838 5

234 1903 300 1943 nunc
321 1887 451 1945 Tiberim
473 1896 590 1957 vocant,
611 1887 677 1944 finis
698 1895 783 1943 esset.

307 1990 413 2049 Silvius
445 1992 548 2050 deinde
580 2001 692 2067 regnat,
724 1990 846 2049 Ascanii
880 1990 968 2063 lilius,
1003 2010 1072 2051 casu
1101 1993 1227 2066 quodam
1248 1968 1318 2053 ind

235 2094 306 2153 silvis
337 2078 437 2154 natusf
476 2098 507 2154 Is
529 2092 657 2155 AEnesm
686 2096 807 2155 Silvium
834 2107 928 2167 creet;
946 2097 986 2155 is
1019 2097 1122 2155 deinde
1147 2100 1317 2157 Latinum'l

235 2201 353 2259 Silvium.
398 2205 449 2261 Ab
472 2222 507 2259 eo
536 2202 657 2261 coloniae
675 2202 786 2278 aliquot
814 2202 958 2273 deducta,
987 2202 1081 2259 Prisci
1104 2204 1201 2260 Latini
1234 2224 1285 2280 ep·

234 2308 330 2381 polluti.
376 2310 488 2368 Mansit
509 2308 608 2367 Silviis
628 2317 732 2384 postea
759 2307 892 2365 omnibus
921 2324 1096 2381 cognomen,
1127 2308 1176 2383 qui
1200 2310 1319 2369 Albue8

234 2423 423 2487 regnaverunt.
461 2414 567 2472 Latino
588 2416 670 2472 Albe
690 2424 780 2483 ortus,
802 2414 882 2473 Alba
897 2414 982 2488 Atys,
1005 2415 1083 2489 Atye
1098 2413 1206 2491 Capys,
1229 2415 1288 2473 Oe·
1367 2474 1370 2481 ,

236 2536 284 2593 pye
302 2518 437 2596 Capetus,
462 2505 575 2596 Ceneto
596 2520 766 2591 Tiberinus,
791 2519 840 2593 qui
862 2519 891 2575 in
912 2518 1033 2575 traiectu
1056 2518 1171 2579 Albulae
1194 2522 1287 2579 amnis

236 2643 397 2684 summersus
412 2627 526 2698 celebre
548 2627 585 2682 ad
606 2634 739 2701 posteros
760 2643 866 2682 nomen
886 2626 996 2681 flumini
1018 2620 1105 2687 dedit.
1149 2628 1317 2703 Agrippa9

235 2730 299 2802 inde,
318 2733 448 2791 Tiberini
469 2732 555 2802 tilius,
575 2740 643 2807 post
661 2731 825 2807 Agrippam
847 2729 989 2787 Romulus
1012 2730 1135 2803 Silvius,
1158 2752 1176 2789 a
1199 2742 1285 2807 patre
1344 2712 1346 2716 Ι

237 2848 341 2913 eccepto
361 2839 495 2915 imperio,
515 2846 627 2914 regnat.
673 2836 819 2894 Aventino
840 2834 960 2893 fulmine
981 2836 1043 2912 ipse
1064 2837 1137 2895 ictus
1159 2856 1281 2913 reguum

237 2960 280 3015 per
297 2964 396 3001 manus
418 2939 546 3001 tradidit.
593 2939 625 3000 Is
653 2942 782 3017 sepultus
803 2942 833 2997 in
854 2960 889 2998 eo
912 2940 999 3011 colle,
1031 2942 1081 3017 qui
1112 2962 1187 3002 nunc
1215 2964 1284 3019 pars

238 3047 361 3107 &manre
382 3059 427 3108 est
441 3050 529 3121 urbis,
552 3067 713 3124 cognomen
727 3047 794 3105 colli
807 3046 884 3105 fecit.
928 3050 1025 3107 Proca
1047 3048 1149 3106 deinde
1171 3060 1283 3124 regnat.

237 3153 261 3208 Is
279 3156 458 3213 Numitorem
481 3153 739 3230 atqne'Amulium
760 3163 908 3228 procreem
937 3154 1092 3223 Numitori,
1115 3155 1164 3228 qui
1186 3156 1284 3230 stirpis
1299 3152 1334 3207 10

239 3261 367 3319 maximus
392 3272 471 3333 erat,
499 3280 619 3337 reguum
647 3267 792 3317 vetustum
820 3258 919 3316 Silviae
948 3260 1041 3334 gentis
1070 3258 1156 3333 legat.
1212 3261 1283 3319 Plus

238 3366 382 3424 minervis
402 3368 497 3443 potuit
518 3386 604 3441 quem
628 3364 762 3422 voluntas
783 3365 875 3439 patris
898 3374 948 3422 aut
975 3364 1149 3422 verecundie
1177 3367 1284 3424 aetatis:

239 3470 309 3543 pulso
334 3473 425 3530 fratre
454 3472 589 3531 Amulius
618 3480 729 3545 regnat.
783 3472 874 3529 Addit
898 3471 998 3540 sceleri
1020 3468 1130 3546 scelus;
1163 3470 1283 3547 stirpem
1300 3469 1334 3524 il

240 3575 321 3636 fratris
341 3579 451 3636 virilem
476 3578 626 3647 interimit;
646 3576 746 3635 fratris
766 3578 832 3635 filiae
861 3581 929 3636 Reae
954 3578 1050 3635 Silviae
1078 3579 1283 3654 per-speciem

241 3680 349 3755 honoris,
373 3702 462 3760 quum
477 3682 627 3741 Vestalem
642 3702 706 3741 eam
721 3684 847 3759 legisset,
868 3691 1008 3757 perpetua
1022 3684 1187 3759 virginitate
1202 3703 1282 3760 spem

242 3797 324 3858 pertus
344 3790 453 3847 adimit.

308 3894 362 3953 Sed
383 3894 552 3964 debebatur,
575 3902 607 3951 nt
629 3896 748 3970 opinor,
776 3894 844 3952 fetis
867 3864 954 3951 tentae
977 3894 1059 3969 origo
1081 3896 1160 3953 urbis
1190 3898 1283 3954 maxi·
1356 3890 1378 3957 4

244 3996 322 4071 mique
340 4000 495 4058 secundum
518 4001 638 4057 deorum
665 4018 736 4075 opes
763 4000 877 4084 imperii
907 4000 1086 4076 principium.
1135 4002 1175 4058 Vi
1205 4000 1313 4057 com-2

243 4118 326 4175 pressa
344 4107 472 4165 Vestalis
493 4125 582 4181 quum
603 4106 748 4181 geminum
770 4115 884 4182 partum
908 4107 1051 4175 edidisset,
1073 4124 1123 4162 seu
1146 4107 1187 4163 ita
1208 4113 1283 4175 rete,

244 4222 283 4263 een
302 4212 364 4284 quie
391 4213 463 4271 deus
484 4222 586 4270 auctor
606 4212 698 4287 culpte
727 4212 877 4269 honestior
903 4221 982 4281 erat,
1015 4212 1138 4269 Martem
1168 4212 1283 4268 incertos

166 4301 167 4304 ¹
245 4311 325 4388 stirpis
342 4325 453 4391 petrem
475 4327 631 4393 nuncupat.
673 4317 733 4376 Sed
754 4336 808 4375 nec
829 4317 869 4375 dii
890 4335 943 4374 nec
964 4318 1095 4373 homines
1118 4327 1168 4374 aut
1188 4316 1313 4389 ipsemss
1531 4340 1532 4409 q

1531 4410 1532 4459 l
