3392 5084
495 551 552 608 166
763 611 767 622 Ι
786 546 864 596 nam
879 545 929 600 111.
957 546 1004 609 (a.
1016 544 1156 610 aaron.)

451 733 546 792 cretiae
562 731 633 790 urbe
653 746 799 807 regnoque
816 730 992 806 Tarquinios
1013 729 1173 806 expulerat,
1194 739 1303 786 utnon
1324 731 1390 788 linis
1411 731 1492 786 solun

451 839 527 896 idom
549 833 725 914 decemviris}
749 835 798 910 qui
819 835 944 911 regibus,
966 835 1018 892 sed
1039 855 1127 893 cansa
1147 835 1234 894 etiam
1263 835 1364 892 eadem
1393 835 1492 910 imperii

421 942 600 1006 remittendi
633 947 717 1002 esset.
778 943 857 1017 App.
888 937 1040 998 Claudium
1071 941 1191 1017 virginis
1223 940 1343 1016 plebeiae
1370 950 1493 1016 stuprari·
1522 995 1523 998 ,

452 1050 496 1108 de
516 1047 610 1108 libido
627 1047 710 1122 cepit.
755 1047 844 1106 Pater
865 1046 993 1121 virginis,
1015 1048 1050 1108 L.
1065 1021 1230 1122 Verginius,
1250 1048 1407 1104 honestum
1428 1047 1495 1102 ordi-

453 1175 518 1214 nem
552 1156 582 1212 iu
605 1151 712 1230 Algido
735 1149 873 1222 ducebat,
904 1152 950 1209 vir
970 1153 1094 1228 exempli
1121 1154 1193 1212 recti
1220 1152 1299 1211 domi
1331 1152 1493 1225 militiaeque.
1522 1178 1524 1182 ·

423 1261 577 1320 3Perinde
611 1277 686 1317 uxor
716 1255 847 1314 instituta
875 1256 972 1314 iuerat
998 1257 1136 1333 liberique
1163 1258 1397 1320 instituebantur.
1446 1260 1495 1314 De

451 1368 608 1444 sponderat
628 1364 717 1424 filiam
738 1361 774 1424 L.
794 1361 880 1420 Icilio
900 1362 1067 1433 tribunicio,
1099 1365 1162 1422 viro
1191 1364 1251 1421 aori
1279 1372 1308 1420 et
1329 1383 1386 1438 pro
1420 1382 1496 1420 causa

421 1471 543 1549 dplebis
565 1479 689 1557 oupertus
710 1467 832 1526 virtutis.
882 1468 968 1526 Hanc
988 1469 1135 1543 virginem!
1157 1470 1303 1538 adultam,
1335 1469 1435 1526 forma
1456 1489 1496 1525 ex·
1522 1502 1524 1505 -

451 1578 597 1636 cellentem
623 1574 746 1650 Appius,
770 1592 869 1631 amore
889 1591 1002 1644 amens,
1023 1575 1116 1648 pretio
1137 1594 1172 1633 ac
1192 1593 1244 1651 spe
1264 1575 1403 1652 pellicere
1423 1576 1497 1632 ador·

451 1693 511 1754 tus,
539 1692 693 1758 postquam
715 1678 812 1736 omnin
839 1679 951 1754 pudore
973 1660 1064 1755 septa
1095 1681 1353 1750 animadverterat,
1385 1682 1425 1738 ad
1445 1699 1497 1736 cm·

422 1787 543 1846 bdelem
580 1787 790 1862 superbamque
825 1784 885 1841 vim
923 1785 1050 1842 animum
1089 1787 1238 1846 convertit.
1302 1788 1345 1845 M.
1384 1785 1497 1844 Claudio

453 1892 548 1950 clienti
575 1891 720 1966 negotium
750 1889 846 1958 dedit,
875 1870 919 1945 ut*
940 1890 1081 1966 virginem
1109 1891 1139 1946 in
1167 1893 1334 1949 servitutem
1364 1908 1498 1950 assereret

452 2017 545 2073 neque
577 1998 690 2056 eederet
720 1995 876 2054 seeundum
903 1995 1065 2053 libertatem
1101 1997 1314 2071 postulantibus
1355 1999 1497 2064 vindicius,
1522 2036 1524 2039 -

422 2105 530 2179 6quod
551 2113 633 2180 peter
649 2101 750 2178 puellae
772 2102 894 2169 abesset,
915 2100 1009 2158 locum
1031 2101 1141 2160 iniuriae
1161 2121 1224 2160 esse
1253 2112 1344 2160 ratus.
1396 2103 1497 2178 Virgini
1522 2151 1524 2155 .

452 2210 576 2268 venienti
607 2209 637 2265 in
666 2207 762 2264 forum
796 2207 847 2281 (ibi
876 2225 1003 2280 namque
1032 2207 1062 2263 in
1094 2209 1220 2265 tabernis
1251 2209 1417 2266 litterarum
1449 2209 1499 2265 ludi
1522 2246 1524 2256 2

452 2319 549 2386 erant)
572 2314 700 2372 minister
721 2290 875 2372 decemviri
906 2312 1032 2402 libidinis
1055 2333 1171 2371 manum
1196 2314 1307 2383 iniecit,
1337 2334 1429 2373 serva
1456 2334 1499 2372 sua

451 2431 551 2479 natam
573 2439 745 2496 servamque
766 2419 925 2495 appellans,
947 2418 1086 2493 sequique
1107 2438 1139 2476 se
1161 2420 1293 2476 iubebat:
1323 2432 1497 2478 cunctantem

423 2527 482 2590 7ui
506 2527 726 2586 abstracturum.
772 2525 887 2583 Pavida
907 2524 1003 2599 puella
1018 2535 1161 2601 stupente,
1184 2527 1221 2581 ad
1243 2525 1404 2583 clamorem
1419 2526 1497 2582 nutri·

453 2631 493 2690 cis
514 2631 598 2688 fidem
622 2629 775 2704 Quiritium
795 2629 975 2705 implorantis
997 2633 1029 2687 fit
1049 2649 1213 2690 concursus.
1260 2632 1396 2706 Verginii
1418 2633 1498 2709 patris

453 2737 607 2812 sponsique
640 2736 713 2794 Icilii
749 2736 889 2812 populare
920 2755 1026 2795 nomen
1057 2735 1226 2792 celebratur.
1282 2738 1380 2794 Notos
1415 2739 1499 2814 gratia

423 2852 561 2913 seorsum,
582 2843 696 2900 turbam
718 2842 873 2916 indignitas
893 2842 936 2900 rei
957 2842 1062 2919 virgini
1083 2839 1224 2898 conciliat
1271 2841 1337 2898 Iam
1361 2860 1380 2898 a
1404 2843 1435 2898 vi
1447 2852 1500 2898 tuta

453 2958 531 3017 erat,
568 2967 656 3024 quum
685 2956 811 3005 assertor
849 2946 919 3003 nihil
949 2966 1022 3023 opus
1052 2966 1115 3005 esse
1147 2945 1328 3004 multitudine
1363 2949 1524 3021 concitate

453 3054 506 3124 ait;
532 3072 563 3110 se
584 3054 645 3111 iure
667 3053 809 3138 grassari,
837 3072 895 3109 non
924 3054 961 3112 vi.
1005 3053 1101 3111 Vocat
1119 3051 1244 3126 puellam
1264 3052 1295 3107 in
1324 3052 1379 3111 ius.
1430 3059 1499 3110 Auo
1522 3111 1524 3130 ς

453 3159 572 3230 toribus,
594 3159 643 3233 qui
665 3159 794 3229 aderant,
815 3169 1043 3233 utsequeretur,
1065 3158 1103 3214 ad
1124 3156 1249 3213 tribunal
1269 3158 1364 3233 Appii
1384 3177 1500 3233 perven·
1522 3196 1524 3233 r

422 3274 512 3330 otum
535 3274 586 3322 est.
633 3265 743 3322 Notum
764 3265 852 3323 iudici
872 3265 1001 3323 fabulam
1025 3265 1144 3341 petitor,
1174 3263 1280 3339 quippe
1310 3263 1390 3338 apud
1414 3242 1524 3338 ipsum'

453 3381 599 3430 auctorem
624 3371 793 3446 argumenti,
816 3370 943 3446 peragit:
965 3371 1091 3445 puellam
1113 3369 1191 3427 domi
1212 3388 1272 3425 suae
1291 3378 1393 3424 natam
1417 3369 1501 3426 furto-

454 3497 509 3552 que
530 3477 596 3534 inde
616 3476 646 3532 iu
668 3477 784 3534 domum
806 3475 937 3550 Verginii
966 3476 1135 3532 translatam
1166 3475 1346 3550 suppositam
1379 3476 1407 3532 ei
1430 3491 1500 3540 esse3

405 3591 439 3645 10
452 3583 482 3640 id
501 3601 531 3638 se
552 3581 656 3639 indicio
678 3591 856 3657 compertum
878 3578 983 3637 afferre
1008 3580 1253 3655 probaturumque
1272 3581 1319 3637 vel
1341 3581 1408 3656 ipso
1434 3570 1501 3637 V'er-

453 3687 532 3762 ginio
553 3687 654 3757 iudice,
685 3688 722 3744 ad
745 3705 829 3761 quem
852 3685 945 3743 maior
968 3703 1037 3761 pars
1056 3685 1167 3742 iniuriae
1190 3686 1250 3743 eius
1273 3687 1435 3763 pertineat;
1464 3676 1524 3769 iri-j

405 3803 436 3857 11
452 3792 536 3850 terim
557 3792 703 3850 dominnm
726 3793 807 3866 sequi
824 3773 957 3850 ancillam
980 3809 1095 3864 aequum
1116 3809 1187 3847 esse.
1236 3792 1386 3850 Advocati
1406 3774 1524 3875 puellel

454 3917 540 3974 quum
565 3897 734 3974 Verginium
762 3897 804 3954 rei
831 3894 952 3972 publice
984 3915 1073 3954 causa
1101 3895 1240 3954 dixissent
1270 3898 1389 3966 abesse,
1418 3898 1524 3979 biduo}

453 4001 618 4074 affirturum,
640 4003 665 4061 si
689 4003 849 4060 nuntiatum
871 4003 897 4059 ei
919 4003 969 4070 ait;
997 4003 1128 4076 iniquum
1149 4018 1213 4058 esse
1235 4003 1383 4060 absentem
1411 4006 1451 4061 de
1471 4006 1502 4060 li·

403 4097 440 4172 ii
453 4110 528 4167 beris
544 4110 688 4178 dimicare,
710 4109 865 4183 postulant,
886 4117 918 4164 ut
939 4127 1000 4164 rem
1020 4108 1162 4182 integram
1183 4109 1214 4166 in
1235 4111 1326 4185 patris
1347 4111 1500 4168 adventurn

454 4212 586 4283 differat,
614 4214 678 4289 lege
699 4214 736 4270 ab
757 4213 821 4288 ipso
842 4211 904 4270 lata
924 4212 1065 4270 vindicias
1093 4213 1141 4270 det
1163 4215 1320 4273 secundum
1341 4215 1500 4274 libertatem

453 4339 509 4376 neu
530 4319 666 4394 patiatur,
694 4319 832 4394 virginem
867 4317 994 4375 adultam
1024 4316 1111 4376 iamae
1140 4320 1220 4394 prins
1247 4340 1334 4395 quam
1364 4322 1501 4379 libertatis
