3392 5084
483 516 522 573 20
792 512 870 563 Liber
887 512 935 561 VI.
970 512 1013 577 (A.
1027 528 1053 561 u.
1063 528 1087 562 e.
1101 513 1174 577 870.)

439 698 590 768 habuistis,
612 699 824 773 qualescunque
838 698 894 773 ipsi
907 696 1010 767 fuistis,
1033 696 1131 754 omnia
1147 698 1251 769 adhuc,
1275 706 1478 773 quantacunque

439 803 567 879 petistis,
599 804 761 861 obtinuistis
787 822 838 859 seu
865 803 895 859 vi
923 822 975 860 seu
1004 802 1123 861 fortuna
1150 814 1257 861 vestra.
1303 795 1426 877 Tempus
1443 810 1479 857 est
1512 793 1514 832 ¹

393 916 428 972 13
448 906 563 986 [et]iam
594 910 707 967 maiora
734 910 840 967 conari.
897 908 1077 983 Experimini
1109 909 1197 966 modo
1225 920 1254 966 et
1279 919 1403 967 vestram
1429 906 1479 964 feli·

444 1016 561 1073 citatem
582 1024 610 1072 et
632 1034 692 1087 me,
715 1025 747 1071 ut
768 1032 870 1091 spero,
900 1013 1021 1072 feliciter
1044 1023 1211 1089 expertum3
1242 1013 1353 1071 minore
1372 1013 1480 1089 negotio,

443 1122 493 1196 qui
513 1122 651 1196 imperet,
681 1120 811 1196 patribus
832 1120 986 1196 imponetis
1007 1138 1112 1204 quam,
1144 1121 1195 1195 qni
1226 1122 1392 1178 resisterent
1408 1122 1481 1195 impe

394 1234 428 1288 14
441 1227 587 1298 rantibus,
617 1226 803 1302 imposuistis.
845 1224 915 1283 Solo
938 1225 1086 1299 aequandae
1107 1237 1175 1283 sunt
1197 1227 1349 1284 dictaturae
1369 1225 1482 1283 consula·
1512 1287 1514 1316 Ι

442 1343 561 1407 tusque,
592 1342 624 1389 ut
653 1342 740 1406 caput
772 1331 904 1389 attollere
937 1332 1072 1388 Romana
1101 1331 1200 1407 plebes
1228 1334 1333 1408 possit.
1375 1329 1481 1389 Proinde
1512 1319 1514 1378 f

441 1439 557 1508 adeste3
579 1418 728 1514 prohibet'e
748 1437 793 1494 ius
815 1438 851 1493 de
872 1437 1000 1512 pecuniis
1021 1436 1093 1506 diei;
1114 1455 1169 1521 ego
1191 1456 1239 1494 me
1258 1449 1413 1513 patronum
1430 1454 1482 1511 pro·
1512 1463 1514 1526 1

393 1551 427 1605 15
441 1545 525 1601 fiteor
546 1544 647 1619 plebis,
674 1545 751 1617 quod
773 1543 843 1601 mihi
865 1561 935 1599 cura
955 1562 1020 1600 mea
1041 1552 1070 1599 et
1090 1543 1162 1599 fides
1182 1562 1292 1600 nomeu
1313 1544 1418 1612 induit3
1442 1559 1483 1597 vos
1512 1545 1514 1605 ᾗ

442 1649 467 1707 si
489 1667 546 1723 quo
561 1648 666 1723 insigni
688 1650 780 1725 magis
802 1648 916 1725 imperii
936 1648 1092 1705 honorisve
1114 1649 1231 1705 nomine
1252 1659 1384 1707 vestrum
1404 1647 1484 1723 appel·
1512 1707 1514 1721 ζ

441 1754 538 1811 labitis
565 1754 681 1824 ducem,
713 1773 747 1811 eo
773 1754 893 1811 utemini
920 1754 1082 1828 potentiore
1109 1754 1146 1809 ad
1175 1754 1335 1812 obtinenda
1368 1774 1411 1825 ea,
1436 1770 1486 1827 que

393 1866 428 1922 ts
443 1860 557 1917 vultis.“
601 1861 673 1918 Inde
695 1859 731 1915 de
752 1878 841 1933 regno
867 1860 972 1934 agendi
994 1868 1088 1916 ortum
1109 1858 1221 1916 initium
1235 1860 1358 1936 dicitur3
1380 1861 1429 1918 sed
1446 1871 1486 1914 net

442 1986 507 2025 cum
538 1964 641 2042 quibus
673 1984 726 2023 nec
757 1985 841 2041 quem
871 1964 909 2020 ad
935 1965 1021 2021 finem
1048 1963 1168 2021 consilia
1194 1967 1398 2039 pervenerint,
1431 1964 1486 2021 sat's
1512 2028 1514 2034 ¹

441 2074 560 2150 planum
582 2072 714 2129 traditur.

345 2176 390 2245 19*
525 2181 568 2236 At
589 2179 618 2235 in
639 2187 723 2253 parte
746 2178 837 2235 altera
865 2185 981 2233 senatus
1011 2176 1048 2231 de
1068 2176 1230 2234 secessione
1251 2177 1281 2233 in
1304 2178 1424 2235 domum
1442 2176 1488 2252 pri·
1512 2243 1514 2245 ¹

442 2296 541 2343 vatam
565 2285 667 2361 plebis,
687 2281 763 2339 forte
784 2281 871 2337 etiam
893 2280 922 2337 in
944 2300 1011 2339 arce
1031 2282 1165 2356 positam,
1193 2294 1222 2366 et
1245 2284 1409 2341 imminenti
1427 2282 1488 2341 mole

409 2392 567 2449 2libertati
595 2391 694 2465 agitat.
750 2389 862 2463 Magna
895 2407 963 2462 pars
997 2386 1206 2459 vociferantur,
1250 2390 1378 2448 Servilio
1405 2389 1490 2447 Ahala

441 2516 515 2573 opus
537 2514 614 2568 esse,
647 2496 696 2571 qui
717 2501 775 2551 nob
803 2494 833 2551 in
855 2494 950 2551 vincla
980 2494 1046 2551 duci
1074 2494 1200 2552 iubendo
1230 2495 1326 2553 irritet
1354 2496 1489 2571 publicum

440 2604 569 2672 hostem,
617 2603 667 2659 sed
699 2600 783 2657 unius
821 2600 935 2657 iactura
970 2600 1040 2658 civis
1071 2601 1153 2657 finiat
1182 2602 1352 2660 intestinum
1386 2602 1490 2659 bellum

408 2708 610 2767 3Decurritur
631 2694 669 2765 ad
690 2706 826 2763 leniorem
849 2706 945 2763 verbis
966 2706 1150 2778 sententiam,
1177 2708 1236 2764 vim
1257 2718 1358 2765 tamen
1380 2708 1489 2765 eandem

438 2814 601 2884 habentem,
624 2822 655 2870 ut
678 2812 795 2869 videant
816 2811 1012 2885 magistratus,
1033 2831 1070 2868 ne
1092 2813 1161 2887 quid
1182 2833 1221 2871 ex
1239 2785 1411 2890 perniciosis
1431 2832 1488 2871 con·

407 2916 509 2977 ‘tediis
530 2920 572 2980 M.
592 2919 695 2978 Manlii
715 2937 761 2975 res
788 2916 905 2992 publiea
937 2915 1099 2975 detrimenti
1128 2920 1233 2994 capiat.
1280 2922 1361 2977 Tum
1392 2917 1489 2977 tribuni
1512 2993 1514 2996 Ι

439 3027 583 3084 consulari
604 3035 747 3102 potestate
774 3022 938 3095 tribunique
960 3022 1038 3096 plebi
1055 3023 1134 3096 (nam
1156 3035 1185 3081 et
1204 3028 1241 3096 ei,
1278 3027 1350 3101 quia
1377 3028 1487 3084 eunden
1512 2998 1514 3014 Ε

394 3193 398 3199 ,
438 3142 468 3190 et
488 3152 547 3190 suae
576 3132 745 3209 potestatis,
778 3148 863 3204 quem
885 3130 1026 3186 libertatis
1047 3132 1194 3210 omnium,¹
1221 3134 1309 3189 finem
1332 3135 1489 3201 cernebant,

436 3222 551 3315 patrum
574 3238 739 3296 auctoritati
759 3255 790 3293 se
814 3235 995 3307 dediderant)
1022 3236 1054 3291 hi
1084 3248 1145 3293 tum
1175 3256 1293 3308 omnes,
1325 3211 1397 3313 ouid
1423 3257 1488 3314 opus
1512 3215 1513 3234 ³

406 3344 515 3405 5facto
538 3346 589 3416 sit,
617 3343 788 3403 consultant.
836 3341 931 3414 Quum
957 3350 1062 3416 prater
1082 3342 1141 3398 vim
1164 3354 1193 3399 et
1213 3344 1322 3401 cadem
1343 3344 1417 3401 nihil
1436 3344 1489 3400 cni·

437 3468 524 3523 quam
547 3460 723 3520 occurreret,
741 3467 816 3505 xearn
839 3458 935 3505 autern
963 3447 1086 3521 ingentis
1107 3448 1299 3506 dimicationis
1321 3449 1387 3508 fore
1405 3468 1489 3525 appa·

406 3562 520 3626 6reret,
542 3566 602 3613 tum
624 3558 664 3613 M.
680 3555 830 3613 Menenius
852 3563 881 3610 et
905 3554 942 3626 Q.
964 3554 1107 3611 Publilius
1127 3554 1235 3612 tribuni
1255 3554 1367 3630 plebis:
1399 3554 1489 3628 „Quid

434 3652 549 3738 patrum
572 3671 599 3719 et
620 3661 712 3737 plebis
736 3671 881 3718 certamen
891 3659 1024 3729 facimus,
1046 3660 1125 3734 quod
1139 3660 1263 3717 civitatis
1278 3678 1343 3719 esse
1354 3661 1488 3718 adversus

435 3786 522 3823 unum
544 3766 711 3842 pestiferum
733 3766 824 3822 civem
854 3765 958 3823 debet?
1004 3765 1081 3837 Quid
1107 3751 1185 3823 cum
1197 3767 1283 3841 plebe
1308 3767 1488 3842 aggredimur

435 3892 509 3943 eum,
532 3894 616 3950 quem
637 3872 804 3951 peripsam
825 3873 938 3948 plebem
960 3872 1048 3929 tutius
1070 3873 1190 3947 aggredi
1211 3884 1268 3943 est,
1297 3883 1331 3930 ut
1351 3874 1413 3930 suis
1432 3873 1487 3947 ipse

405 3978 570 4039 loneratus
591 3982 700 4039 viribus
720 3978 806 4035 ruat?
853 3980 940 4036 Diem
970 3980 1064 4037 dicere
1096 3980 1123 4035 ei
1149 3980 1234 4037 nobis
1262 3982 1294 4037 in
1319 3980 1419 4037 animo
1439 3988 1485 4035 est.

433 4085 515 4144 Nihil
537 4087 628 4143 minus
649 4085 790 4160 populare
812 4103 899 4160 qnam
917 4104 1038 4160 regnum
1059 4096 1110 4145 est.
1154 4084 1246 4143 Simul
1257 4085 1423 4142 ‘multitudo
1442 4084 1487 4140 ills

433 4210 492 4249 non
528 4210 625 4249 secum
658 4192 762 4249 certari
797 4192 921 4249 viderint
963 4203 992 4249 et
1023 4212 1060 4249 ex
1078 4192 1241 4275 'advocatis
1280 4192 1392 4253 iudices
1423 4194 1486 4252 iacti

433 4306 517 4359 erunt
548 4306 576 4355 et
604 4308 785 4355 accusatores
813 4299 848 4355 de
880 4299 980 4374 plebe,
1009 4281 1161 4375 patricium
1193 4320 1274 4358 reum
1305 4300 1486 4359 intuebuntur
