3392 5084
671 522 749 571 Liber
763 522 787 573 Ι.
1177 524 1216 581 35

224 710 328 766 eandem
337 708 504 765 sententiam
515 706 587 776 ibat,
600 705 708 764 bellum
722 715 787 765 erat
797 722 981 765 consensum.
1001 706 1080 764 Fieri
1090 706 1215 776 solitum,
1226 714 1259 764 ut

225 816 313 872 fetialis
320 816 431 873 hastam
441 813 580 873 ferratam
590 822 642 870 aut
653 810 862 888 [sanguineam]
871 812 1070 887 pramtsmad
1080 812 1150 869 fines
1158 830 1257 871 corum

225 919 340 989 demetet,
350 937 407 976 nou
417 920 513 977 minus
529 919 622 977 tribus
630 918 788 995 puberibus
798 917 996 994 presentibus,
1008 918 1128 977 diceret:
1151 917 1257 991 „Quod
1271 917 1307 973 13

225 1026 307 1101 populi
325 1026 491 1092 Priscorum
514 1026 686 1083 Latinorum
706 1025 896 1098 hominesque
917 1023 1010 1081 Prisci
1032 1024 1129 1082 Latini
1149 1025 1254 1081 adver·

225 1151 263 1188 sus
279 1134 409 1207 populum
431 1135 595 1191 Romanum
617 1131 773 1205 Quiritium
797 1129 927 1188 fecerunt
954 1130 1148 1205 deliquerunt,
1179 1130 1258 1204 quod

225 1240 328 1315 populus
347 1241 497 1298 Romanus
518 1237 672 1311 Quiritium
693 1238 800 1295 bellum
825 1256 891 1294 cum
915 1236 1022 1295 Priscis
1044 1236 1155 1294 Latinis
1175 1237 1259 1295 iussit

180 1343 181 1346 ’
226 1364 285 1417 ase,
310 1354 483 1420 senatusque
503 1344 604 1422 populi
631 1344 758 1402 Romani
783 1341 939 1417 Quiritium
972 1342 1081 1400 censuit
1114 1342 1257 1401 consensit

225 1436 357 1520 conscivit,
393 1461 427 1508 ut
447 1450 554 1509 bellum
577 1469 643 1508 cum
664 1449 773 1506 Priscis
796 1448 908 1505 Latinis
929 1448 1025 1520 fieret,
1053 1450 1090 1506 ob
1112 1468 1176 1507 eam
1196 1468 1258 1507 rem

226 1576 266 1631 cgo
295 1558 474 1633 populusque
503 1558 653 1614 Romanum
680 1555 795 1630 populis
824 1554 992 1612 Priscorum
1014 1555 1183 1612 Latinorum
1204 1555 1258 1613 ho·

226 1664 384 1739 sinibusque
404 1663 515 1721 Priscis
541 1652 654 1721 Latinis
685 1661 792 1719 bellum
817 1662 914 1719 indico
943 1660 1103 1736 facioque.“
1151 1661 1188 1718 Id
1208 1662 1257 1719 ubi

226 1768 333 1838 dixisset,
352 1770 469 1825 hastam
489 1770 520 1825 iu
540 1771 611 1825 fines
635 1786 735 1824 eorum
756 1767 914 1828 emittebat.
960 1768 1027 1825 Hoc
1041 1780 1102 1825 tum
1118 1768 1205 1825 modo
1219 1769 1256 1825 ab
1273 1768 1308 1822 tt

226 1873 318 1931 Latinis
336 1873 465 1949 repetitas
485 1893 532 1931 res
553 1873 704 1931 acbellum
714 1872 863 1944 indictum,
878 1891 1044 1947 moramque
1065 1892 1128 1931 eum
1148 1873 1258 1949 posteri

227 1990 385 2055 acceperunt.
445 2021 447 2026 -

292 2088 403 2156 Ancus,
434 2084 610 2155 demandata
636 2102 707 2142 cura
735 2102 883 2143 sacrorum
912 2084 1075 2141 flaminibus
1098 2085 1257 2143 sacerdoti·
1306 2072 1351 2142 33

227 2192 318 2265 busque
334 2191 406 2262 aliis,
427 2189 556 2248 exercitu
565 2208 643 2247 novo
658 2190 831 2266 conscripto,
843 2189 992 2266 proiectus
1006 2190 1188 2261 Politorium,
1210 2210 1258 2249 ur·

225 2297 279 2353 bem
296 2298 473 2366 Latinorum,
497 2294 526 2352 vi
548 2295 638 2371 cepit3
668 2306 840 2371 secutusque
867 2315 976 2355 morem
997 2314 1097 2372 regum
1120 2297 1258 2371 priorum,

226 2402 337 2476 quirem
352 2405 517 2462 Romanam
538 2410 680 2459 auxerant
700 2403 832 2461 hostibus
853 2403 884 2459 in
909 2402 1055 2460 civitatem
1077 2402 1259 2478 accipiendis,

226 2509 415 2566 multitudinem
437 2528 552 2567 omnem
573 2508 699 2566 Romam
719 2509 856 2570 traduxit.
897 2510 938 2567 Et
959 2527 1047 2584 quum
1074 2509 1151 2566 circa
1170 2504 1290 2567 Pala-2

225 2613 297 2685 dum,
326 2616 423 2673 sedam
444 2624 574 2673 veterum
604 2615 818 2686 Romanorum,
854 2614 955 2675 Sabini
977 2613 1152 2691 Capitolium
1173 2624 1261 2691 atque

227 2738 322 2792 arcem,
342 2720 462 2779 Caelium
493 2729 621 2778 montem
641 2720 752 2778 Albani
773 2721 956 2797 implessent,
980 2722 1157 2779 Aventinum
1178 2740 1262 2780 novae

228 2827 380 2885 multitudini
400 2803 510 2884 datum.
548 2825 651 2889 Additi
672 2826 775 2883 eodem
794 2827 874 2884 haud
894 2827 936 2883 ita
954 2826 1044 2883 multo
1066 2836 1142 2901 post,
1164 2826 1261 2883 Talle-

228 2932 261 2988 nis
281 2934 444 3009 Ficanaque
465 2931 567 3007 captis,
588 2930 658 2989 novi
678 2932 765 2990 cives.
806 2932 980 2990 Politorium
992 2932 1058 2989 inde
1074 2950 1173 2990 misus
1185 2933 1292 2991 bellos
1400 2938 1403 2947 “

228 3041 375 3114 repetitum,
410 3040 488 3114 quod
520 3057 645 3096 vacuum
676 3046 891 3114 occupaverant
911 3039 1005 3097 Prisci
1034 3039 1140 3111 Latini,
1169 3032 1263 3115 eaqu'e

229 3160 301 3203 causa
320 3147 464 3204 diruendas
490 3146 569 3202 urbis
596 3145 657 3202 eius
684 3144 740 3203 init
759 3146 917 3216 Romanis,
952 3166 988 3203 ne
1005 3145 1131 3202 hostium
1150 3162 1264 3221 semper

229 3252 421 3327 receptaculum
442 3260 525 3307 esset.
569 3251 723 3307 Postremo
751 3253 829 3309 omni
856 3251 932 3308 bello
963 3250 1068 3309 Latino
1095 3250 1292 3307 Medulliamd

230 3358 368 3432 conpulso,
389 3356 568 3430 aliquamdiu
579 3356 620 3413 ibi
629 3357 726 3416 Marte
736 3358 855 3428 incerto,
877 3357 961 3415 varia
973 3356 1263 3432 victoriapugnatum

231 3469 278 3535 ast3
294 3482 360 3521 nam
380 3472 411 3520 et
430 3464 500 3520 urbs
519 3471 583 3519 tuta
603 3462 808 3520 munitionibus
829 3462 1020 3539 praesidioque
1040 3465 1156 3521 firmata
1166 3465 1264 3524 valido

232 3580 296 3638 erat,
325 3580 354 3627 et
373 3568 475 3646 castris
496 3569 527 3625 in
548 3578 650 3645 aperto
669 3569 772 3644 positis
801 3569 953 3644 aliquoties
982 3568 1124 3626 exercitus
1142 3570 1264 3629 Latinus

232 3675 340 3733 cominus
351 3694 417 3733 cum
427 3676 568 3733 Romanis
581 3674 664 3750 signa
672 3676 840 3737 contulerat.
867 3675 916 3733 Ad
927 3675 1056 3732 ultimum
1070 3676 1202 3734 omnibus
1214 3696 1264 3735 co·
1278 3683 1295 3736 5

233 3776 275 3849 piis
285 3782 412 3839 connisus
426 3784 529 3839 Ancus
541 3782 603 3839 acie
612 3780 736 3858 primum
747 3781 848 3851 vincit3
858 3779 925 3837 inde
933 3779 1040 3856 ingenti
1052 3783 1152 3857 praeda
1162 3792 1265 3859 potens

234 3880 336 3943 Romam
347 3887 431 3959 redit,
440 3897 502 3943 tum
514 3905 631 3962 qnoque
640 3887 738 3945 multis
753 3888 878 3945 millibus
891 3887 1061 3944 Latinorum
1076 3890 1265 3953 incivitatam

236 3994 348 4066 acceptis,
369 3993 491 4067 quibus,
513 4002 545 4049 ut
565 3992 731 4067 iungeretur
753 3987 870 4051 Palatio
884 3994 1071 4064 Aventinum,
1094 3996 1132 4052 ad
1145 3996 1265 4055 Murcia

237 4091 295 4152 data
312 4101 400 4157 sedes.
448 4098 608 4156 Ianiculum
630 4117 748 4173 quoqne
766 4100 920 4170 adiectum,
943 4118 1001 4157 non
1015 4100 1114 4177 inopia
1128 4101 1192 4172 loci,
1214 4102 1302 4165 seda

237 4206 386 4275 nequando
408 4224 445 4263 ea
467 4224 522 4261 arx
550 4204 681 4287 hostium
709 4213 793 4261 esset
836 4206 872 4262 Id
892 4225 951 4263 non
970 4224 1052 4264 muro
1076 4208 1183 4276 solum,
1214 4208 1266 4263 sed

238 4304 307 4365 etism
326 4313 362 4370 ob
382 4310 617 4370 commoditatem
637 4312 748 4369 itineris
768 4320 857 4387 ponte
886 4312 1023 4383 sublicio,
1055 4321 1115 4371 tum
1141 4312 1268 4388 primum

1040 4416 1071 4465 3⁸
