3392 5084
520 518 598 568 niter
615 517 689 568 v111.
726 517 831 585 (nos.
845 485 918 583 alo.)
1164 521 1228 580 ιι

212 703 240 757 ab
260 721 288 758 se
307 703 345 759 ad
367 721 421 760 nos
451 702 584 773 descisse,
609 704 750 761 exercitus
779 723 833 762 nos
866 722 971 779 parare
1001 703 1138 762 adversus
1160 703 1243 764 Sam-

211 807 276 876 nites,
303 807 459 866 foederatos
489 825 567 879 suos,
595 809 762 881 audierunt,
792 829 845 897 nec
866 818 1017 867 moverunt
1037 827 1068 867 se
1099 810 1136 867 ab
1162 810 1244 870 urbe.

210 913 280 970 Unde
306 915 369 972 haec
395 914 452 971 illis
479 923 561 971 tanta
590 916 734 973 modestia
759 917 815 974 nisi
841 935 860 972 a
887 915 1061 973 conscientia
1086 915 1189 974 virium
1216 923 1245 974 et
1261 921 1296 976 10

209 1026 356 1076 nostrarum
385 1029 413 1077 et
440 1019 578 1078 suarum?
609 994 734 1080 Idoneus
764 1029 896 1079 auctores
923 1023 1032 1090 habeo,
1061 1021 1244 1096 querentibus

209 1123 235 1177 de
253 1125 331 1181 nobis
354 1125 531 1183 Samnitibus
558 1125 600 1183 ita
628 1147 797 1202 responsum
829 1129 867 1186 ab
895 1136 996 1185 senatu
1016 1129 1150 1186 Romano
1172 1144 1244 1196 esse,
1333 1100 1338 1115 ι

208 1237 231 1283 ιι
246 1228 326 1287 facile
350 1240 512 1307 appareret,
533 1250 571 1288 ne
589 1233 669 1307 ipsos
689 1233 803 1308 quidem
825 1235 883 1292 iam
905 1233 1060 1308 postulare,
1082 1243 1113 1290 nt
1127 1232 1243 1290 Latium

207 1335 249 1390 sub
267 1337 403 1395 Romano
425 1338 545 1414 imperio
574 1338 620 1398 sit.
663 1339 810 1430 Usurpate
839 1340 926 1396 modo
953 1337 1135 1414 postulando,
1165 1338 1242 1412 quod

205 1440 236 1496 nlli
253 1442 334 1500 vobis
358 1444 439 1502 taciti
460 1445 627 1505 concedunt.
677 1444 708 1504 si
735 1463 820 1519 quem
847 1447 904 1502 hoc
930 1453 1023 1503 metus
1050 1444 1144 1500 dicere
1174 1462 1241 1518 pro·
1258 1449 1289 1502 ll

205 1546 275 1617 hibet,
299 1567 337 1606 en
360 1568 415 1625 ego
436 1550 507 1626 ipse,
528 1550 662 1608 audiente
682 1569 739 1608 non
762 1551 870 1626 populo
895 1553 1028 1608 Romano
1050 1550 1136 1606 modo
1159 1567 1242 1606 sena·

205 1660 292 1726 tuque,
324 1656 378 1712 sed
407 1656 479 1712 Iove
509 1656 588 1731 ipso,
618 1656 668 1730 qni
689 1653 862 1730 Capitolium
892 1657 1006 1725 incolit,
1032 1656 1169 1731 profiteor
1195 1671 1242 1710 me

206 1757 341 1832 dicturum,¹
364 1769 405 1831 nt,
426 1761 451 1817 si
471 1780 525 1818 nos
546 1762 576 1819 in
597 1759 705 1818 foedere
731 1780 766 1818 ac
787 1763 924 1821 societate
954 1779 1016 1820 esse
1038 1761 1141 1830 velint,
1173 1777 1241 1818 oon·

204 1864 279 1921 sulem
302 1866 426 1923 alterum
449 1867 486 1923 ab
506 1867 590 1924 nobis
612 1874 784 1940 senatusque
810 1878 923 1942 partem
944 1868 1115 1943 accipiant.“
1171 1868 1241 1924 Haec
1257 1867 1291 1924 12

204 1967 322 2028 ferociter
343 1991 404 2028 non
427 1972 559 2029 suadenti
580 1972 682 2042 solum,
701 1972 753 2029 sed
773 1969 919 2048 pollicenti
939 1975 1065 2030 clamore
1080 1979 1109 2028 et
1123 1988 1241 2028 assensu

204 2093 287 2133 omnes
317 2077 525 2152 permiserunt,
553 2085 586 2135 ut
613 2087 712 2152 ageret
732 2079 910 2152 diceretque,
944 2097 1008 2153 qma
1038 2076 1241 2152 erepublica

202 2183 309 2240 nominis
331 2182 432 2240 Latini
451 2183 565 2257 fideque
584 2201 639 2240 sua
659 2184 832 2245 viderentur.

269 2290 331 2349 Ubi
354 2297 399 2344 est
420 2289 545 2346 Romam
565 2297 697 2360 ventum,
726 2290 756 2346 in
777 2288 921 2364 Capitolio
949 2287 989 2345 ais
1018 2297 1135 2346 senatus
1155 2287 1239 2343 datus
1311 2281 1334 2350 5

201 2404 242 2455 est.
289 2395 339 2454 Ibi
370 2411 457 2468 quum
489 2395 524 2452 T.
545 2394 671 2451 Manlius
703 2395 803 2452 consul
828 2395 934 2470 egisset
955 2411 1019 2450 cum
1041 2395 1082 2452 eis
1103 2413 1139 2450 ex
1171 2410 1240 2450 auc·

201 2500 301 2556 toritate
326 2508 454 2574 patrum,
475 2519 512 2557 ne
533 2499 710 2559 Samnitibus
723 2499 870 2558 foederatis
886 2498 990 2557 bellum
1010 2499 1157 2568 inferrent,
1177 2499 1270 2557 Art-,2

200 2604 260 2674 nius,
281 2616 424 2680 tanquam
454 2605 548 2663 victor
569 2606 656 2664 armis
679 2604 854 2681 Capitolium
876 2605 1012 2680 cepisset,
1042 2623 1101 2676 non
1129 2604 1241 2679 legatus

200 2709 250 2767 iure
261 2711 391 2786 gentium
407 2718 485 2767 tutus
499 2711 672 2784 loqueretur,
696 2712 842 2785 „Tempus
858 2715 937 2768 erat“
957 2689 1057 2785 inquit,
1081 2711 1137 2779 „T.
1149 2708 1271 2768 Manlia

200 2831 296 2889 rosque
322 2825 423 2891 patres
445 2815 607 2890 conscripti,
627 2817 742 2874 tandem
762 2817 820 2874 iam
849 2835 902 2874 vos
923 2816 1071 2874 nobiscnm
1097 2814 1167 2872 nihil
1187 2833 1241 2890 pro

200 2918 307 2996 imperio
330 2940 433 2998 agere,
466 2941 554 2996 quum
580 2921 812 2979 florentissimum
845 2923 928 2980 deum
964 2921 1138 2996 benignitate
1167 2939 1242 2978 nnnc

200 3023 304 3084 Latium
325 3027 417 3084 armis
439 3027 574 3102 virisque,
596 3027 773 3087 Samnitibus
794 3028 871 3086 bello
885 3028 978 3099 victis,
1000 3003 1135 3087 Sidicinis
1155 3025 1242 3084 Carn-

199 3132 328 3208 panisque
350 3133 447 3202 sociis,
471 3153 546 3192 nunc
569 3131 656 3191 etiam
680 3132 795 3192 Volscis
816 3129 968 3205 adiunctis,
989 3133 1141 3202 videretis3
1163 3131 1242 3189 colo-

199 3236 251 3293 nias
277 3257 397 3312 quoque
422 3247 534 3295 vestras
566 3236 702 3296 Latinum
732 3239 866 3298 Romano
892 3239 1050 3316 praetulisse
1080 3237 1241 3312 imperium.

199 3338 248 3398 Sed
269 3343 408 3417 quoniam
422 3360 485 3413 vos,
505 3361 594 3418 regno
608 3343 758 3417 impotenti
778 3345 864 3402 linem
886 3355 918 3402 ut
937 3343 1100 3418 imponatis,
1120 3361 1178 3400 non
1198 3342 1241 3399 in·
1255 3347 1291 3402 4·

200 3445 290 3506 ducitis
312 3450 343 3506 in
367 3448 510 3517 animum,
536 3467 606 3518 nos,
635 3466 800 3522 quanquam
830 3449 918 3506 armis
939 3465 1091 3524 possumus
1115 3467 1243 3506 asserere

199 3551 305 3612 Latium
327 3557 359 3613 in
379 3555 556 3624 libertatem,
577 3553 821 3628 consanguinitati
841 3564 937 3610 tamen
959 3555 1014 3611 hcc
1036 3555 1181 3626 dabimus,
1210 3563 1243 3612 ut

200 3661 373 3719 condiciones
389 3662 470 3736 pacis
494 3660 620 3718 feramus
641 3677 738 3734 aequas
760 3659 899 3732 cuisque,
922 3659 1056 3732 quoniam
1072 3661 1148 3718 viros
1170 3681 1241 3736 quo·

199 3781 246 3837 que
279 3768 391 3842 aequari
428 3767 483 3824 diis
513 3765 722 3824 immortalibus
760 3764 878 3840 placuit.
932 3761 1085 3822 Consulem
1120 3764 1272 3824 alterum5

199 3869 293 3943 Roma,
315 3873 438 3930 alterum
453 3890 489 3928 ex
511 3869 596 3928 Latio
618 3871 710 3927 creari
723 3874 846 3946 oportet,
868 3879 983 3927 senatus
998 3881 1106 3945 partem
1129 3891 1241 3946 aequam
1299 3847 1303 3856 ¹

200 3993 230 4031 ex
248 3988 370 4053 utraque
393 3984 479 4052 gente
499 3993 576 4044 esse,
605 3993 692 4032 unum
718 3976 873 4051 populum,
903 3995 988 4032 unam
1016 3978 1241 4052 rempublicam
1305 3993 1307 3998 '
1391 3981 1394 3992 “

199 4080 264 4150 fieri,
288 4092 318 4140 et
337 4095 369 4140 ut
389 4081 504 4157 imperii
525 4081 624 4137 eadam
646 4081 729 4138 sedes
754 4081 792 4138 sit
813 4081 947 4156 idemque
968 4082 1098 4140 omnibus
1128 4079 1272 4155 nomena

200 4189 327 4257 qnoniam
369 4190 408 4246 ab
446 4188 604 4246 alterautra
639 4193 721 4261 parte
753 4188 872 4244 concedi
909 4205 1024 4253 necesse
1059 4195 1116 4258 est,
1165 4189 1243 4263 quod

199 4292 318 4368 utrisque
338 4295 411 4351 bene
432 4301 541 4364 venat,
574 4293 611 4351 sit
630 4293 691 4349 haeo
722 4309 792 4348 sane
819 4292 914 4368 patria
944 4291 1040 4367 potior
1069 4303 1097 4350 et
1117 4293 1242 4352 Romani
