<?xml version="1.0" encoding="UTF-8"?>
<!DOCTYPE html PUBLIC "-//W3C//DTD XHTML 1.0 Transitional//EN"
    "http://www.w3.org/TR/xhtml1/DTD/xhtml1-transitional.dtd">
<html xmlns="http://www.w3.org/1999/xhtml" xml:lang="en" lang="en">
 <head>
  <title>
</title>
<meta http-equiv="Content-Type" content="text/html;charset=utf-8" />
  <meta name='ocr-system' content='tesseract 3.04.00' />
  <meta name='ocr-capabilities' content='ocr_page ocr_carea ocr_par ocr_line ocrx_word'/>
</head>
<body>
  <div class='ocr_page' id='page_1' title='image "./titiliviihistor03ussigoog_0267.png"; bbox 0 0 3392 5084; ppageno 0'>
   <div class='ocr_carea' id='block_1_1' title="bbox 490 526 1221 616">
    <p class='ocr_par' dir='ltr' id='par_1_1' title="bbox 490 526 1221 616">
     <span class='ocr_line' id='line_1_1' title="bbox 490 526 1221 616; baseline 0.012 -12"><span class='ocrx_word' id='word_1_1' title='bbox 490 554 569 604; x_wconf 71' lang='lat' dir='ltr'><strong>atuor</strong></span> <span class='ocrx_word' id='word_1_2' title='bbox 586 553 634 603; x_wconf 88' lang='lat' dir='ltr'><strong>1v.</strong></span> <span class='ocrx_word' id='word_1_3' title='bbox 672 553 720 616; x_wconf 77' lang='lat' dir='ltr'><strong>(a.</strong></span> <span class='ocrx_word' id='word_1_4' title='bbox 742 553 788 604; x_wconf 79' lang='lat' dir='ltr'><strong>ou</strong></span> <span class='ocrx_word' id='word_1_5' title='bbox 809 555 976 616; x_wconf 69' lang='lat' dir='ltr'><strong>irc-424.)</strong></span> <span class='ocrx_word' id='word_1_6' title='bbox 1100 526 1104 530; x_wconf 39' lang='lat'><strong>⁴</strong></span> <span class='ocrx_word' id='word_1_7' title='bbox 1161 555 1221 612; x_wconf 76' lang='lat'><strong>229</strong></span> 
     </span>
    </p>
   </div>
   <div class='ocr_carea' id='block_1_2' title="bbox 198 736 1438 4164">
    <p class='ocr_par' dir='ltr' id='par_1_2' title="bbox 198 736 1294 2810">
     <span class='ocr_line' id='line_1_2' title="bbox 201 736 1294 814; baseline 0.003 -22"><span class='ocrx_word' id='word_1_8' title='bbox 201 738 325 811; x_wconf 52' lang='lat' dir='ltr'><strong>suisque*</strong></span> <span class='ocrx_word' id='word_1_9' title='bbox 340 738 419 812; x_wconf 89' lang='lat' dir='ltr'><strong>capti</strong></span> <span class='ocrx_word' id='word_1_10' title='bbox 439 737 540 814; x_wconf 88' lang='lat' dir='ltr'>oppidi</span> <span class='ocrx_word' id='word_1_11' title='bbox 562 738 674 813; x_wconf 81' lang='lat' dir='ltr'><strong>siguum</strong></span> <span class='ocrx_word' id='word_1_12' title='bbox 699 757 735 814; x_wconf 88' lang='lat' dir='ltr'><strong>ex</strong></span> <span class='ocrx_word' id='word_1_13' title='bbox 758 757 842 796; x_wconf 93' lang='lat' dir='ltr'><strong>muro</strong></span> <span class='ocrx_word' id='word_1_14' title='bbox 866 738 978 797; x_wconf 86' lang='lat' dir='ltr'><strong>tollunt.</strong></span> <span class='ocrx_word' id='word_1_15' title='bbox 1023 737 1110 810; x_wconf 80' lang='lat' dir='ltr'><strong>Quod</strong></span> <span class='ocrx_word' id='word_1_16' title='bbox 1131 736 1182 792; x_wconf 92' lang='lat' dir='ltr'><strong>ubi</strong></span> <span class='ocrx_word' id='word_1_17' title='bbox 1203 737 1294 795; x_wconf 84' lang='lat' dir='ltr'><strong>dio-2</strong></span> 
     </span>
     <span class='ocr_line' id='line_1_3' title="bbox 201 841 1264 919; baseline 0 -21"><span class='ocrx_word' id='word_1_18' title='bbox 201 853 273 898; x_wconf 88' lang='lat' dir='ltr'><strong>tator</strong></span> <span class='ocrx_word' id='word_1_19' title='bbox 294 841 448 918; x_wconf 81' lang='lat' dir='ltr'><strong>conspexit</strong></span> <span class='ocrx_word' id='word_1_20' title='bbox 477 841 550 918; x_wconf 88' lang='lat' dir='ltr'><strong>(iam</strong></span> <span class='ocrx_word' id='word_1_21' title='bbox 583 843 659 900; x_wconf 91' lang='lat' dir='ltr'><strong>enim</strong></span> <span class='ocrx_word' id='word_1_22' title='bbox 683 851 712 900; x_wconf 86' lang='lat' dir='ltr'><strong>et</strong></span> <span class='ocrx_word' id='word_1_23' title='bbox 733 842 795 919; x_wconf 88' lang='lat' dir='ltr'><strong>ipse</strong></span> <span class='ocrx_word' id='word_1_24' title='bbox 816 844 846 902; x_wconf 92' lang='lat' dir='ltr'><strong>in</strong></span> <span class='ocrx_word' id='word_1_25' title='bbox 869 844 985 902; x_wconf 87' lang='lat' dir='ltr'><strong>deserta</strong></span> <span class='ocrx_word' id='word_1_26' title='bbox 1012 843 1139 902; x_wconf 87' lang='lat' dir='ltr'><strong>hostium</strong></span> <span class='ocrx_word' id='word_1_27' title='bbox 1167 849 1264 899; x_wconf 81' lang='lat' dir='ltr'><strong>castra</strong></span> 
     </span>
     <span class='ocr_line' id='line_1_4' title="bbox 201 946 1264 1024; baseline 0.001 -22"><span class='ocrx_word' id='word_1_28' title='bbox 201 946 432 1024; x_wconf 86' lang='lat' dir='ltr'><strong>penetraverat),</strong></span> <span class='ocrx_word' id='word_1_29' title='bbox 461 949 622 1023; x_wconf 89' lang='lat' dir='ltr'><strong>cupientem</strong></span> <span class='ocrx_word' id='word_1_30' title='bbox 653 949 771 1006; x_wconf 91' lang='lat' dir='ltr'><strong>militem</strong></span> <span class='ocrx_word' id='word_1_31' title='bbox 794 950 955 1007; x_wconf 76' lang='lat' dir='ltr'>discurrere</span> <span class='ocrx_word' id='word_1_32' title='bbox 979 949 1183 1023; x_wconf 75' lang='lat' dir='ltr'><strong>adpraedam,</strong></span> <span class='ocrx_word' id='word_1_33' title='bbox 1211 963 1264 1022; x_wconf 89' lang='lat' dir='ltr'><strong>spe</strong></span> 
     </span>
     <span class='ocr_line' id='line_1_5' title="bbox 199 1042 1263 1130; baseline 0.001 -23"><span class='ocrx_word' id='word_1_34' title='bbox 199 1042 298 1110; x_wconf 75' lang='lat' dir='ltr'><strong>iniecta</strong></span> <span class='ocrx_word' id='word_1_35' title='bbox 322 1052 444 1108; x_wconf 85' lang='lat' dir='ltr'><strong>maioris</strong></span> <span class='ocrx_word' id='word_1_36' title='bbox 467 1052 496 1109; x_wconf 90' lang='lat' dir='ltr'><strong>in</strong></span> <span class='ocrx_word' id='word_1_37' title='bbox 520 1053 591 1110; x_wconf 91' lang='lat' dir='ltr'><strong>urbe</strong></span> <span class='ocrx_word' id='word_1_38' title='bbox 614 1054 733 1129; x_wconf 75' lang='lat' dir='ltr'><strong>praedae,</strong></span> <span class='ocrx_word' id='word_1_39' title='bbox 757 1055 795 1111; x_wconf 89' lang='lat' dir='ltr'><strong>ad</strong></span> <span class='ocrx_word' id='word_1_40' title='bbox 816 1063 933 1130; x_wconf 88' lang='lat' dir='ltr'><strong>portam</strong></span> <span class='ocrx_word' id='word_1_41' title='bbox 957 1053 1051 1122; x_wconf 89' lang='lat' dir='ltr'><strong>ducit,</strong></span> <span class='ocrx_word' id='word_1_42' title='bbox 1072 1061 1263 1126; x_wconf 86' lang='lat' dir='ltr'><strong>receptusque</strong></span> 
     </span>
     <span class='ocr_line' id='line_1_6' title="bbox 199 1157 1263 1236; baseline 0.002 -24"><span class='ocrx_word' id='word_1_43' title='bbox 199 1157 268 1214; x_wconf 87' lang='lat' dir='ltr'><strong>iutra</strong></span> <span class='ocrx_word' id='word_1_44' title='bbox 291 1175 393 1236; x_wconf 63' lang='lat' dir='ltr'><strong>muros</strong></span> <span class='ocrx_word' id='word_1_45' title='bbox 415 1158 446 1216; x_wconf 90' lang='lat' dir='ltr'><strong>in</strong></span> <span class='ocrx_word' id='word_1_46' title='bbox 468 1177 582 1229; x_wconf 82' lang='lat' dir='ltr'><strong>arcem,</strong></span> <span class='ocrx_word' id='word_1_47' title='bbox 612 1179 670 1234; x_wconf 91' lang='lat' dir='ltr'><strong>quo</strong></span> <span class='ocrx_word' id='word_1_48' title='bbox 700 1179 784 1218; x_wconf 88' lang='lat' dir='ltr'><strong>ruere</strong></span> <span class='ocrx_word' id='word_1_49' title='bbox 804 1159 975 1234; x_wconf 72' lang='lat' dir='ltr'>fugientium</span> <span class='ocrx_word' id='word_1_50' title='bbox 997 1159 1112 1216; x_wconf 89' lang='lat' dir='ltr'><strong>turbam</strong></span> <span class='ocrx_word' id='word_1_51' title='bbox 1134 1158 1263 1227; x_wconf 89' lang='lat' dir='ltr'><strong>videbat,</strong></span> 
     </span>
     <span class='ocr_line' id='line_1_7' title="bbox 199 1261 1292 1340; baseline -0.001 -22"><span class='ocrx_word' id='word_1_52' title='bbox 199 1263 299 1338; x_wconf 79' lang='lat' dir='ltr'><strong>pergit3</strong></span> <span class='ocrx_word' id='word_1_53' title='bbox 331 1281 386 1320; x_wconf 89' lang='lat' dir='ltr'><strong>nee</strong></span> <span class='ocrx_word' id='word_1_54' title='bbox 408 1265 506 1322; x_wconf 91' lang='lat' dir='ltr'><strong>minor</strong></span> <span class='ocrx_word' id='word_1_55' title='bbox 526 1266 618 1322; x_wconf 76' lang='lat' dir='ltr'><strong>cades</strong></span> <span class='ocrx_word' id='word_1_56' title='bbox 641 1265 670 1321; x_wconf 92' lang='lat' dir='ltr'><strong>in</strong></span> <span class='ocrx_word' id='word_1_57' title='bbox 692 1266 763 1322; x_wconf 91' lang='lat' dir='ltr'><strong>urbe</strong></span> <span class='ocrx_word' id='word_1_58' title='bbox 786 1284 873 1340; x_wconf 92' lang='lat' dir='ltr'><strong>quam</strong></span> <span class='ocrx_word' id='word_1_59' title='bbox 896 1264 926 1322; x_wconf 96' lang='lat' dir='ltr'><strong>in</strong></span> <span class='ocrx_word' id='word_1_60' title='bbox 947 1263 1050 1339; x_wconf 89' lang='lat' dir='ltr'><strong>proelio</strong></span> <span class='ocrx_word' id='word_1_61' title='bbox 1072 1261 1142 1330; x_wconf 80' lang='lat' dir='ltr'><strong>fuit,</strong></span> <span class='ocrx_word' id='word_1_62' title='bbox 1171 1263 1292 1320; x_wconf 86' lang='lat' dir='ltr'><strong>doneo3</strong></span> 
     </span>
     <span class='ocr_line' id='line_1_8' title="bbox 200 1367 1263 1445; baseline 0.005 -23"><span class='ocrx_word' id='word_1_63' title='bbox 200 1367 312 1425; x_wconf 82' lang='lat' dir='ltr'><strong>abiectis</strong></span> <span class='ocrx_word' id='word_1_64' title='bbox 334 1369 437 1438; x_wconf 88' lang='lat' dir='ltr'><strong>armis,</strong></span> <span class='ocrx_word' id='word_1_65' title='bbox 459 1370 530 1426; x_wconf 91' lang='lat' dir='ltr'><strong>nihil</strong></span> <span class='ocrx_word' id='word_1_66' title='bbox 551 1380 656 1445; x_wconf 79' lang='lat' dir='ltr'><strong>praeter</strong></span> <span class='ocrx_word' id='word_1_67' title='bbox 676 1371 766 1428; x_wconf 81' lang='lat' dir='ltr'><strong>vitam</strong></span> <span class='ocrx_word' id='word_1_68' title='bbox 789 1377 930 1444; x_wconf 91' lang='lat' dir='ltr'><strong>petentes,</strong></span> <span class='ocrx_word' id='word_1_69' title='bbox 954 1369 1088 1426; x_wconf 81' lang='lat' dir='ltr'><strong>dictatori</strong></span> <span class='ocrx_word' id='word_1_70' title='bbox 1110 1369 1263 1428; x_wconf 92' lang='lat' dir='ltr'><strong>deduntur.</strong></span> 
     </span>
     <span class='ocr_line' id='line_1_9' title="bbox 200 1471 1293 1550; baseline -0.001 -20"><span class='ocrx_word' id='word_1_71' title='bbox 200 1471 270 1530; x_wconf 89' lang='lat' dir='ltr'><strong>Urbs</strong></span> <span class='ocrx_word' id='word_1_72' title='bbox 299 1483 459 1550; x_wconf 82' lang='lat' dir='ltr'><strong>castraque</strong></span> <span class='ocrx_word' id='word_1_73' title='bbox 492 1475 675 1550; x_wconf 87' lang='lat' dir='ltr'><strong>diripiuntur.</strong></span> <span class='ocrx_word' id='word_1_74' title='bbox 729 1477 855 1534; x_wconf 89' lang='lat' dir='ltr'><strong>Postero</strong></span> <span class='ocrx_word' id='word_1_75' title='bbox 884 1475 948 1545; x_wconf 89' lang='lat' dir='ltr'><strong>die,</strong></span> <span class='ocrx_word' id='word_1_76' title='bbox 986 1474 1106 1548; x_wconf 86' lang='lat' dir='ltr'><strong>singulis</strong></span> <span class='ocrx_word' id='word_1_77' title='bbox 1139 1474 1293 1548; x_wconf 79' lang='lat' dir='ltr'><strong>captivist</strong></span> 
     </span>
     <span class='ocr_line' id='line_1_10' title="bbox 200 1560 1267 1655; baseline 0.005 -22"><span class='ocrx_word' id='word_1_78' title='bbox 200 1579 231 1634; x_wconf 88' lang='lat' dir='ltr'><strong>ab</strong></span> <span class='ocrx_word' id='word_1_79' title='bbox 250 1579 349 1653; x_wconf 89' lang='lat' dir='ltr'><strong>equite</strong></span> <span class='ocrx_word' id='word_1_80' title='bbox 372 1597 408 1636; x_wconf 87' lang='lat' dir='ltr'><strong>ao</strong></span> <span class='ocrx_word' id='word_1_81' title='bbox 430 1580 597 1638; x_wconf 77' lang='lat' dir='ltr'><strong>centurione</strong></span> <span class='ocrx_word' id='word_1_82' title='bbox 617 1591 697 1639; x_wconf 81' lang='lat' dir='ltr'><strong>sorte</strong></span> <span class='ocrx_word' id='word_1_83' title='bbox 719 1583 810 1640; x_wconf 91' lang='lat' dir='ltr'><strong>ductis</strong></span> <span class='ocrx_word' id='word_1_84' title='bbox 833 1590 876 1651; x_wconf 89' lang='lat' dir='ltr'><strong>et,</strong></span> <span class='ocrx_word' id='word_1_85' title='bbox 897 1599 1021 1655; x_wconf 90' lang='lat' dir='ltr'><strong>quorum</strong></span> <span class='ocrx_word' id='word_1_86' title='bbox 1036 1567 1152 1638; x_wconf 74' lang='lat' dir='ltr'><strong>‘eximia</strong></span> <span class='ocrx_word' id='word_1_87' title='bbox 1169 1560 1267 1639; x_wconf 87' lang='lat' dir='ltr'><strong>virtus·</strong></span> 
     </span>
     <span class='ocr_line' id='line_1_11' title="bbox 199 1683 1261 1756; baseline 0.002 -16"><span class='ocrx_word' id='word_1_88' title='bbox 199 1683 295 1753; x_wconf 86' lang='lat' dir='ltr'><strong>fuerat,</strong></span> <span class='ocrx_word' id='word_1_89' title='bbox 318 1685 412 1756; x_wconf 88' lang='lat' dir='ltr'><strong>binis,</strong></span> <span class='ocrx_word' id='word_1_90' title='bbox 435 1686 500 1743; x_wconf 88' lang='lat' dir='ltr'><strong>aliis</strong></span> <span class='ocrx_word' id='word_1_91' title='bbox 522 1687 576 1744; x_wconf 87' lang='lat' dir='ltr'><strong>sub</strong></span> <span class='ocrx_word' id='word_1_92' title='bbox 598 1705 707 1745; x_wconf 85' lang='lat' dir='ltr'><strong>corona</strong></span> <span class='ocrx_word' id='word_1_93' title='bbox 728 1687 911 1756; x_wconf 81' lang='lat' dir='ltr'><strong>venundatis,</strong></span> <span class='ocrx_word' id='word_1_94' title='bbox 934 1686 1091 1743; x_wconf 88' lang='lat' dir='ltr'><strong>exercitum</strong></span> <span class='ocrx_word' id='word_1_95' title='bbox 1120 1687 1261 1744; x_wconf 82' lang='lat' dir='ltr'><strong>rictorem</strong></span> 
     </span>
     <span class='ocr_line' id='line_1_12' title="bbox 200 1791 1292 1867; baseline 0.002 -22"><span class='ocrx_word' id='word_1_96' title='bbox 200 1791 422 1865; x_wconf 91' lang='lat' dir='ltr'><strong>opulentumque</strong></span> <span class='ocrx_word' id='word_1_97' title='bbox 435 1792 536 1866; x_wconf 86' lang='lat' dir='ltr'><strong>pracda</strong></span> <span class='ocrx_word' id='word_1_98' title='bbox 550 1792 732 1867; x_wconf 86' lang='lat' dir='ltr'><strong>triumphans</strong></span> <span class='ocrx_word' id='word_1_99' title='bbox 747 1791 871 1848; x_wconf 89' lang='lat' dir='ltr'><strong>dictator</strong></span> <span class='ocrx_word' id='word_1_100' title='bbox 881 1793 1007 1850; x_wconf 81' lang='lat' dir='ltr'><strong>Romam</strong></span> <span class='ocrx_word' id='word_1_101' title='bbox 1022 1791 1153 1859; x_wconf 88' lang='lat' dir='ltr'><strong>reduxit;</strong></span> <span class='ocrx_word' id='word_1_102' title='bbox 1167 1791 1261 1849; x_wconf 86' lang='lat' dir='ltr'><strong>iusso·</strong></span> <span class='ocrx_word' id='word_1_103' title='bbox 1275 1795 1292 1847; x_wconf 79' lang='lat' dir='ltr'><strong>t</strong></span> 
     </span>
     <span class='ocr_line' id='line_1_13' title="bbox 200 1895 1262 1972; baseline 0.002 -22"><span class='ocrx_word' id='word_1_104' title='bbox 200 1913 247 1967; x_wconf 89' lang='lat' dir='ltr'><strong>que</strong></span> <span class='ocrx_word' id='word_1_105' title='bbox 257 1898 404 1972; x_wconf 85' lang='lat' dir='ltr'><strong>magistro</strong></span> <span class='ocrx_word' id='word_1_106' title='bbox 417 1897 546 1971; x_wconf 91' lang='lat' dir='ltr'><strong>equitum</strong></span> <span class='ocrx_word' id='word_1_107' title='bbox 562 1897 699 1956; x_wconf 83' lang='lat' dir='ltr'><strong>abdicare</strong></span> <span class='ocrx_word' id='word_1_108' title='bbox 709 1915 740 1954; x_wconf 88' lang='lat' dir='ltr'><strong>se</strong></span> <span class='ocrx_word' id='word_1_109' title='bbox 752 1895 935 1968; x_wconf 87' lang='lat' dir='ltr'><strong>magistratu,</strong></span> <span class='ocrx_word' id='word_1_110' title='bbox 946 1895 1009 1970; x_wconf 88' lang='lat' dir='ltr'><strong>ipse</strong></span> <span class='ocrx_word' id='word_1_111' title='bbox 1020 1895 1124 1953; x_wconf 90' lang='lat' dir='ltr'><strong>deinde</strong></span> <span class='ocrx_word' id='word_1_112' title='bbox 1135 1895 1262 1964; x_wconf 88' lang='lat' dir='ltr'><strong>abdicat,</strong></span> 
     </span>
     <span class='ocr_line' id='line_1_14' title="bbox 200 2000 1261 2077; baseline 0.002 -22"><span class='ocrx_word' id='word_1_113' title='bbox 200 2000 238 2057; x_wconf 89' lang='lat' dir='ltr'><strong>dic</strong></span> <span class='ocrx_word' id='word_1_114' title='bbox 250 2011 335 2059; x_wconf 88' lang='lat' dir='ltr'><strong>sexto</strong></span> <span class='ocrx_word' id='word_1_115' title='bbox 348 2001 464 2058; x_wconf 88' lang='lat' dir='ltr'><strong>decimo</strong></span> <span class='ocrx_word' id='word_1_116' title='bbox 476 2001 590 2059; x_wconf 90' lang='lat' dir='ltr'><strong>reddito</strong></span> <span class='ocrx_word' id='word_1_117' title='bbox 605 2003 634 2058; x_wconf 92' lang='lat' dir='ltr'><strong>in</strong></span> <span class='ocrx_word' id='word_1_118' title='bbox 648 2021 722 2077; x_wconf 81' lang='lat' dir='ltr'><strong>pace</strong></span> <span class='ocrx_word' id='word_1_119' title='bbox 743 2000 876 2076; x_wconf 81' lang='lat' dir='ltr'><strong>imperio,</strong></span> <span class='ocrx_word' id='word_1_120' title='bbox 891 2000 970 2074; x_wconf 92' lang='lat' dir='ltr'><strong>quod</strong></span> <span class='ocrx_word' id='word_1_121' title='bbox 990 2001 1021 2056; x_wconf 92' lang='lat' dir='ltr'><strong>in</strong></span> <span class='ocrx_word' id='word_1_122' title='bbox 1035 2001 1112 2057; x_wconf 93' lang='lat' dir='ltr'><strong>bello</strong></span> <span class='ocrx_word' id='word_1_123' title='bbox 1127 2001 1261 2076; x_wconf 90' lang='lat' dir='ltr'><strong>trepidis-</strong></span> 
     </span>
     <span class='ocr_line' id='line_1_15' title="bbox 200 2077 1292 2183; baseline 0.005 -23"><span class='ocrx_word' id='word_1_124' title='bbox 200 2124 247 2178; x_wconf 87' lang='lat' dir='ltr'><strong>que</strong></span> <span class='ocrx_word' id='word_1_125' title='bbox 261 2107 351 2164; x_wconf 88' lang='lat' dir='ltr'><strong>rebus</strong></span> <span class='ocrx_word' id='word_1_126' title='bbox 364 2115 528 2183; x_wconf 88' lang='lat' dir='ltr'><strong>acceperat.</strong></span> <span class='ocrx_word' id='word_1_127' title='bbox 574 2105 668 2166; x_wconf 85' lang='lat' dir='ltr'><strong>Classi</strong></span> <span class='ocrx_word' id='word_1_128' title='bbox 684 2125 801 2182; x_wconf 90' lang='lat' dir='ltr'><strong>quoque</strong></span> <span class='ocrx_word' id='word_1_129' title='bbox 816 2106 855 2162; x_wconf 87' lang='lat' dir='ltr'><strong>ad</strong></span> <span class='ocrx_word' id='word_1_130' title='bbox 868 2105 997 2162; x_wconf 86' lang='lat' dir='ltr'><strong>Fidenas</strong></span> <span class='ocrx_word' id='word_1_131' title='bbox 1012 2077 1173 2180; x_wconf 73' lang='lat' dir='ltr'><strong>pugilatum</strong></span> <span class='ocrx_word' id='word_1_132' title='bbox 1195 2124 1261 2162; x_wconf 89' lang='lat' dir='ltr'><strong>cum</strong></span> <span class='ocrx_word' id='word_1_133' title='bbox 1275 2111 1292 2165; x_wconf 85' lang='grc'><strong>6</strong></span> 
     </span>
     <span class='ocr_line' id='line_1_16' title="bbox 199 2205 1261 2286; baseline 0.002 -23"><span class='ocrx_word' id='word_1_134' title='bbox 199 2205 382 2282; x_wconf 82' lang='lat' dir='ltr'><strong>Veientibus,</strong></span> <span class='ocrx_word' id='word_1_135' title='bbox 406 2212 524 2286; x_wconf 86' lang='lat' dir='ltr'><strong>quidam</strong></span> <span class='ocrx_word' id='word_1_136' title='bbox 546 2213 576 2270; x_wconf 90' lang='lat' dir='ltr'><strong>in</strong></span> <span class='ocrx_word' id='word_1_137' title='bbox 599 2212 718 2270; x_wconf 88' lang='lat' dir='ltr'><strong>annales</strong></span> <span class='ocrx_word' id='word_1_138' title='bbox 743 2211 884 2281; x_wconf 79' lang='lat' dir='ltr'><strong>retulere,</strong></span> <span class='ocrx_word' id='word_1_139' title='bbox 914 2229 975 2267; x_wconf 91' lang='lat' dir='ltr'><strong>rem</strong></span> <span class='ocrx_word' id='word_1_140' title='bbox 1008 2229 1090 2284; x_wconf 85' lang='lat' dir='ltr'><strong>aeque</strong></span> <span class='ocrx_word' id='word_1_141' title='bbox 1115 2209 1261 2266; x_wconf 85' lang='lat' dir='ltr'><strong>difficilem</strong></span> 
     </span>
     <span class='ocr_line' id='line_1_17' title="bbox 198 2307 1261 2406; baseline 0.001 -37"><span class='ocrx_word' id='word_1_142' title='bbox 198 2323 278 2406; x_wconf 69' lang='lat' dir='ltr'><strong>atque</strong></span> <span class='ocrx_word' id='word_1_143' title='bbox 299 2307 520 2390; x_wconf 76' lang='lat' dir='ltr'><strong>incredibilem,</strong></span> <span class='ocrx_word' id='word_1_144' title='bbox 544 2337 598 2376; x_wconf 90' lang='lat' dir='ltr'><strong>nec</strong></span> <span class='ocrx_word' id='word_1_145' title='bbox 619 2337 697 2379; x_wconf 87' lang='lat' dir='ltr'><strong>nune</strong></span> <span class='ocrx_word' id='word_1_146' title='bbox 716 2316 778 2373; x_wconf 88' lang='lat' dir='ltr'><strong>lato</strong></span> <span class='ocrx_word' id='word_1_147' title='bbox 802 2315 873 2372; x_wconf 90' lang='lat' dir='ltr'><strong>satis</strong></span> <span class='ocrx_word' id='word_1_148' title='bbox 903 2315 941 2371; x_wconf 91' lang='lat' dir='ltr'><strong>ad</strong></span> <span class='ocrx_word' id='word_1_149' title='bbox 963 2316 1020 2372; x_wconf 91' lang='lat' dir='ltr'><strong>hoc</strong></span> <span class='ocrx_word' id='word_1_150' title='bbox 1043 2333 1128 2370; x_wconf 87' lang='lat' dir='ltr'><strong>amne</strong></span> <span class='ocrx_word' id='word_1_151' title='bbox 1150 2323 1179 2370; x_wconf 91' lang='lat' dir='ltr'><strong>et</strong></span> <span class='ocrx_word' id='word_1_152' title='bbox 1199 2323 1261 2370; x_wconf 90' lang='lat' dir='ltr'><strong>tum</strong></span> 
     </span>
     <span class='ocr_line' id='line_1_18' title="bbox 200 2419 1290 2498; baseline 0.006 -23"><span class='ocrx_word' id='word_1_153' title='bbox 200 2419 353 2496; x_wconf 85' lang='lat' dir='ltr'><strong>aliquanto,</strong></span> <span class='ocrx_word' id='word_1_154' title='bbox 376 2433 409 2480; x_wconf 90' lang='lat' dir='ltr'><strong>ut</strong></span> <span class='ocrx_word' id='word_1_155' title='bbox 431 2443 449 2482; x_wconf 89' lang='lat' dir='ltr'><strong>a</strong></span> <span class='ocrx_word' id='word_1_156' title='bbox 470 2425 616 2483; x_wconf 75' lang='lat' dir='ltr'><strong>interibus</strong></span> <span class='ocrx_word' id='word_1_157' title='bbox 642 2423 820 2498; x_wconf 87' lang='lat' dir='ltr'><strong>accepimus,</strong></span> <span class='ocrx_word' id='word_1_158' title='bbox 850 2421 974 2489; x_wconf 90' lang='lat' dir='ltr'><strong>artiore,</strong></span> <span class='ocrx_word' id='word_1_159' title='bbox 1006 2421 1062 2478; x_wconf 88' lang='lat' dir='ltr'><strong>nisi</strong></span> <span class='ocrx_word' id='word_1_160' title='bbox 1082 2420 1112 2476; x_wconf 92' lang='lat' dir='ltr'><strong>in</strong></span> <span class='ocrx_word' id='word_1_161' title='bbox 1139 2419 1290 2481; x_wconf 84' lang='lat' dir='ltr'><strong>traiectu7</strong></span> 
     </span>
     <span class='ocr_line' id='line_1_19' title="bbox 199 2523 1261 2605; baseline 0 -25"><span class='ocrx_word' id='word_1_162' title='bbox 199 2523 265 2583; x_wconf 84' lang='lat' dir='ltr'><strong>forte</strong></span> <span class='ocrx_word' id='word_1_163' title='bbox 293 2527 425 2586; x_wconf 79' lang='lat' dir='ltr'><strong>fluminis</strong></span> <span class='ocrx_word' id='word_1_164' title='bbox 460 2529 642 2605; x_wconf 86' lang='lat' dir='ltr'><strong>prohibendo</strong></span> <span class='ocrx_word' id='word_1_165' title='bbox 678 2528 841 2602; x_wconf 84' lang='lat' dir='ltr'><strong>aliquarum</strong></span> <span class='ocrx_word' id='word_1_166' title='bbox 875 2525 995 2582; x_wconf 84' lang='lat' dir='ltr'><strong>navium</strong></span> <span class='ocrx_word' id='word_1_167' title='bbox 1028 2544 1199 2583; x_wconf 90' lang='lat' dir='ltr'><strong>concursum</strong></span> <span class='ocrx_word' id='word_1_168' title='bbox 1232 2525 1261 2580; x_wconf 92' lang='lat' dir='ltr'><strong>iu</strong></span> 
     </span>
     <span class='ocr_line' id='line_1_20' title="bbox 200 2631 1261 2706; baseline 0.002 -20"><span class='ocrx_word' id='word_1_169' title='bbox 200 2632 298 2702; x_wconf 84' lang='lat' dir='ltr'><strong>maius,</strong></span> <span class='ocrx_word' id='word_1_170' title='bbox 336 2642 370 2690; x_wconf 88' lang='lat' dir='ltr'><strong>ut</strong></span> <span class='ocrx_word' id='word_1_171' title='bbox 402 2635 449 2706; x_wconf 85' lang='lat' dir='ltr'><strong>fit,</strong></span> <span class='ocrx_word' id='word_1_172' title='bbox 488 2635 665 2694; x_wconf 83' lang='lat' dir='ltr'><strong>celebrantes</strong></span> <span class='ocrx_word' id='word_1_173' title='bbox 698 2631 812 2690; x_wconf 89' lang='lat' dir='ltr'><strong>navalis</strong></span> <span class='ocrx_word' id='word_1_174' title='bbox 844 2631 974 2688; x_wconf 74' lang='lat' dir='ltr'><strong>victoriae</strong></span> <span class='ocrx_word' id='word_1_175' title='bbox 1007 2650 1114 2688; x_wconf 86' lang='lat' dir='ltr'><strong>vanum</strong></span> <span class='ocrx_word' id='word_1_176' title='bbox 1138 2631 1261 2702; x_wconf 25' lang='lat' dir='ltr'><strong>,titulum</strong></span> 
     </span>
     <span class='ocr_line' id='line_1_21' title="bbox 201 2732 895 2810; baseline 0 -16"><span class='ocrx_word' id='word_1_177' title='bbox 201 2738 371 2810; x_wconf 75' lang='lat' dir='ltr'><strong>appetivere.</strong></span> <span class='ocrx_word' id='word_1_178' title='bbox 886 2732 895 2744; x_wconf 78' lang='lat'><strong><em>‘</em></strong></span> 
     </span>
    </p>

    <p class='ocr_par' dir='ltr' id='par_1_3' title="bbox 199 2822 1438 3424">
     <span class='ocr_line' id='line_1_22' title="bbox 271 2822 1355 2918; baseline -0.002 -18"><span class='ocrx_word' id='word_1_179' title='bbox 271 2844 438 2918; x_wconf 84' lang='lat' dir='ltr'><strong>Insequens</strong></span> <span class='ocrx_word' id='word_1_180' title='bbox 472 2863 563 2900; x_wconf 85' lang='lat' dir='ltr'><strong>annus</strong></span> <span class='ocrx_word' id='word_1_181' title='bbox 597 2843 730 2900; x_wconf 87' lang='lat' dir='ltr'><strong>tribunos</strong></span> <span class='ocrx_word' id='word_1_182' title='bbox 762 2841 902 2898; x_wconf 86' lang='lat' dir='ltr'><strong>militares</strong></span> <span class='ocrx_word' id='word_1_183' title='bbox 938 2841 1084 2898; x_wconf 87' lang='lat' dir='ltr'><strong>consulari</strong></span> <span class='ocrx_word' id='word_1_184' title='bbox 1116 2823 1262 2917; x_wconf 79' lang='lat' dir='ltr'><strong>potestate</strong></span> <span class='ocrx_word' id='word_1_185' title='bbox 1310 2822 1355 2891; x_wconf 79' lang='lat'><strong>35</strong></span> 
     </span>
     <span class='ocr_line' id='line_1_23' title="bbox 200 2910 1438 3032; baseline 0.003 -32"><span class='ocrx_word' id='word_1_186' title='bbox 200 2945 290 3004; x_wconf 87' lang='lat' dir='ltr'><strong>habuit</strong></span> <span class='ocrx_word' id='word_1_187' title='bbox 311 2952 353 3008; x_wconf 83' lang='lat' dir='ltr'><strong>A.</strong></span> <span class='ocrx_word' id='word_1_188' title='bbox 377 2949 581 3025; x_wconf 87' lang='lat' dir='ltr'><strong>Sempronium</strong></span> <span class='ocrx_word' id='word_1_189' title='bbox 601 2949 779 3017; x_wconf 85' lang='lat' dir='ltr'><strong>Atratinum,</strong></span> <span class='ocrx_word' id='word_1_190' title='bbox 802 2947 837 3012; x_wconf 81' lang='lat' dir='ltr'><strong>L.</strong></span> <span class='ocrx_word' id='word_1_191' title='bbox 860 2947 1026 3020; x_wconf 84' lang='lat' dir='ltr'><strong>Quinctium</strong></span> <span class='ocrx_word' id='word_1_192' title='bbox 1048 2945 1261 3018; x_wconf 86' lang='lat' dir='ltr'><strong>Cincinnatum,</strong></span> <span class='ocrx_word' id='word_1_193' title='bbox 1275 2910 1438 3032; x_wconf 34' lang='lat'><strong>{¹3³3}</strong></span> 
     </span>
     <span class='ocr_line' id='line_1_24' title="bbox 200 3036 1434 3122; baseline 0.002 -17"><span class='ocrx_word' id='word_1_194' title='bbox 200 3049 226 3108; x_wconf 87' lang='lat' dir='ltr'><strong>L.</strong></span> <span class='ocrx_word' id='word_1_195' title='bbox 249 3053 373 3111; x_wconf 78' lang='lat' dir='ltr'><strong>Furium</strong></span> <span class='ocrx_word' id='word_1_196' title='bbox 396 3054 602 3122; x_wconf 87' lang='lat' dir='ltr'><strong>Medullinum,</strong></span> <span class='ocrx_word' id='word_1_197' title='bbox 630 3053 662 3110; x_wconf 88' lang='lat' dir='ltr'><strong>L.</strong></span> <span class='ocrx_word' id='word_1_198' title='bbox 694 3053 851 3110; x_wconf 87' lang='lat' dir='ltr'><strong>Horatium</strong></span> <span class='ocrx_word' id='word_1_199' title='bbox 873 3053 1045 3110; x_wconf 85' lang='lat' dir='ltr'><strong>Barbatum.</strong></span> <span class='ocrx_word' id='word_1_200' title='bbox 1089 3052 1292 3108; x_wconf 83' lang='lat' dir='ltr'><strong>Veientibus2</strong></span> <span class='ocrx_word' id='word_1_201' title='bbox 1429 3036 1434 3044; x_wconf 49' lang='lat'><strong>⁴</strong></span> 
     </span>
     <span class='ocr_line' id='line_1_25' title="bbox 201 3156 1260 3234; baseline -0.002 -20"><span class='ocrx_word' id='word_1_202' title='bbox 201 3174 334 3218; x_wconf 84' lang='lat' dir='ltr'><strong>annorum</strong></span> <span class='ocrx_word' id='word_1_203' title='bbox 375 3159 478 3234; x_wconf 81' lang='lat' dir='ltr'><strong>viginti</strong></span> <span class='ocrx_word' id='word_1_204' title='bbox 523 3159 641 3216; x_wconf 85' lang='lat' dir='ltr'><strong>indutiae</strong></span> <span class='ocrx_word' id='word_1_205' title='bbox 675 3158 751 3216; x_wconf 78' lang='lat' dir='ltr'><strong>datae</strong></span> <span class='ocrx_word' id='word_1_206' title='bbox 790 3167 819 3215; x_wconf 91' lang='lat' dir='ltr'><strong>et</strong></span> <span class='ocrx_word' id='word_1_207' title='bbox 861 3159 970 3233; x_wconf 85' lang='lat' dir='ltr'><strong>AEquis</strong></span> <span class='ocrx_word' id='word_1_208' title='bbox 1005 3156 1135 3228; x_wconf 88' lang='lat' dir='ltr'><strong>triennii,</strong></span> <span class='ocrx_word' id='word_1_209' title='bbox 1171 3176 1260 3231; x_wconf 91' lang='lat' dir='ltr'><strong>quum</strong></span> 
     </span>
     <span class='ocr_line' id='line_1_26' title="bbox 199 3261 1260 3340; baseline 0.001 -24"><span class='ocrx_word' id='word_1_210' title='bbox 199 3262 314 3334; x_wconf 89' lang='lat' dir='ltr'><strong>plurium</strong></span> <span class='ocrx_word' id='word_1_211' title='bbox 344 3283 487 3322; x_wconf 87' lang='lat' dir='ltr'><strong>annorum</strong></span> <span class='ocrx_word' id='word_1_212' title='bbox 519 3265 671 3340; x_wconf 81' lang='lat' dir='ltr'><strong>petissent3</strong></span> <span class='ocrx_word' id='word_1_213' title='bbox 703 3274 732 3321; x_wconf 92' lang='lat' dir='ltr'><strong>et</strong></span> <span class='ocrx_word' id='word_1_214' title='bbox 761 3283 778 3320; x_wconf 92' lang='lat' dir='ltr'><strong>a</strong></span> <span class='ocrx_word' id='word_1_215' title='bbox 807 3263 996 3321; x_wconf 82' lang='lat' dir='ltr'><strong>seditionibus</strong></span> <span class='ocrx_word' id='word_1_216' title='bbox 1024 3263 1142 3320; x_wconf 90' lang='lat' dir='ltr'><strong>urbanis</strong></span> <span class='ocrx_word' id='word_1_217' title='bbox 1170 3261 1260 3318; x_wconf 89' lang='lat' dir='ltr'><strong>otium</strong></span> 
     </span>
     <span class='ocr_line' id='line_1_27' title="bbox 200 3366 253 3424; baseline 0.094 -4"><span class='ocrx_word' id='word_1_218' title='bbox 200 3366 253 3424; x_wconf 90' lang='lat' dir='ltr'><strong>luit.</strong></span> 
     </span>
    </p>

    <p class='ocr_par' dir='ltr' id='par_1_4' title="bbox 201 3463 1435 3864">
     <span class='ocr_line' id='line_1_28' title="bbox 272 3463 1290 3549; baseline -0.003 -16"><span class='ocrx_word' id='word_1_219' title='bbox 272 3478 395 3533; x_wconf 83' lang='lat' dir='ltr'><strong>Annum</strong></span> <span class='ocrx_word' id='word_1_220' title='bbox 418 3475 631 3549; x_wconf 88' lang='lat' dir='ltr'><strong>insequentem,</strong></span> <span class='ocrx_word' id='word_1_221' title='bbox 656 3493 749 3549; x_wconf 91' lang='lat' dir='ltr'><strong>neque</strong></span> <span class='ocrx_word' id='word_1_222' title='bbox 770 3474 846 3532; x_wconf 91' lang='lat' dir='ltr'><strong>bello</strong></span> <span class='ocrx_word' id='word_1_223' title='bbox 868 3473 940 3530; x_wconf 81' lang='lat' dir='ltr'><strong>foris</strong></span> <span class='ocrx_word' id='word_1_224' title='bbox 961 3491 1056 3546; x_wconf 90' lang='lat' dir='ltr'><strong>neque</strong></span> <span class='ocrx_word' id='word_1_225' title='bbox 1083 3463 1290 3530; x_wconf 61' lang='lat' dir='ltr'><strong>nominent-3</strong></span> 
     </span>
     <span class='ocr_line' id='line_1_29' title="bbox 201 3541 1435 3661; baseline 0.003 -30"><span class='ocrx_word' id='word_1_226' title='bbox 201 3577 268 3635; x_wconf 90' lang='lat' dir='ltr'><strong>tione</strong></span> <span class='ocrx_word' id='word_1_227' title='bbox 288 3581 444 3655; x_wconf 83' lang='lat' dir='ltr'><strong>insignem,</strong></span> <span class='ocrx_word' id='word_1_228' title='bbox 466 3579 526 3636; x_wconf 91' lang='lat' dir='ltr'><strong>ludi</strong></span> <span class='ocrx_word' id='word_1_229' title='bbox 547 3579 623 3636; x_wconf 90' lang='lat' dir='ltr'><strong>bello</strong></span> <span class='ocrx_word' id='word_1_230' title='bbox 638 3581 701 3637; x_wconf 88' lang='lat' dir='ltr'><strong>voti</strong></span> <span class='ocrx_word' id='word_1_231' title='bbox 721 3580 871 3638; x_wconf 83' lang='lat' dir='ltr'><strong>celebrem.</strong></span> <span class='ocrx_word' id='word_1_232' title='bbox 884 3588 914 3648; x_wconf 80' lang='lat' dir='ltr'><strong>et</strong></span> <span class='ocrx_word' id='word_1_233' title='bbox 926 3579 1115 3636; x_wconf 74' lang='lat' dir='ltr'><strong>‘tribunorum</strong></span> <span class='ocrx_word' id='word_1_234' title='bbox 1138 3579 1259 3635; x_wconf 89' lang='lat' dir='ltr'><strong>militum</strong></span> <span class='ocrx_word' id='word_1_235' title='bbox 1271 3541 1435 3661; x_wconf 43' lang='lat' dir='ltr'><strong>{¹231ssng</strong></span> 
     </span>
     <span class='ocr_line' id='line_1_30' title="bbox 202 3682 1291 3766; baseline 0.004 -30"><span class='ocrx_word' id='word_1_236' title='bbox 202 3695 335 3758; x_wconf 84' lang='lat' dir='ltr'><strong>apparatu</strong></span> <span class='ocrx_word' id='word_1_237' title='bbox 365 3693 394 3742; x_wconf 92' lang='lat' dir='ltr'><strong>et</strong></span> <span class='ocrx_word' id='word_1_238' title='bbox 415 3685 601 3742; x_wconf 88' lang='lat' dir='ltr'><strong>finitimorum</strong></span> <span class='ocrx_word' id='word_1_239' title='bbox 632 3703 773 3743; x_wconf 89' lang='lat' dir='ltr'><strong>concursu</strong></span> <span class='ocrx_word' id='word_1_240' title='bbox 800 3683 904 3742; x_wconf 83' lang='lat' dir='ltr'><strong>fecere.</strong></span> <span class='ocrx_word' id='word_1_241' title='bbox 959 3682 1083 3766; x_wconf 84' lang='lat' dir='ltr'><strong>Tribuni</strong></span> <span class='ocrx_word' id='word_1_242' title='bbox 1115 3685 1291 3743; x_wconf 73' lang='lat' dir='ltr'><strong>consulerit</strong></span> 
     </span>
     <span class='ocr_line' id='line_1_31' title="bbox 202 3787 1260 3864; baseline 0.005 -22"><span class='ocrx_word' id='word_1_243' title='bbox 202 3798 334 3857; x_wconf 83' lang='lat' dir='ltr'><strong>potestate</strong></span> <span class='ocrx_word' id='word_1_244' title='bbox 361 3799 444 3848; x_wconf 89' lang='lat' dir='ltr'><strong>erant</strong></span> <span class='ocrx_word' id='word_1_245' title='bbox 471 3789 548 3864; x_wconf 78' lang='lat' dir='ltr'><strong>App.</strong></span> <span class='ocrx_word' id='word_1_246' title='bbox 572 3787 711 3847; x_wconf 84' lang='lat' dir='ltr'><strong>Claudius</strong></span> <span class='ocrx_word' id='word_1_247' title='bbox 734 3787 874 3860; x_wconf 85' lang='lat' dir='ltr'><strong>Crassus,</strong></span> <span class='ocrx_word' id='word_1_248' title='bbox 904 3789 956 3864; x_wconf 85' lang='lat' dir='ltr'><strong>Sp.</strong></span> <span class='ocrx_word' id='word_1_249' title='bbox 978 3789 1106 3846; x_wconf 88' lang='lat' dir='ltr'><strong>Nautius</strong></span> <span class='ocrx_word' id='word_1_250' title='bbox 1120 3789 1260 3861; x_wconf 82' lang='lat' dir='ltr'><strong>¹Rutilus,</strong></span> 
     </span>
    </p>

    <p class='ocr_par' dir='ltr' id='par_1_5' title="bbox 202 3890 1260 4164">
     <span class='ocr_line' id='line_1_32' title="bbox 202 3890 1260 3971; baseline 0.006 -24"><span class='ocrx_word' id='word_1_251' title='bbox 202 3890 229 3948; x_wconf 91' lang='lat' dir='ltr'><strong>L.</strong></span> <span class='ocrx_word' id='word_1_252' title='bbox 249 3893 368 3971; x_wconf 84' lang='lat' dir='ltr'><strong>Sergius</strong></span> <span class='ocrx_word' id='word_1_253' title='bbox 390 3895 528 3964; x_wconf 77' lang='lat' dir='ltr'><strong>Fidenae,</strong></span> <span class='ocrx_word' id='word_1_254' title='bbox 551 3895 619 3953; x_wconf 81' lang='lat' dir='ltr'><strong>Sex.</strong></span> <span class='ocrx_word' id='word_1_255' title='bbox 641 3894 733 3952; x_wconf 89' lang='lat' dir='ltr'><strong>Iulius</strong></span> <span class='ocrx_word' id='word_1_256' title='bbox 756 3895 846 3954; x_wconf 90' lang='lat' dir='ltr'><strong>lulus.</strong></span> <span class='ocrx_word' id='word_1_257' title='bbox 878 3894 1099 3970; x_wconf 78' lang='lat' dir='ltr'><strong>&#39;Spectaculum</strong></span> <span class='ocrx_word' id='word_1_258' title='bbox 1124 3896 1260 3953; x_wconf 89' lang='lat' dir='ltr'><strong>comitate</strong></span> 
     </span>
     <span class='ocr_line' id='line_1_33' title="bbox 202 3997 1260 4084; baseline 0.009 -35"><span class='ocrx_word' id='word_1_259' title='bbox 202 3997 278 4056; x_wconf 85' lang='lat' dir='ltr'><strong>etiam</strong></span> <span class='ocrx_word' id='word_1_260' title='bbox 300 4001 463 4074; x_wconf 80' lang='lat' dir='ltr'><strong>hospitum,</strong></span> <span class='ocrx_word' id='word_1_261' title='bbox 491 4000 528 4082; x_wconf 77' lang='lat' dir='ltr'><strong>ad</strong></span> <span class='ocrx_word' id='word_1_262' title='bbox 557 4016 644 4072; x_wconf 89' lang='lat' dir='ltr'><strong>quam</strong></span> <span class='ocrx_word' id='word_1_263' title='bbox 666 3999 781 4075; x_wconf 88' lang='lat' dir='ltr'><strong>publice</strong></span> <span class='ocrx_word' id='word_1_264' title='bbox 802 4008 1023 4084; x_wconf 79' lang='lat' dir='ltr'><strong>consenserant,</strong></span> <span class='ocrx_word' id='word_1_265' title='bbox 1052 4001 1171 4058; x_wconf 85' lang='lat' dir='ltr'><strong>advenis</strong></span> <span class='ocrx_word' id='word_1_266' title='bbox 1192 4020 1260 4076; x_wconf 87' lang='lat' dir='ltr'><strong>gra·</strong></span> 
     </span>
     <span class='ocr_line' id='line_1_34' title="bbox 203 4101 333 4164; baseline 0.069 -9"><span class='ocrx_word' id='word_1_267' title='bbox 203 4101 250 4159; x_wconf 89' lang='lat' dir='ltr'><strong>tius</strong></span> <span class='ocrx_word' id='word_1_268' title='bbox 269 4103 333 4164; x_wconf 84' lang='lat' dir='ltr'><strong>fuit.</strong></span> 
     </span>
    </p>
   </div>
   <div class='ocr_carea' id='block_1_3' title="bbox 275 4209 1303 4286">
    <p class='ocr_par' dir='ltr' id='par_1_6' title="bbox 275 4209 1303 4286">
     <span class='ocr_line' id='line_1_35' title="bbox 275 4209 1303 4286; baseline 0.001 -20"><span class='ocrx_word' id='word_1_269' title='bbox 275 4211 349 4268; x_wconf 86' lang='lat' dir='ltr'><strong>Post</strong></span> <span class='ocrx_word' id='word_1_270' title='bbox 370 4209 456 4266; x_wconf 87' lang='lat' dir='ltr'><strong>ludos</strong></span> <span class='ocrx_word' id='word_1_271' title='bbox 481 4210 631 4268; x_wconf 80' lang='lat' dir='ltr'><strong>&#39;contiones</strong></span> <span class='ocrx_word' id='word_1_272' title='bbox 652 4209 796 4266; x_wconf 83' lang='lat' dir='ltr'><strong>seditiosae</strong></span> <span class='ocrx_word' id='word_1_273' title='bbox 816 4209 998 4268; x_wconf 77' lang='lat' dir='ltr'><strong>tribunorum</strong></span> <span class='ocrx_word' id='word_1_274' title='bbox 1029 4211 1107 4286; x_wconf 89' lang='lat' dir='ltr'><strong>plebi</strong></span> <span class='ocrx_word' id='word_1_275' title='bbox 1135 4211 1261 4281; x_wconf 83' lang='lat' dir='ltr'><strong>fuerunt,</strong></span> <span class='ocrx_word' id='word_1_276' title='bbox 1275 4215 1303 4267; x_wconf 83' lang='lat'><strong>5·</strong></span> 
     </span>
    </p>
   </div>
   <div class='ocr_carea' id='block_1_4' title="bbox 204 4293 1261 4390">
    <p class='ocr_par' dir='ltr' id='par_1_7' title="bbox 204 4293 1261 4390">
     <span class='ocr_line' id='line_1_36' title="bbox 204 4293 1261 4390; baseline 0.009 -27"><span class='ocrx_word' id='word_1_277' title='bbox 204 4311 407 4389; x_wconf 80' lang='lat' dir='ltr'><strong>obiurgantium</strong></span> <span class='ocrx_word' id='word_1_278' title='bbox 444 4293 670 4383; x_wconf 83' lang='lat' dir='ltr'><strong>multitudinem,</strong></span> <span class='ocrx_word' id='word_1_279' title='bbox 701 4314 780 4388; x_wconf 86' lang='lat' dir='ltr'><strong>quod</strong></span> <span class='ocrx_word' id='word_1_280' title='bbox 814 4315 1005 4373; x_wconf 86' lang='lat' dir='ltr'><strong>admiratione</strong></span> <span class='ocrx_word' id='word_1_281' title='bbox 1037 4333 1154 4386; x_wconf 87' lang='lat' dir='ltr'><strong>eornm,</strong></span> <span class='ocrx_word' id='word_1_282' title='bbox 1187 4334 1261 4390; x_wconf 91' lang='lat' dir='ltr'><strong>quos</strong></span> 
     </span>
    </p>
   </div>
   <div class='ocr_carea' id='block_1_5' title="bbox 0 0 1701 5084">
    <p class='ocr_par' dir='ltr' id='par_1_8' title="bbox 0 0 1701 5084">
     <span class='ocr_line' id='line_1_37' title="bbox 0 0 1701 5084; baseline 0 0"><span class='ocrx_word' id='word_1_283' title='bbox 0 0 1701 5084; x_wconf 95' lang='lat' dir='ltr'><strong> </strong></span> 
     </span>
    </p>
   </div>
  </div>
 </body>
</html>
