3392 5084
504 507 581 560 Liber
596 510 647 564 lx.
681 509 728 574 (A.
741 511 788 564 ch.
800 513 958 577 θρα-319.)
1162 517 1218 573 159

211 689 285 747 cuius
306 691 449 768 principes
473 704 555 752 erant
585 694 752 753 deiectionis
783 716 801 755 a
827 698 937 773 populo
957 700 1091 757 Romano
1119 707 1260 770 auctores,

211 796 297 854 altera
318 799 443 856 fidelium
466 800 585 868 civium3
606 811 746 870 certatum
768 804 805 860 ab
828 803 956 878 utrisque
976 812 1074 861 tamen
1093 814 1146 876 est,
1170 815 1203 863 ut
1222 806 1261 863 ad

209 903 445 962 reconciliandam
469 923 570 981 pacem
600 908 710 965 consuli
734 927 823 983 opera
848 889 1014 968 narmetur.
1060 912 1136 969 Pars
1159 911 1289 981 alteral

210 1027 290 1081 quum
320 1011 484 1092 praesidium
507 1012 693 1082 Samnitium,
723 1013 791 1088 quia
817 1014 888 1071 nihil
916 1016 986 1072 satis
1013 1016 1170 1091 proeparati
1197 1026 1261 1075 erat

209 1116 241 1171 ad
262 1116 441 1174 obsidionem
466 1117 662 1187 tolerandam,
691 1137 876 1176 excessurum
903 1121 1039 1195 proxima
1065 1131 1150 1178 nocte
1176 1131 1259 1189 esset,

209 1222 353 1278 enuntiare
376 1223 486 1280 consuli
511 1223 581 1280 satis
602 1224 716 1295 habuit,
746 1243 804 1299 qua
824 1226 917 1283 noctis
940 1227 1016 1284 hora
1038 1245 1153 1302 quaque
1173 1239 1260 1303 porta

208 1336 232 1382 et
262 1347 351 1402 qnam
388 1329 418 1385 in
456 1330 534 1387 viam
570 1348 736 1405 egressurus
777 1331 870 1388 hostis
910 1331 1001 1403 foret3
1042 1333 1149 1404 altera,
1194 1335 1289 1409 qui-8
1348 1317 1353 1328 ⁵

206 1434 255 1490 bus
276 1433 375 1492 invitis
404 1435 543 1493 descitum
571 1436 607 1493 ad
630 1435 774 1495 Samnites
796 1446 874 1508 erat,
905 1438 1006 1495 eadem
1033 1448 1118 1496 nocte
1143 1447 1258 1514 portam

207 1539 286 1598 etiam
315 1540 426 1597 consuli
453 1551 626 1616 aperuerunt
653 1549 839 1616 armatosque
866 1542 940 1599 clam
961 1544 992 1600 in
1014 1545 1112 1601 urbem
1135 1563 1259 1620 accepe-

206 1656 274 1702 runt.
299 1647 370 1704 =1ta
394 1647 500 1722 duplici
520 1647 681 1723 proditione
704 1656 733 1704 et
754 1649 919 1723 praesidium
940 1648 1122 1721 Samnitium,
1142 1651 1289 1712 insessisll

207 1750 277 1808 circa
300 1752 379 1809 viam
402 1753 579 1810 silvestribus
601 1752 681 1822 locis,
702 1754 874 1830 necopinato
896 1773 1066 1830 oppressum
1090 1765 1148 1825 est,
1169 1766 1199 1812 et
1219 1757 1258 1813 ab

206 1859 270 1915 urbe
292 1859 381 1932 plena
401 1859 526 1916 hostium
548 1859 657 1952 clarqor
677 1859 822 1931 sublatus,
851 1869 1055 1936 momentoque
1075 1863 1159 1919 unius
1179 1863 1258 1920 hura
1329 1853 1333 1859 ¹

207 1980 288 2020 casus
312 1963 439 2034 Samnis,
460 1965 628 2024 Satricanus
649 1974 760 2040 captus,
790 1973 818 2022 et
847 1967 945 2023 omnia
970 1968 1000 2024 in
1023 1977 1167 2042 potestate
1188 1987 1256 2026 con·

206 2069 268 2125 sulis
283 2081 380 2139 erant,
403 2071 461 2145 qui,
484 2070 640 2144 quastione
661 2071 770 2140 habita,
792 2089 914 2145 querum
933 2091 1024 2148 opera
1037 2073 1160 2132 deiectio
1181 2079 1307 2134 esserto

206 2173 291 2246 facta,
324 2195 397 2251 quos
427 2185 523 2233 sontes
556 2176 704 2251 comperit,
733 2176 822 2252 virgis
854 2195 943 2234 caesos
975 2180 1068 2238 securi
1098 2181 1255 2256 percussit,

205 2282 393 2356 praesidioque
406 2282 504 2340 valido
526 2282 670 2358 imposito,
687 2301 770 2339 arma
785 2283 943 2342 Satricanis
964 2286 1079 2347 ademit.

280 2388 356 2445 Inde
378 2388 416 2444 ad
434 2387 609 2462 triumphum
626 2387 782 2446 decessisse
797 2389 923 2447 Romam
938 2391 1088 2466 Papirium
1100 2390 1255 2449 Cursorem
1271 2397 1303 2451 11

205 2495 338 2564 scribunt,
352 2494 401 2568 qui
418 2513 452 2552 eo
468 2494 540 2551 duce
553 2471 703 2551 Luceriam
717 2504 865 2570 receptam
877 2495 1079 2573 Samnitesque
1091 2496 1255 2570 subiugum

206 2600 302 2657 missos
319 2610 451 2656 auctores
468 2607 543 2657 sunt.
585 2598 625 2655 Et
641 2597 697 2656 fuit
709 2599 756 2656 vir
769 2601 848 2676 haud
863 2601 949 2659 dubie
972 2603 1075 2678 dignus
1097 2602 1177 2661 omni
1194 2601 1305 2662 bel-12

204 2703 254 2762 lica
273 2706 371 2776 laude,
392 2723 450 2761 non
472 2703 559 2760 animi
573 2705 666 2761 solum
686 2705 796 2781 vigore,
817 2707 869 2764 sed
889 2709 974 2765 etiarn
997 2711 1127 2784 corporis
1145 2709 1255 2765 viribus

205 2812 352 2870 excellens.
400 2810 553 2885 Praecipua
574 2811 680 2886 p‘edum
702 2787 857 2886 pernicitas
877 2813 985 2884 inerat,
1007 2833 1072 2889 quoe
1096 2829 1255 2890 cognomen
1269 2820 1305 2875 13

204 2916 284 2976 etiam
316 2918 407 2986 dedit,
442 2916 638 2992 victoremque
670 2935 755 2976 cursu
787 2918 915 2976 omnium
950 2918 1043 2976 atatis
1074 2939 1134 2977 suae
1164 2918 1255 2976 faisse

203 3020 292 3081 ierunt
324 3043 375 3081 seu
405 3041 519 3079 crurum
545 3023 576 3080 vi
606 3041 657 3080 seu
688 3019 894 3082 exercitstione
920 3026 1026 3096 multa,
1056 3027 1112 3084 cibi
1137 3026 1255 3100 vinique

204 3131 319 3188 eundem
347 3127 583 3203 capacissimum
613 3149 666 3187 nec
696 3149 760 3188 cum
791 3131 848 3187 ullo
870 3131 1062 3205 asperiorem,
1095 3132 1164 3207 quia
1191 3132 1254 3206 ipse
1269 3138 1305 3192 14

203 3231 294 3294 invicti
317 3237 355 3294 ad
375 3237 505 3292 labo-rem
527 3236 656 3311 corporis
671 3245 754 3306 esset,
774 3235 865 3293 fuisse
885 3235 1014 3292 militiam
1036 3237 1125 3310 pediti
1145 3238 1254 3312 pariter

204 3341 357 3418 equitique3
380 3341 489 3416 equites
511 3342 596 3398 etiam
615 3342 771 3415 aliquando
794 3359 881 3397 ausos
902 3343 941 3398 ab
962 3360 997 3398 eo
1017 3350 1124 3416 petere,
1146 3353 1178 3399 ut
1198 3342 1253 3400 sibi
1267 3349 1303 3403 15

203 3463 251 3518 pro
276 3469 310 3506 re
338 3450 411 3509 bene
439 3457 521 3522 gesta
549 3448 663 3504 laxaret
687 3447 796 3520 aliquid
828 3446 952 3516 laboris3
979 3447 1083 3523 quibus
1111 3448 1159 3505 ille
1187 3449 1253 3518 ,Ne
1268 3454 1303 3509 16

203 3552 267 3610 nihil
295 3555 447 3612 remissum
470 3554 586 3625 dicatis,
617 3553 750 3611 remitto⁴‘
783 3553 889 3628 inquit,
925 3573 980 3624 „ne
1007 3554 1107 3628 utique
1134 3554 1252 3611 dorsum

205 3656 393 3730 demulceatis
418 3678 505 3734 quum
528 3679 565 3718 ex
586 3660 667 3736 equis
689 3660 895 3718 descendetis.“
950 3661 989 3718 Et
1014 3661 1059 3717 vis
1083 3660 1252 3716 eratineo

204 3762 262 3821 viro
281 3767 393 3843 imperii
419 3765 520 3840 ingens
545 3767 654 3842 pariter
681 3767 711 3823 in
737 3765 831 3836 socios
861 3766 1004 3841 civesque.
1058 3765 1252 3824 Praenestinus
1268 3772 1302 3826 17

204 3881 304 3940 prator
324 3892 377 3948 per
397 3871 530 3928 timorem
552 3873 666 3946 segnius
692 3891 728 3928 ex
750 3871 884 3929 subsidiis
905 3889 973 3928 suos
994 3871 1117 3928 duxerat
1141 3871 1172 3927 in
1193 3870 1252 3945 pri·

204 3991 275 4033 mam
297 3977 403 4048 aciem,
426 3996 510 4052 quem
526 3997 614 4052 quum
629 3978 810 4034 inambulans
832 3987 900 4034 ante
913 3977 1129 4034 tabernaculum
1152 3976 1253 4034 vocari

204 4076 339 4156 iussisset,
360 4084 489 4140 lictorem
512 4082 647 4157 expedire
666 4101 794 4139 securem
815 4082 906 4142 iussit.
954 4082 1005 4140 Ad
1033 4101 1120 4157 quam
1149 4099 1252 4138 vocem
1268 4087 1302 4143 18

204 4190 323 4247 exanimi
343 4199 438 4248 stante
459 4171 646 4259 Praenestino,
678 4189 763 4263 ,Age
781 4187 859 4260 dnm,
887 4188 980 4259 lictor,
1005 4189 1105 4246 excide
1124 4188 1251 4244 radicem

204 4287 290 4350 hanc“
313 4296 407 4371 inquit
430 4295 660 4365 ,incommodam
676 4294 920 4365 ambulantibus“,
940 4293 1146 4370 perfusumque
1159 4293 1252 4351 ultimi

205 4400 318 4475 suppicii
340 4413 427 4473 metu,
448 4402 540 4458 multa
563 4401 652 4469 dicta,
685 4397 799 4456 dimisit.
845 4400 936 4457 Haud
966 4400 1052 4458 dubie
1079 4399 1130 4457 illa
1158 4409 1251 4470 aetate,
1266 4403 1302 4460 19
