3392 5084
468 473 522 526 104
580 531 584 537 ¹
741 469 820 518 Iiber
836 467 908 518 VIII.
925 479 929 492 ¹
950 468 996 532 (Δ.
1007 482 1066 522 u.·c.
1079 468 1153 532 414.)

422 657 547 711 tutorum
568 653 709 723 habebat3
737 652 816 711 leves
844 663 957 723 autem,
988 653 1036 728 qui
1064 654 1179 710 hastam
1209 663 1319 712 tuntum
1341 673 1471 730 gaesaque

394 758 563 835 dgererent,
584 759 772 816 vocabantur.
818 758 891 832 Haec
923 760 1017 834 prima
1037 758 1117 816 frons
1140 759 1171 816 in
1193 759 1253 818 acie
1273 761 1378 818 florem
1398 762 1473 818 iuve-

422 883 490 922 num
513 862 728 939 pubescentium
751 863 788 918 ad
809 862 940 922 militiam
961 865 1096 926 habebat.
1139 866 1298 924 Robustior
1319 867 1389 924 inde
1409 877 1474 924 atas

422 970 541 1028 totidem
563 968 784 1043 manipulorum,
807 969 911 1042 quibus
931 969 1107 1046 principibus
1138 979 1181 1028 est
1202 991 1323 1042 nomen,
1351 973 1406 1030 hos
1434 992 1474 1030 se-

393 1078 594 1152 iquebantur,
614 1075 718 1132 scutati
738 1092 848 1145 omnes,
871 1075 1029 1154 insignibus
1050 1077 1177 1135 maxime
1198 1079 1296 1140 armis.
1343 1079 1411 1136 Hoc
1431 1079 1475 1136 tri-

422 1183 503 1258 ginta
527 1179 739 1256 manipulorum
769 1199 873 1256 agmen
905 1182 1084 1257 antepilanos
1113 1175 1310 1259 appellabant,
1334 1184 1408 1259 quia
1429 1186 1476 1242 sub

423 1288 512 1364 signis
532 1287 592 1345 iam
614 1286 662 1343 alii
684 1286 845 1361 quindecim
874 1288 988 1346 ordines
1009 1289 1196 1360 locabantur,
1221 1262 1259 1347 dx
1281 1290 1391 1364 quibus
1412 1289 1476 1346 ordo

424 1393 619 1468 uuusquisque
641 1402 699 1449 tres
719 1401 816 1467 partes
837 1393 979 1463 habebat3
1012 1393 1122 1470 (aarum
1145 1413 1391 1470 unamquamque
1412 1396 1478 1470 [pri-

394 1495 411 1552 8
424 1497 516 1576 mum]
532 1499 621 1574 pilum
636 1499 808 1573 vocabant3)
831 1499 922 1556 tribus
942 1519 979 1556 ex
993 1500 1105 1557 vexillis
1120 1502 1287 1570 constabat3
1313 1498 1477 1579 [vexillum]
1526 1571 1527 1578 ἶ

425 1615 537 1664 centum
569 1604 717 1679 octoginta
744 1623 797 1660 sex
822 1604 954 1662 homines
977 1615 1068 1665 erant.
1111 1605 1246 1662 Primum·
1264 1608 1411 1665 vexillum
1433 1608 1479 1663 tri·

424 1713 502 1770 arios
523 1710 655 1794 ducebat,
677 1720 842 1768 veteranum
866 1710 983 1768 militem
1006 1720 1142 1786 spectata
1163 1712 1293 1784 virtutis,
1324 1712 1479 1770 secundum
1526 1741 1527 1772 t

423 1817 565 1884 rorarios,
591 1815 684 1872 minus
705 1815 819 1872 roboris
840 1825 924 1874 aetate
945 1815 1095 1890 factisque,
1117 1818 1230 1875 tertium
1254 1835 1412 1889 accensos,
1433 1817 1479 1874 mi·
1526 1846 1527 1880 ;

423 1924 507 1980 nima
520 1921 631 1979 fiducie
652 1940 782 1990 manum3
804 1940 838 1978 eo
862 1930 889 1978 et
909 1922 940 1978 in
960 1931 1136 1996 postremam
1157 1924 1248 1980 aciem
1266 1922 1480 1980 reiiciebantur.
1526 1952 1527 1986 2

394 2020 411 2077 9
423 2029 483 2089 Ubi
498 2027 542 2086 his
558 2025 705 2084 ordinibus
716 2027 857 2084 exercitus
868 2027 1022 2088 instructus
1034 2037 1117 2099 esset,
1131 2029 1241 2086 hastati
1255 2028 1391 2086 omnium
1403 2027 1481 2103 primi

423 2153 550 2211 pugnam
571 2133 690 2189 inibant.
739 2133 771 2191 Si
797 2133 906 2190 hastati
933 2133 1088 2210 profligare
1114 2133 1227 2190 hostem
1259 2151 1322 2190 non
1358 2143 1481 2209 possent
1526 2175 1527 2196 .

423 2242 497 2316 pede
517 2258 618 2316 presso
640 2257 690 2296 eos
713 2247 790 2296 retro
806 2239 939 2296 cedentes
962 2238 991 2295 in
1012 2238 1165 2295 intervalla
1186 2239 1323 2296 ordinum
1339 2240 1480 2314 principes
1526 2299 1527 2302 Ἴ

424 2346 609 2421 recipiebant.
651 2345 728 2400 Tum
748 2343 909 2418 principum
931 2363 1029 2420 pugna
1049 2354 1127 2414 erat3
1148 2345 1257 2401 hastati
1271 2346 1481 2419 sequebantur,
1526 2377 1527 2408 2

312 2486 319 2502 .
376 2451 411 2505 10
424 2452 516 2509 triarii
536 2452 589 2508 sub
610 2449 723 2507 vexillis
745 2449 947 2522 considebant,
968 2451 1081 2507 sinistro
1113 2469 1195 2508 crure
1217 2447 1376 2525 porrecto,
1407 2459 1483 2507 scuta
1526 2511 1527 2515 ,

423 2557 523 2615 innixa
542 2554 679 2624 humeris,
699 2557 799 2613 hastas
818 2550 954 2613 ¹subrecta
988 2557 1105 2632 cuspide
1131 2557 1261 2614 interra
1281 2557 1380 2626 fixas,
1410 2556 1482 2612 haud
1526 2589 1527 2594 κ

378 2663 408 2714 ll
424 2682 506 2720 secus
527 2681 614 2736 quam
635 2662 713 2718 vallo
736 2668 827 2736 saepta
848 2661 1008 2717 inhorreret
1029 2662 1119 2732 acies,
1147 2671 1287 2720 tenentes.
1344 2662 1379 2721 Si
1411 2661 1481 2738 apud
1526 2693 1527 2726 f

424 2769 567 2845 principes
600 2785 715 2842 quoque
749 2767 827 2823 haud
862 2766 944 2822 satis¹
967 2784 1105 2841 prospere
1143 2777 1218 2824 esset
1250 2779 1434 2842 pugnatum,
1467 2786 1481 2822 a
1526 2801 1527 2806 κ

424 2876 518 2950 prima
539 2875 600 2931 acie
622 2873 660 2930 ad
681 2873 796 2929 triarios
816 2873 921 2928 sensim
946 2871 1158 2944 referebantur3
1187 2872 1254 2928 inde
1281 2893 1354 2932 renr
1372 2875 1412 2931 ad
1433 2873 1481 2930 tri-
1526 2905 1527 2914 κ

376 2981 502 3038 ilarius
523 2981 646 3049 redisse,
676 2998 762 3054 quum
784 2979 950 3049 laboratur,
979 2978 1135 3054 proverbio
1165 2972 1319 3037 increbuit.
1379 2978 1480 3038 Triarii
1526 3027 1527 3043 ,

425 3095 642 3161 consurgentes,
672 3085 722 3142 ubi
754 3085 782 3140 in
807 3084 960 3142 intervalla
987 3084 1116 3142 ordinum
1145 3101 1264 3140 suorum
1285 3085 1437 3160 principes
1456 3093 1480 3140 et
1526 3147 1527 3151 ,

391 3262 401 3274 Δ
423 3195 554 3250 hastatos
574 3191 757 3266 recepissent,
779 3190 923 3266 extemplo
946 3189 1116 3264 compressis
1138 3188 1286 3245 ordinibus
1309 3191 1395 3247 velut
1409 3190 1480 3247 clau-
1526 3245 1527 3254 ,

375 3297 531 3356 l3debant
551 3298 630 3366 vias,
661 3314 776 3370 unoque
805 3295 959 3352 continenti
980 3295 1109 3370 agmine,
1137 3293 1195 3350 iam
1226 3294 1308 3351 nulla
1338 3313 1394 3369 spe
1420 3303 1479 3369 post
1526 3331 1527 3360 ,

424 3405 532 3474 relicta,
552 3403 582 3460 in
602 3404 714 3460 hostem
736 3402 913 3471 incidebant;
933 3401 962 3457 id
985 3409 1049 3457 erat
1071 3399 1377 3458 formidolosissimum
1399 3399 1478 3464 hosti,
1526 3437 1527 3468 ,

425 3529 512 3585 quum
536 3509 617 3567 velut
636 3501 728 3564 iictos
749 3505 869 3590 insecuti
890 3525 997 3562 novam
1018 3515 1136 3580 repente
1153 3505 1244 3563 aciem
1267 3515 1477 3581 exsurgentem,
1526 3555 1527 3570 ,

376 3615 412 3668 14
425 3625 540 3673 auctam
560 3632 689 3684 numero,
710 3615 873 3670 cernebant.
905 3611 1125 3672 ¹Scribebantur
1140 3620 1236 3668 autem
1260 3620 1404 3685 quattuor
1424 3610 1477 3667 fere
1526 3647 1527 3656 κ

424 3721 551 3796 legiones
573 3719 666 3795 quinis
688 3719 811 3776 millibus
825 3717 964 3793 peditum,
987 3717 1130 3791 equitibus
1150 3717 1181 3773 in
1201 3717 1332 3791 singulas
1353 3716 1476 3792 legiones
1526 3754 1527 3786 3

424 3827 556 3887 trecenis.
602 3826 737 3885 Alterum
759 3834 870 3882 tantum
896 3843 933 3881 ex
954 3824 1060 3881 Latino
1082 3821 1186 3878 dilectu
1209 3822 1412 3893 adiiciebatur,
1433 3819 1476 3895 qui
1526 3863 1527 3893 ,

425 3954 461 3992 ea
481 3906 651 4008 tempestate
671 3932 769 3988 hostes
785 3941 867 3997 erant
881 3928 1039 4000 Romanisp
1053 3927 1212 4001 eodemque
1235 3927 1339 3984 ordine
1355 3928 1474 3984 instrux-

378 4040 412 4093 15
426 4050 508 4109 erant
529 4040 634 4108 aciem3
655 4056 708 4094 nec
729 4037 837 4094 vexilla
859 4052 923 4107 cum
945 4033 1057 4090 vexillis
1079 4043 1201 4102 tantum,
1223 4033 1352 4091 universi
1373 4029 1474 4090 hastati
1519 4071 1525 4105 ,

425 4165 490 4203 cnm
513 4144 644 4215 hastatis,
665 4141 808 4217 principes
829 4159 894 4198 cum
915 4118 1101 4215 principibus,
1130 4139 1181 4212 sed
1202 4139 1335 4196 centurio
1366 4155 1474 4214 quoque
1524 4165 1525 4220 }

425 4269 489 4308 curn
514 4250 693 4319 centurione,
719 4248 745 4304 si
767 4247 881 4304 ordines
903 4245 1010 4303 turbati
1034 4264 1092 4302 non
1114 4253 1223 4316 essent,
1251 4245 1472 4303 concurrendum
1521 4245 1525 4260 '
