3392 5084
546 541 623 592 nna
639 541 699 590 vn.
736 540 920 604 (sennan.
1185 547 1221 601 53

205 734 370 788 Romanum
399 729 507 784 bonum
539 746 626 801 qnam
658 746 741 783 arma
774 727 925 802 virtusque
959 737 1049 797 esset,
1093 738 1120 784 et
1151 727 1295 785 silentiol

204 836 292 905 facto,
314 833 426 909 templa
440 833 558 890 deorum
573 832 787 903 immortalium,
811 852 875 907 quae
889 832 954 892 foro
965 833 1122 904 imminent,
1145 832 1264 908 Capitu-

202 943 332 1016 liumque
353 940 509 996 intuentem
538 947 566 994 et
587 957 689 994 manns
710 958 785 996 nunc
806 940 834 996 in
858 939 971 1009 caelum,
993 958 1068 996 nunc
1089 940 1118 996 in
1132 948 1264 1015 patentes

202 1057 285 1104 terrae
307 1047 405 1103 hiatus
427 1044 465 1101 ad
487 1045 557 1100 deos
578 1062 677 1101 manes
699 1044 905 1119 porrigentem,
935 1064 966 1101 se
988 1044 1151 1115 devovisse3
1175 1047 1294 1120 equo-5

202 1173 255 1228 qne
277 1152 387 1208 deinde
408 1170 495 1225 quam
517 1160 632 1225 poterat
654 1148 780 1206 maxime
801 1161 943 1208 exornato
965 1151 1145 1220 insidentem,
1168 1169 1263 1208 arma·

201 1267 258 1314 tum
282 1275 317 1313 se
345 1257 375 1312 in
404 1273 521 1330 specum
549 1255 717 1325 immisisse,
750 1256 885 1330 donaque
914 1275 948 1314 ac
970 1256 1068 1331 fruges
1090 1275 1176 1332 super
1198 1277 1263 1314 eum

201 1362 423 1419 amultitudine
443 1361 570 1417 virorum
593 1337 631 1417 ac.
649 1361 799 1418 mulierum
823 1372 984 1436 congestas,
1013 1363 1164 1438 lacumque
1187 1361 1262 1421 Cur-

198 1469 266 1525 tium
306 1487 368 1524 non
396 1468 434 1524 ab
458 1429 578 1541 antiquo
599 1465 650 1522 illo
672 1470 708 1526 T.
732 1469 811 1526 Tatii
831 1468 921 1525 milite
943 1467 1044 1526 Curtio
1064 1470 1180 1539 Mettio,
1212 1469 1262 1526 sed

199 1577 318 1631 abhoc
343 1573 531 1648 appellatum.
578 1570 658 1630 Cura
678 1593 735 1631 non
757 1575 878 1643 deesset,
905 1575 929 1632 si
952 1593 1010 1650 qus
1032 1576 1069 1633 ad
1091 1595 1191 1632 verum
1214 1575 1293 1632 viad

198 1681 395 1755 inquirentem
418 1678 520 1748 ferret3
541 1699 616 1737 nunc
637 1677 717 1735 fama
740 1699 834 1736 rerum
858 1681 992 1737 standum
1015 1691 1066 1750 est,
1088 1681 1138 1738 ubi
1154 1690 1261 1738 certam
1302 1722 1306 1744 ,

197 1789 325 1862 derogat
363 1795 492 1842 vetustas
522 1786 621 1854 fidem;
661 1795 689 1842 et
714 1787 795 1844 lacus
823 1805 929 1843 nomen
958 1787 994 1843 ab
1022 1789 1078 1845 hac
1103 1776 1262 1844 recentiore

194 1895 367 1970 insignitius
390 1892 491 1949 fabula
512 1902 564 1950 est.

278 2001 362 2057 Post
382 1998 455 2055 tanti
469 1997 594 2073 prodigii
606 1999 848 2072 procurationem,
871 1999 972 2056 eudem
989 2017 1064 2055 armo
1080 1999 1116 2056 de
1127 1998 1262 2056 Hernicis
1276 2001 1293 2056 7

197 2105 352 2162 consultus
365 2115 491 2173 senatus,
513 2123 599 2178 quum
622 2099 734 2160 fetiales
757 2105 793 2160 ad
815 2123 862 2162 res
883 2106 1054 2182 repetendas
1069 2104 1261 2179 nequicquam

195 2213 343 2281 misisset,
377 2210 471 2284 primo
501 2229 616 2284 quoque
646 2210 692 2265 die
717 2209 865 2268 ferendum
900 2211 937 2268 ad
967 2211 1106 2287 populum
1128 2210 1261 2266 debello

194 2317 355 2374 indicendo
388 2315 522 2372 Hernicis
556 2317 679 2385 censuit,
713 2303 895 2392 populusque
924 2318 954 2374 id
987 2317 1093 2375 bellum
1124 2316 1260 2390 frequens

194 2424 287 2482 iussit.
335 2421 373 2479 L.
397 2419 528 2478 Genucio
547 2422 658 2478 consuli
679 2442 715 2480 ea
735 2423 885 2498 provincia
905 2432 984 2480 sorte
1006 2421 1109 2480 evenit.
1152 2421 1188 2478 In
1210 2421 1291 2478 ex⁶8
1387 2459 1403 2480 a

193 2529 380 2605 spectat-ione
409 2527 511 2584 civitas
544 2537 620 2597 erat,
657 2529 734 2602 qnod
770 2529 880 2604 primus
912 2529 960 2585 ille
987 2530 1023 2585 de
1051 2527 1135 2606 plebe
1161 2527 1261 2584 consul

192 2637 301 2692 bellum
329 2635 392 2690 suis
415 2633 548 2708 auspiciis
569 2643 703 2708 gesturus
729 2644 818 2703 esset,
846 2635 965 2709 perinde
986 2645 1018 2690 nt
1040 2635 1183 2691 evenisset
1203 2652 1260 2703 res,

192 2741 231 2798 ita
253 2739 491 2798 communicatos
511 2741 636 2797 honores
657 2758 711 2814 pro
733 2741 806 2796 bene
836 2749 887 2796 aut
917 2759 999 2797 secus
1022 2740 1153 2798 consulto
1176 2739 1260 2796 habi·

193 2857 265 2904 tura.
320 2847 414 2903 Forte
434 2847 475 2903 ita
504 2846 566 2902 tulit
594 2865 693 2915 casus,
723 2856 754 2903 ut·
776 2845 924 2904 Genucius
957 2846 994 2902 ad
1024 2847 1122 2903 hostes
1153 2843 1290 2920 magnoll
1354 2850 1357 2856 '

192 2964 300 3010 conatu
323 2951 474 3028 profectus
501 2953 531 3008 in
558 2951 678 3008 insidias
698 2952 904 3028 praecipitaret,
935 2961 975 3021 et,
1005 2952 1166 3026 legionibus
1193 2972 1259 3010 neo-

192 3061 316 3134 opinato
339 3078 452 3133 pavore
476 3057 562 3128 fusis,
592 3059 692 3115 consul
722 3058 933 3115 circumventus
962 3058 999 3112 ab
1029 3057 1141 3129 insciis,
1174 3080 1258 3135 quem

187 3165 430 3240 intercepissent,
462 3165 647 3220 occideretur.
689 3163 775 3235 Quod
804 3162 853 3219 ubi
875 3172 918 3218 est
939 3165 1062 3220 Romam
1088 3166 1258 3236 nuntiatum,
1274 3165 1310 3220 10

190 3291 384 3346 nequaqnam
407 3280 518 3326 tantum
543 3271 660 3345 publica
684 3268 849 3325 calamitate
870 3267 960 3323 maesti
982 3278 1095 3342 patres,
1119 3281 1258 3344 quantum

190 3374 307 3431 feroces
330 3371 585 3432 infelici‘consulis
605 3376 709 3450 plebeii
729 3377 831 3444 ductu,
862 3373 987 3430 fremunt
1019 3375 1152 3431 omnibus
1172 3376 1258 3434 locis:

190 3479 280 3544 irent,
314 3489 449 3536 crearent
470 3451 602 3538 consules
626 3482 781 3556 explebe,
812 3477 1002 3536 transferrent
1023 3481 1169 3555 auspicia,
1200 3502 1256 3562 quo
1310 3559 1314 3566 Α

190 3585 273 3642 nefas
312 3594 405 3653 essct,
435 3587 564 3660 potuisse
590 3598 689 3662 patres
717 3586 868 3662 plebiscito
899 3584 967 3659 pelli
993 3584 1151 3643 honoribus
1184 3589 1258 3658 suis;
1275 3587 1305 3641 ll

189 3709 258 3747 num
286 3691 378 3746 etiam
405 3691 434 3747 iu
466 3692 536 3748 deos
556 3694 735 3757 immortales
764 3691 973 3766 inauspicatam
996 3692 1089 3764 legem
1112 3693 1256 3752 valuisse?

189 3799 361 3855 vindicasse
380 3798 461 3872 ipsos
483 3817 565 3855 sunm
587 3818 710 3867 numen,
735 3819 788 3855 sua
812 3797 959 3873 auspicia,
992 3817 1056 3872 quae
1078 3808 1109 3854 ut
1131 3801 1255 3874 primum

189 3913 332 3960 contacta
356 3903 414 3958 sint
437 3905 475 3961 ab
497 3924 548 3974 eo,
580 3925 598 3961 a
620 3924 678 3978 quo
700 3925 751 3962 nec
772 3906 817 3960 ius
839 3923 892 3972 qec
924 3903 969 3961 fas
997 3904 1101 3973 fuerit,
1131 3883 1255 3964 deletum

191 4026 256 4065 cum
281 4010 359 4065 duce
380 4010 536 4066 exereitum
562 4011 734 4067 documento
755 4009 854 4077 luisse,
877 4027 913 4064 ne
934 4009 1036 4066 deinde
1053 4013 1169 4068 turbato
1186 4032 1255 4087 gen-

192 4115 262 4171 tium
286 4115 352 4171 iure
373 4116 490 4172 comitia
518 4117 701 4176 haberentur.
759 4115 814 4180 His
839 4116 960 4172 vocibus
991 4115 1071 4172 curia
1102 4127 1130 4173 et
1158 4112 1307 4176 forum12

191 4230 341 4293 personat.
399 4223 477 4297 App.
500 4221 667 4290 Claudium,
699 4219 767 4294 qnia
798 4217 976 4278 dissuaserat
1006 4221 1116 4296 legem,
1148 4224 1257 4284 maiore
