3392 5084
463 528 532 621 ²⁸2,
724 528 853 579 LiberV.
890 526 1008 590 (Aac.
1028 525 1189 589 tet-ubo.)

1521 651 1523 684 Ι

421 712 518 767 verius
541 728 628 785 quam
651 711 778 776 decimae,
801 710 920 786 quando
941 729 977 767 ea
1007 728 1039 767 se
1069 710 1193 785 quisque
1214 710 1352 785 privatim
1375 710 1487 784 obliga·
1521 719 1523 774 ξ

297 794 300 799 Δ
391 815 510 883 licerit,
531 814 670 882 liberatus
701 816 739 873 sit
760 817 895 891 populus.
943 815 1102 873 Enimvero
1122 814 1193 871 illud
1215 832 1248 871 se
1280 824 1380 873 tacere
1409 833 1488 871 suam
1521 797 1523 830 ¹

421 921 624 979 conscientiam
646 940 704 979 non
726 920 803 995 pati,
823 920 901 994 quod
922 938 961 975 ex
981 937 1018 976 ea
1038 928 1151 976 tantum
1172 920 1283 995 praeda,
1306 939 1373 995 qaae
1394 940 1486 978 rerum

420 1025 597 1083 moventium
620 1026 666 1096 sit,
689 1026 801 1083 decima
822 1025 1004 1099 designatam
1025 1024 1106 1081 urbis
1120 1033 1218 1098 atque
1233 1025 1299 1099 agri
1315 1025 1407 1099 capti,
1429 1044 1487 1099 quo

388 1134 406 1213 .⁷
421 1138 449 1186 et
463 1130 528 1205 ipsa
542 1140 612 1188 voto
628 1110 818 1201 contineatur,
834 1130 1008 1187 mentionem
1024 1128 1133 1185 nullam
1144 1128 1216 1186 lieri.
1265 1128 1366 1201 Quum
1381 1149 1421 1186 ea
1434 1130 1487 1185 dis·

421 1236 556 1309 captatio,
580 1254 686 1312 anceps
702 1234 815 1292 senatui
830 1235 904 1303 visa,
925 1234 1061 1308 delegata
1075 1234 1114 1289 ad
1127 1234 1280 1307 pontifices
1296 1244 1386 1305 esset,
1411 1223 1487 1291 edhi-

419 1337 480 1395 bito
498 1338 622 1397 Camillo
645 1342 737 1397 visum
760 1340 892 1413 collegio,
915 1327 1080 1413 quod‘eius
1102 1346 1170 1394 ante
1191 1348 1367 1414 conceptum
1391 1349 1486 1396 votum

418 1444 584 1502 Veientium
607 1445 710 1503 fuisset
731 1456 760 1502 et
780 1442 848 1520 post
868 1452 969 1500 votum
988 1444 1017 1499 iu
1040 1452 1214 1518 potestatem
1239 1444 1347 1519 populi
1364 1446 1487 1503 Romani

388 1546 557 1621 8venisset,
584 1550 645 1607 cius
667 1559 779 1624 partem
801 1548 943 1607 decimam
966 1548 1096 1624 Apollini
1118 1568 1232 1606 sacram
1255 1567 1332 1605 esse.
1386 1550 1436 1607 Ita
1462 1549 1487 1604 in

419 1654 637 1712 estimationem
653 1655 722 1711 urbs
737 1672 865 1729 agerque
885 1654 974 1713 venit.
1017 1654 1148 1712 Pecunia
1169 1672 1206 1711 ex
1221 1654 1328 1711 aerario
1343 1664 1487 1729 prompta,

419 1770 448 1816 et
462 1760 584 1817 tribunis
607 1760 729 1817 militum
744 1760 955 1828 consularibus,
977 1767 1009 1816 ut
1023 1778 1126 1817 aurum
1142 1776 1179 1814 ex
1197 1777 1233 1815 ea
1248 1768 1430 1830 coemerent,
1443 1778 1487 1816 ne·

417 1865 528 1939 gotium
544 1867 653 1926 datum.
695 1865 785 1924 Cuius
807 1884 896 1939 quum
918 1865 1005 1939 copia
1024 1882 1083 1920 non
1104 1872 1195 1933 esset,
1223 1872 1382 1936 matronae,
1414 1866 1487 1921 coeti·

418 1970 525 2041 busad
541 1987 605 2028 eam
627 1990 688 2027 ram
711 1970 931 2027 consultandam
954 1968 1071 2038 habitis,
1091 1968 1237 2025 communi
1258 1969 1382 2025 decreto
1408 1969 1487 2045 polli-

417 2076 480 2133 citoe
495 2076 617 2133 tribunis
632 2075 753 2132 militum
776 2092 890 2143 aarum,
915 2073 1015 2130 omnia
1029 2083 1201 2130 ornamenta
1221 2092 1277 2129 sua
1299 2074 1331 2130 in
1355 2076 1486 2131 aemrium
1521 2109 1523 2112 -

386 2172 587 2237 9detulerant.
635 2149 731 2238 Graia
760 2198 797 2235 ca
824 2198 871 2236 res
902 2190 934 2235 ut
963 2198 1029 2253 quae
1060 2179 1188 2235 maxime
1217 2178 1337 2235 senatui
1361 2199 1487 2254 unquam

415 2284 705 2359 fuitrhonoremque
726 2286 764 2341 ob
787 2303 852 2341 eam
874 2283 1099 2341 munificentiam
1122 2283 1219 2341 femnt
1237 2286 1386 2341 matronis
1408 2286 1486 2341 habi·

415 2370 485 2461 tum,
507 2400 540 2447 ut
560 2390 669 2465 pilento
692 2392 730 2447 ad
751 2408 838 2447 sacra
856 2390 1007 2462 ludosque,
1029 2390 1174 2463 carpentis
1194 2388 1272 2445 festo
1294 2389 1485 2465 prolestoquc

366 2493 402 2548 10
415 2504 572 2565 uterentur.
618 2496 753 2552 Pondere
774 2496 812 2551 ab
827 2494 948 2569 singulis
963 2495 1027 2552 auri
1042 2503 1163 2569 accepto
1177 2493 1323 2551 aestimato
1340 2497 1438 2570 [qne],
1458 2504 1486 2550 ut

414 2602 543 2677 pecuniae
564 2601 754 2671 solverentur,
776 2610 920 2657 crateram
937 2618 1055 2656 auream
1071 2600 1135 2656 lieri
1154 2600 1274 2674 placuit,
1298 2618 1368 2675 quae
1381 2602 1484 2658 donum

312 2710 318 2727 ‘
415 2706 547 2781 Apollini
570 2705 701 2781 Delphos
722 2712 898 2779 portaretur.

365 2806 398 2861 ll
498 2809 592 2868 Simul
607 2810 644 2865 ab
659 2810 798 2884 religione
814 2810 927 2867 animos
948 2807 1129 2881 remiserunt,
1149 2811 1300 2885 integrant
1313 2813 1484 2869 seditionem

413 2914 520 2971 tribuni
549 2914 658 2988 plebis;
688 2915 825 2971 incitatur
855 2916 1009 2974 multitudo
1039 2916 1069 2973 in
1100 2934 1201 2972 omnes
1221 2916 1390 2991 principes,
1423 2927 1485 2975 ante

366 3022 400 3079 12
415 3018 487 3076 alios
511 3018 540 3075 in
563 3016 731 3076 Camillum:
760 3038 824 3075 eum
856 3022 984 3096 praedem
1011 3020 1204 3078 Veientanam
1234 3022 1418 3096 publicando
1442 3042 1484 3079 sa·

414 3125 580 3199 orandoque
603 3126 641 3181 ad
655 3125 775 3181 nihilum
796 3126 952 3201 redegisse.
999 3126 1145 3183 Abeuntes
1164 3124 1303 3184 ferociter
1317 3128 1484 3204 increpant;

413 3231 612 3305 praesentium,
642 3250 729 3305 quam
759 3248 791 3287 se
817 3230 894 3287 ultro
915 3231 998 3287 iratis
1027 3227 1179 3299 offerrent,
1200 3234 1414 3291 verecundiam
1436 3237 1484 3291 ha·

365 3338 400 3394 13
414 3337 491 3393 bent.
538 3335 632 3397 Simul
653 3337 768 3394 extrahi
790 3354 852 3393 rem
875 3354 913 3391 ex
934 3353 969 3391 eo
992 3352 1069 3391 anno
1090 3336 1239 3405 viderunt,
1267 3338 1406 3397 tribunos
1428 3340 1484 3414 ple·

413 3443 458 3498 bis
487 3441 595 3497 latores
624 3440 696 3515 legis
725 3442 755 3497 in
781 3460 888 3498 aunum
919 3441 1036 3497 eosdem
1063 3442 1209 3509 reficiunt;
1242 3452 1272 3497 et
1299 3454 1404 3519 patres
1433 3447 1483 3501 hoc

413 3547 490 3602 idem
513 3545 549 3601 de
570 3546 808 3603 intercessoribus
827 3547 900 3622 legis
923 3546 1031 3615 anuisi;
1058 3546 1101 3602 ita
1127 3548 1235 3604 tribuni
1260 3540 1357 3622 plebis
1379 3570 1481 3625 magua

319 3657 363 3726 26
414 3658 555 3725 exparte
582 3650 669 3707 iidem
698 3649 808 3708 refecti.
857 3650 991 3708 Comitiis
1021 3651 1204 3709 tribunorum
1231 3654 1375 3710 militum'
1389 3666 1481 3731 patrea

239 3742 528 3861 ffiffissffsumma
563 3774 618 3829 ope
656 3756 817 3826 evicerunt,
860 3764 891 3812 ut
924 3756 966 3812 Μ.
1005 3756 1111 3851 Furius
1148 3756 1289 3815 Camillus
1325 3770 1481 3816 crearetur.
1521 3805 1523 3810 .

266 3847 294 3945 Ἰ
323 3847 329 3859 ’
395 3850 540 3936 'Propter
560 3861 638 3917 belle
660 3862 837 3918 simulabant
858 3862 958 3935 parari
979 3862 1081 3919 ducem
1088 3882 1097 3936 ;
1119 3863 1171 3920 sed
1191 3863 1340 3939 largitioni
1361 3864 1482 3921 tn'buni·

330 3988 348 4014 x
382 3966 464 4023 leisc
486 3965 670 4025 adversarius
692 3948 885 4039 quaerebatur.
934 3965 1009 4023 Cum
1031 3966 1154 4025 Camillo
1182 3970 1273 4025 creati
1296 3968 1411 4026 tn'bnni
1432 3969 1481 4025 mi·

413 4072 494 4129 litum
524 4070 671 4129 consulari
704 4079 851 4145 potestate
875 4072 908 4130 L.
938 4072 1045 4129 Furius
1075 4072 1253 4129 Medullinus
1286 4082 1421 4142 sextum,
1449 4070 1480 4129 Ο.

413 4176 561 4247 AEmilius,
584 4176 618 4234 L.
640 4176 778 4233 Valerius
799 4176 963 4246 Publicola,
985 4176 1037 4252 Sp.
1059 4177 1238 4247 Postumius,
1263 4178 1300 4236 P.
1327 4176 1479 4236 Cornelius

382 4278 526 4338 iliterumc
571 4280 720 4355 Principio
753 4281 820 4338 anni
849 4282 957 4339 tribuni
978 4280 1072 4357 plebis
1093 4283 1164 4339 nibil
1186 4294 1360 4355 moverunt,
1389 4285 1478 4341 donec
