3392 5084
483 515 522 570 4ss
733 507 813 556 Liber
829 506 877 556 VI.
906 507 950 572 (A.
964 523 987 568 u.
998 525 1020 558 c.
1032 514 1083 558 386
1094 509 1195 572 487.)

442 703 508 755 cato
528 694 672 763 ferantur,
701 713 760 751 non
781 695 968 770 magistratus
990 704 1137 765 creentur;
1168 711 1222 752 nec
1252 689 1417 750 centuriatis
1443 707 1487 746 ner

441 803 559 862 curiatis
590 800 713 859 comitiis
748 811 846 876 patres
879 812 1011 860 auctores
1042 805 1131 872 fiant;
1155 803 1281 862 'Sextius
1310 810 1340 859 ot
1372 797 1488 858 Licinius

441 920 581 984 tanquam
603 908 745 966 Romulus
767 927 802 965 ac
826 910 931 966 Tatius
951 910 981 966 iu
1012 912 1084 968 urbe
1104 913 1240 970 Romana
1261 917 1398 985 regnent,
1431 906 1487 980 qnia

395 1010 425 1063 ll
441 1015 578 1092 pecunias
610 1015 734 1085 alienas,
771 1017 840 1090 quia
875 1035 962 1093 agros
998 1017 1074 1076 dono
1107 1021 1186 1077 dant.
1244 1021 1346 1077 Tanta
1380 1015 1488 1073 dulcedo

442 1131 487 1182 cst
521 1142 558 1180 ex
593 1122 693 1179 alienis
727 1122 851 1181 fortunis
892 1123 1056 1198 predandi,
1098 1145 1151 1184 nec
1186 1126 1215 1183 in
1251 1135 1380 1184 mentem
1415 1123 1490 1185 venit,

442 1233 534 1290 altera
562 1230 625 1304 legs
655 1229 823 1287 solitudines
852 1240 951 1287 vastas
980 1230 1010 1287 in
1041 1232 1119 1308 agris
1145 1233 1207 1290 lieri
1234 1231 1374 1308 pellendo
1401 1230 1490 1288 finibus

443 1337 589 1407 dominos,
625 1337 716 1410 altera¹
750 1337 835 1394 fidem
873 1337 1024 1413 abrogari,
1049 1315 1120 1396 'cum
1154 1357 1213 1414 qua
1245 1337 1343 1396 omnis
1380 1338 1491 1394 humana

395 1431 430 1487 ¹²
443 1445 566 1502 sociatas
598 1439 727 1498 tollitur?
764 1439 900 1498 Omnium
937 1463 1032 1502 rernm
1068 1463 1157 1503 causa
1189 1445 1276 1502 vobis
1310 1442 1492 1519 antiquandas

443 1569 546 1610 censeo
569 1550 640 1605 istas
660 1547 836 1622 rogationes.
884 1547 971 1621 Quod
991 1549 1100 1624 faxitis,
1121 1553 1191 1610 deos
1212 1552 1301 1608 velim
1324 1549 1493 1608 fortunare.“

348 1643 392 1712 42
530 1654 746 1729 Oratio·Appii
767 1653 805 1710 ad
827 1653 859 1711 id
879 1655 966 1712 modo
989 1657 1094 1727 valuit,
1124 1667 1156 1716 ut
1182 1666 1298 1734 tempus
1320 1657 1493 1732 rogationum

413 1753 631 1822 2iubendarum
652 1757 838 1833 proferretur.
881 1759 993 1819 Refecti
1015 1762 1157 1821 decimum
1181 1763 1267 1821 iidem
1291 1763 1415 1832 tribuni,
1436 1763 1494 1820 Sex·

442 1870 499 1927 tius
520 1876 549 1924 et
568 1865 713 1935 Licinius,
745 1865 781 1922 de
814 1866 982 1924 decemviris
1016 1887 1163 1926 sacrorum
1190 1887 1227 1926 ex
1254 1879 1345 1945 parte
1369 1869 1406 1927 de
1426 1868 1496 1944 plebe

443 1973 574 2032 creandis
603 1972 696 2047 legem
721 1972 874 2047 pertulere.
926 1971 1024 2032 Creati
1054 1975 1180 2050 quinque
1211 1984 1349 2051 patrum,
1385 1956 1519 2051 quinque¹

442 2081 543 2158 plebis,
565 2079 716 2155 graduque
737 2095 772 2134 eo
798 2078 857 2135 iam
879 2078 929 2136 via
957 2077 1036 2138 facta
1069 2081 1106 2137 ad
1129 2080 1312 2138 consulatum
1343 2082 1496 2140 videbatur.

413 2178 509 2246 3Hac
529 2184 652 2244 victoria
675 2191 810 2240 contenta
829 2184 928 2260 plebes
951 2185 1035 2243 oessit
1058 2185 1206 2262 patribus,
1239 2195 1272 2243 ut
1299 2185 1331 2244 in
1355 2184 1499 2263 prasentia

266 2262 592 2382 ssggggconsulum
614 2291 757 2347 mentione
779 2291 888 2347 omissa
908 2291 1015 2349 tribuni
1036 2291 1158 2350 militum
1180 2301 1364 2354 crearentur.
1415 2289 1498 2351 Crasti

445 2403 484 2459 A·
509 2408 538 2456 et
558 2399 602 2455 M.
623 2395 749 2455 Cornelii
769 2396 883 2467 ilerum,
905 2397 946 2458 M.
969 2397 1130 2473 Geganius,
1151 2399 1187 2457 P.
1202 2398 1345 2470 Manlius,
1370 2401 1407 2458 1..
1417 2399 1500 2456 Vatu·
1524 2399 1525 2431 ³

445 2507 515 2577 rius,
534 2505 571 2564 P.
592 2503 728 2560 Valerius
749 2509 873 2559 sextum.

414 2604 431 2658 4
529 2611 626 2684 Quum
657 2616 762 2684 praeter
789 2607 968 2666 Velitrarum
1001 2608 1196 2678 obsidionem,
1222 2609 1301 2666 tardi
1327 2612 1430 2687 magis
1449 2625 1499 2666 rent

447 2717 540 2774 exitus
562 2735 650 2791 quam
672 2714 761 2785 dubii,
783 2713 887 2788 quietae
908 2723 1033 2771 extemae
1054 2732 1100 2772 res
1121 2715 1263 2772 Romanis
1288 2725 1403 2786 essent„
1433 2713 1500 2772 iana
1523 2717 1524 2750 ³

446 2841 549 2899 repens
580 2822 649 2879 belli
675 2819 782 2878 Gallici
814 2819 905 2876 allata
931 2820 1056 2895 perpulit
1082 2821 1242 2892 civitatem,
1270 2829 1304 2878 ut
1336 2823 1387 2883 M.
1408 2821 1523 2880 Furius*

446 2927 571 2984 dictator
594 2927 723 3001 quintum
751 2927 902 2985 diceretur.
950 2925 981 2983 Is
1003 2927 1040 2983 Τ.
1062 2925 1227 3000 Quinotium
1249 2927 1392 2986 Pennum
1423 2926 1489 3002 magi

417 3029 536 3091 5strum
569 3032 696 3108 equitum
727 3034 807 3092 dixit
864 3031 1009 3089 Bellatum
1036 3049 1100 3089 cum
1134 3032 1229 3092 Gallis
1256 3052 1292 3090 eo
1320 3051 1405 3092 anno
1438 3033 1460 3090 o'
1522 3059 1523 3064 ¹

446 3140 589 3200 Anienem
611 3141 733 3211 flumen,
763 3146 865 3197 auctor
900 3135 1120 3210 enucleatius,
1151 3139 1342 3215 inclitamque
1366 3139 1399 3198 in
1426 3149 1486 3216 pout

446 3265 584 3322 pugnarn,
606 3265 665 3321 qua
686 3248 723 3305 T.
738 3244 865 3302 Manlius
887 3243 1016 3313 Gallum,
1038 3261 1102 3301 cum
1125 3263 1184 3318 quo
1204 3253 1390 3320 provocatus
1411 3263 1487 3304 manu

448 3352 600 3437 conseruit,
621 3352 650 3408 in
672 3359 825 3426 conspectu
848 3351 970 3406 duorum
992 3349 1167 3407 exercituum
1187 3368 1293 3408 oaesum
1316 3360 1426 3428 torque
1446 3369 1474 3426 sp

418 3455 539 3526 (iliavit,
560 3468 621 3514 tum
643 3465 810 3532 pugnatam.
859 3454 995 3513 Pluribus
1023 3455 1188 3513 auctoribus
1208 3455 1304 3531 magis
1327 3459 1491 3516 adduanu

448 3565 580 3633 credam,
608 3564 707 3620 decem
734 3560 813 3618 haud
833 3560 928 3618 minus
949 3567 1016 3634 post
1043 3577 1135 3619 annos
1163 3570 1300 3632 esaum,
1330 3563 1395 3620 hoc
1418 3571 1477 3620 aute

450 3689 527 3726 anno
553 3669 584 3726 in
610 3668 728 3727 Albano
756 3683 828 3742 agro
858 3683 921 3722 oum
952 3664 1047 3724 Gallis
1075 3666 1216 3724 dictatore
1241 3667 1284 3724 M.
1308 3669 1406 3727 Furio
1430 3668 1485 3742 sign

420 3773 564 3832 7collata.
606 3775 670 3832 Nec
690 3772 779 3829 dubia
791 3791 844 3828 uec
858 3770 982 3828 difficilis
1003 3772 1153 3843 Romanis,
1176 3790 1344 3848 quanquam
1365 3774 1477 3849 ingente

451 3879 532 3939 Galli
563 3888 701 3937 terrorem
734 3878 874 3935 memoria
906 3877 1033 3952 pristina
1062 3877 1152 3934 cladis
1184 3877 1356 3948 attulerant,
1391 3873 1484 3935 victori

450 3985 514 4046 tuit.
561 3985 655 4042 Multa
676 3983 767 4041 millia
792 3983 982 4039 barbarorum
1005 3983 1035 4040 in
1056 3983 1134 4054 acie,
1163 3983 1254 4040 multa
1281 3983 1378 4061 captis
1482 3979 1489 3992 '

420 4089 543 4163 8oaesa3
571 4090 661 4168 palati
684 4089 748 4159 alii,
780 4087 918 4164 Apuliam
950 4090 1077 4146 maxime
1104 4096 1248 4164 petentes,
1264 4073 1364 4164 'quum
1388 4089 1486 4165 fugas

452 4199 626 4274 longinqua,
656 4204 714 4252 tum
741 4194 819 4269 quod
847 4195 955 4270 passim
986 4213 1036 4252 eos
1058 4194 1142 4252 simul
1163 4211 1257 4270 pavor
1277 4205 1431 4272 terrorque
1451 4193 1488 4248 dis
