3392 5084
451 467 511 528 282
709 465 789 514 Liber
805 465 839 516 X.
869 464 917 528 (A.
930 477 958 518 u.
970 479 993 516 e.
1004 464 1166 526 etQ—tto.)

378 649 515 706 initibus
537 648 737 722 triumphavit.
785 647 894 705 Milites
919 647 1146 722 triumphantem
1170 646 1262 703 secuti
1283 656 1359 703 sunt.
1419 645 1470 702 Ce-

409 751 523 812 lebrate
554 752 708 809 inconditis
735 753 902 808 commutas
939 751 1112 808 militaribus
1134 768 1195 807 non
1226 751 1320 825 magis
1349 750 1470 806 victoria

410 857 447 930 Q.
468 857 664 930 Fabiiquam
688 876 766 914 mors
787 856 929 932 preclara
950 858 986 913 P.
1007 856 1093 913 Decii
1119 865 1178 925 est,
1205 856 1390 929 excitataque
1414 874 1469 910 ms·

410 961 505 1020 moria
526 961 670 1037 parentis,
699 970 815 1036 aequata
846 970 952 1018 eventu
979 960 1095 1035 publico
1117 960 1293 1036 privatoque
1313 961 1361 1017 tilii
1383 959 1469 1016 lanii·

360 1067 397 1122 10
410 1067 474 1124 bus.
529 1067 611 1124 Data
637 1085 675 1122 ex
701 1066 801 1140 praeda
830 1066 971 1123 militibus
999 1066 1064 1122 aeris
1099 1066 1235 1140 octogeni
1266 1065 1327 1122 bini
1347 1081 1469 1138 sagaque

410 1179 439 1228 et
460 1171 573 1242 tumea,
604 1171 723 1246 premia
744 1171 795 1227 illa
816 1178 990 1246 tempestate
1016 1169 1125 1227 milities
1145 1169 1374 1242 haudquaquam
1394 1186 1469 1242 sper·

409 1276 514 1332 nenda.

314 1372 355 1442 dl
495 1379 551 1438 His
585 1379 627 1436 ita
658 1379 745 1435 rebus
772 1378 863 1453 gestis
890 1396 944 1434 nee
972 1377 1003 1433 in
1033 1375 1214 1434 Samnitibus
1244 1377 1340 1433 adhuc
1365 1394 1417 1432 nec
1443 1375 1470 1431 in

412 1483 532 1546 Etruria
552 1504 612 1560 pax
633 1493 713 1554 erat5⁴
732 1492 800 1540 nani
822 1495 852 1540 et
872 1482 1022 1542 Perusinis
1045 1482 1213 1539 auctoribus
1235 1491 1305 1556 post
1325 1481 1470 1538 deductum

380 1590 451 1648 iub
472 1589 590 1646 constule
612 1589 769 1646 exereitum
794 1589 966 1645 rebellatum
987 1587 1092 1654 fuerat,
1113 1595 1143 1643 st
1157 1586 1306 1644 Samnites
1318 1586 1471 1661 pmdatum

412 1695 441 1750 in
471 1713 573 1769 agrum
596 1694 754 1751 Vescinum
783 1693 1034 1766 Formianumque
1069 1701 1099 1750 et
1127 1700 1212 1767 parte
1238 1693 1298 1748 alia
1325 1691 1354 1747 in
1374 1692 1471 1747 AEser-

381 1799 521 1870 3ninnm,
544 1817 665 1873 quaque
680 1799 826 1856 Vulturno
842 1797 977 1854 adiacent
995 1798 1115 1867 flumini,
1136 1797 1321 1856 descendere.
1363 1795 1472 1852 Adver-

413 1922 462 1962 sus
491 1922 541 1960 eos
568 1906 649 1980 App.
673 1901 812 1960 Claudius
834 1912 944 1978 prator
971 1920 1037 1958 cum
1059 1903 1188 1959 exercitu
1208 1902 1343 1959 Deciano
1366 1900 1473 1956 missus.

411 2008 524 2066 Fabius
545 2009 574 2064 in
598 2008 718 2066 Etruria
745 2007 904 2066 rebellante
931 2005 1028 2062 denuo
1055 2015 1192 2080 quattuor
1214 2007 1306 2063 millia
1335 2015 1365 2062 et
1392 2003 1472 2078 quin·

413 2122 521 2187 gentos
538 2113 746 2170 Perusinorum
770 2111 889 2180 occidit,
922 2111 998 2184 cepit
1025 2111 1064 2166 ad
1084 2111 1163 2166 mille
1186 2112 1385 2186 septingentos
1404 2128 1472 2182 qna·

383 2217 564 2292 imaginis,
590 2218 640 2292 qui
662 2215 804 2291 redempti
835 2212 942 2287 singuli
967 2213 1032 2269 arria
1064 2215 1199 2271 trecentis
1230 2215 1347 2283 deeem3
1379 2215 1472 2290 praeda

383 2322 473 2384 5alia
503 2323 597 2380 omnis
625 2321 763 2379 militibus
796 2336 944 2378 concessa.
1005 2316 1180 2376 Samnitium
1211 2320 1357 2395 legiones,
1390 2337 1471 2393 quun

412 2434 527 2502 partem
553 2431 633 2502 App.
649 2424 788 2484 Claudius
809 2432 927 2499 praetor,
948 2430 1062 2496 partem
1086 2424 1121 2483 L.
1137 2423 1313 2481 Volumnius
1334 2443 1388 2499 pro
1408 2441 1472 2479 con·

412 2533 475 2589 sule
496 2541 674 2606 sequeretur,
695 2531 724 2588 in
747 2548 849 2604 agrum
873 2527 1024 2586 Stellatem
1047 2537 1256 2597 convenerunt;
1278 2529 1318 2585 ibi
1344 2541 1372 2584 et
1394 2528 1471 2586 Sam·

411 2637 513 2694 uitium
537 2653 637 2694 omnes
658 2636 742 2709 copia
763 2635 926 2703 considunt,
947 2641 976 2690 et
997 2635 1114 2708 Appius
1129 2633 1363 2707 Volumniusque
1383 2641 1473 2688 castra

381 2741 598 2816 (iconiunguut.
649 2742 814 2815 Pugnatum
847 2737 1041 2796 infestissimis
1064 2737 1182 2807 animis,
1210 2738 1278 2794 binc
1304 2737 1351 2794 ira
1379 2737 1472 2793 stimm

411 2846 491 2902 lante
513 2846 652 2902 adversus
679 2845 853 2901 rebellantes
881 2843 981 2912 toties,
1009 2841 1087 2900 illinc
1117 2843 1155 2899 ab
1185 2842 1288 2899 ultima
1314 2843 1374 2898 iam
1395 2843 1472 2898 dimi·
1537 2828 1538 2831 Ἴ

381 2949 546 3012 tcantibus
574 2967 635 3024 spe.
683 2947 768 3006 Caesa
797 2965 869 3022 ergo
890 2947 1066 3006 Samnitium
1087 2947 1211 3004 sedecim
1236 2947 1328 3003 millia
1351 2947 1473 3007 trecenti.

413 3063 500 3129 capta
530 3055 588 3112 duo
622 3052 712 3110 millia
745 3052 933 3128 septingenti;
962 3070 1000 3108 ex
1026 3053 1163 3108 Romano
1193 3051 1323 3108 exercitu
1352 3053 1473 3109 cecidere

413 3157 471 3217 duc
494 3157 583 3214 millia
605 3157 787 3232 septingenti.

382 3265 400 3322 8
497 3261 582 3320 Felix
604 3279 695 3318 annus
718 3261 827 3318 bellicis
848 3262 946 3328 rebus,
975 3259 1140 3334 pestilentia
1162 3260 1261 3334 gravis
1283 3260 1473 3334 prodigiisque

413 3365 566 3436 sollicitus;
593 3384 660 3423 nam
689 3375 718 3422 et
744 3374 853 3422 terram
875 3364 1063 3421 multifariam
1087 3365 1217 3441 pluvisse
1242 3374 1273 3420 et
1300 3364 1331 3419 in
1354 3366 1472 3421 exercitu

412 3469 493 3545 App.
518 3469 632 3528 Claudii
655 3470 810 3545 plerosque
824 3469 994 3526 fulminibus
1015 3469 1089 3525 ictos
1103 3469 1265 3527 nuntiatum
1281 3478 1336 3538 est,
1357 3470 1473 3544 librique

381 3575 452 3633 9ob
475 3576 536 3631 haec
564 3574 646 3632 aditi.
702 3575 748 3632 Εο
783 3592 860 3630 anno
888 3573 924 3645 Q.
950 3573 1061 3630 Fabius
1083 3573 1217 3647 Gurges,
1241 3574 1370 3630 consulis
1397 3576 1473 3635 filins.

413 3678 525 3754 aliquot
546 3688 695 3736 matronas
718 3679 755 3736 ad
783 3679 923 3754 populum
950 3678 1044 3753 stupri
1071 3678 1226 3735 damnatas
1253 3680 1380 3751 pecunia
1409 3681 1473 3736 mul·

412 3784 496 3851 tavit,
517 3803 554 3840 ex
578 3801 636 3858 quc
658 3782 818 3840 multaticio
848 3802 905 3841 tere
934 3783 1058 3840 Veneris
1085 3783 1191 3851 adem
1220 3800 1285 3855 quae
1308 3802 1402 3860 prope
1425 3785 1475 3841 eir-

413 3903 478 3949 cum
502 3893 555 3956 est,
576 3885 739 3944 faciendam
763 3889 886 3946 muravit.

364 3996 399 4051 10
496 3991 659 4065 Supersunt
687 3992 774 4049 etiarn
803 4009 880 4048 nunc
911 3991 1086 4050 Samnitium
1118 3989 1214 4059 bella,
1250 4010 1316 4066 quse
1345 3994 1474 4049 continua

412 4111 465 4169 per
486 4102 620 4167 quartum
636 4095 695 4153 iam
710 4096 846 4152 volumen
862 4115 1028 4171 annumque
1042 4103 1156 4154 sextum
1180 4103 1211 4152 et
1225 4095 1475 4172 quadragesimum

412 4214 431 4252 a
450 4198 494 4254 M.
510 4197 640 4268 Valerio,
661 4201 701 4256 A.
719 4197 855 4258 Cornelio
877 4202 1052 4284 consulibus,
1074 4201 1125 4276 qui
1144 4200 1233 4276 primi
1254 4200 1380 4260 Samnio
1401 4222 1477 4260 arma
