3392 5084
548 479 628 529 arser
644 478 695 528 111.
725 477 773 542 (a.
788 477 836 528 ca.
851 474 926 540 451.)
1165 486 1220 540 ¹57

218 642 378 736 infimisque,
399 662 466 720 iura
486 680 632 736 nquasse3
660 662 727 738 plus
749 662 860 737 pollere
880 661 1037 720 multorum
1058 663 1175 738 ingenia
1195 682 1265 722 cou-

217 766 331 840 ciliaque
384 766 547 824 Versarent
581 768 612 826 in
646 767 749 826 animis
787 785 885 825 smum
921 785 1157 844 unamquamque
1192 777 1294 842 rem‚⁴l

217 872 345 945 agitarent
365 872 471 931 deinde
490 873 673 932 sermonibus
693 881 782 948 atque
802 872 832 930 in
855 871 991 941 medium,
1013 873 1083 946 quid
1097 875 1126 931 in
1146 893 1263 950 quaque

216 977 318 1052 reples
339 977 473 1036 minusve
491 988 576 1050 esset,
598 977 772 1038 conferrent.
813 978 876 1036 Eas
897 977 975 1054 leges
989 979 1155 1038 habiturum
1169 989 1294 1057 popu-b

216 1082 264 1139 lum
287 1085 467 1154 Romanum,
503 1101 577 1158 quas
606 1101 765 1142 consensus
792 1082 921 1142 omnium
949 1102 1008 1140 non
1039 1085 1157 1144 iussisse
1187 1087 1264 1146 latas

216 1189 294 1265 nugis
314 1207 406 1264 quam
424 1189 524 1247 tulisse
537 1190 630 1248 videri
644 1198 751 1264 posset.
783 1187 881 1262 Quum
903 1189 941 1246 ad
962 1208 1093 1248 rumores
1114 1192 1295 1257 hominum6

216 1296 245 1350 de
261 1313 437 1370 unoquoque
455 1295 553 1369 legum
583 1295 679 1370 capite
705 1294 801 1352 editos
830 1293 904 1352 satis
932 1303 1069 1353 correcta
1089 1295 1265 1368 viderentur,

216 1397 367 1458 centuriatis
389 1398 514 1457 comitiis
535 1400 635 1458 &cem
656 1400 822 1457 tabularum
843 1399 923 1476 leges
943 1399 1062 1474 perlata
1089 1410 1171 1474 sunt,
1200 1421 1265 1478 qun

215 1523 277 1561 nune
298 1523 427 1579 quoque,
447 1505 478 1560 in
498 1506 555 1562 hoc
575 1505 717 1562 immenso
735 1505 859 1562 alianum
874 1523 962 1580 super
976 1505 1048 1563 alias
1063 1518 1265 1566 acervatarum

214 1610 296 1686 legum
316 1609 445 1680 cumulo,
465 1609 532 1667 fons
554 1610 648 1668 omnis
669 1609 778 1685 publici
797 1610 963 1686 privatique
984 1620 1028 1668 est
1050 1611 1130 1670 iuris.

282 1717 432 1791 Vulgatur
467 1716 571 1772 deinde
602 1735 718 1787 rumor,
753 1715 828 1772 duas
855 1715 956 1774 deesse
986 1716 1119 1786 tabulas,
1161 1717 1294 1792 quibust

215 1822 317 1880 adiectis
347 1822 464 1880 absolvi
492 1840 580 1899 posse
600 1823 681 1880 velut
700 1840 806 1898 corpus
828 1821 923 1878 omnis
946 1822 1073 1881 Romani
1092 1822 1173 1884 iuris.
1218 1825 1266 1882 Ea

215 1929 391 2002 exspectatio,
414 1946 504 2002 quum
525 1927 587 1985 dies
609 1926 792 1985 comitiorum
813 1926 1070 2002 appropinquaret,
1091 1928 1265 1986 desiderium

216 2032 380 2091 decemviros
390 2035 496 2092 iterum
514 2035 632 2091 creandi
652 2033 728 2092 feeit
771 2033 836 2090 Iam
857 2030 949 2106 plebs,
971 2041 1166 2108 praeterquam
1187 2033 1297 2108 quoda

216 2139 349 2195 consulum
377 2156 485 2196 nomen
513 2139 593 2196 haud
620 2155 703 2196 secus
733 2155 820 2212 quam
849 2155 949 2212 regum
981 2155 1089 2213 perosa
1121 2147 1198 2210 erat,
1230 2157 1267 2196 ne

216 2243 384 2300 tribunicium
407 2242 524 2318 quidem
546 2239 708 2314 auxilium,
726 2241 893 2300 cedentibus
914 2242 944 2299 in
964 2243 1059 2301 vicem
1078 2244 1267 2320 appellationi

218 2347 380 2417 decemviris,
403 2351 560 2423 quaerebat.
605 2351 770 2422 Postquam
792 2365 862 2405 vcro
885 2349 1002 2406 comitia
1013 2349 1184 2406 decemviris
1202 2368 1266 2406 cre·
1316 2340 1361 2409 35

219 2453 286 2510 andis
304 2455 335 2512 in
356 2455 465 2512 trinum
485 2455 645 2512 nundinum
667 2453 777 2512 indicta
796 2461 879 2523 sunt,
901 2460 984 2511 tanta
1005 2455 1115 2512 exarsit
1136 2454 1298 2526 ambitio,2

220 2568 244 2614 ut
260 2561 396 2634 primores
419 2578 536 2635 quoquc
557 2558 683 2616 civitatis
705 2556 811 2635 (metu,
835 2558 938 2629 credo,
968 2561 1098 2618 uetanti
1120 2561 1266 2636 possessio

219 2663 329 2738 imperii,
357 2684 454 2723 vacuo
481 2667 519 2724 ab
546 2684 578 2724 se
597 2664 700 2723 relicto
721 2664 803 2734 loco,
832 2665 911 2722 haud
932 2665 1003 2722 satis
1025 2665 1119 2740 dignis
1140 2665 1267 2741 pateret)

221 2781 372 2842 prensarent
400 2771 549 2842 homines,
578 2771 718 2829 honorem
749 2785 864 2828 summa
890 2788 947 2845 ope
972 2789 992 2826 a
1013 2788 1045 2827 se
1065 2771 1268 2846 impugnatum

223 2875 252 2930 ab
270 2895 302 2932 ea
321 2875 416 2952 plebe,
437 2896 503 2934 cum
524 2895 584 2951 qua
605 2878 820 2954 contenderent,
842 2875 1011 2951 suppliciter
1031 2885 1171 2952 petentes.
1207 2872 1299 2955 De-ub

222 2981 294 3039 unse
323 2984 384 3040 iam
412 2983 443 3040 in
470 2983 623 3040 discrimen
652 2983 779 3062 dignitas
806 3000 842 3038 ea
870 2990 955 3039 estate
986 2981 1080 3056 iisque
1110 2981 1269 3040 honoribus

223 3088 280 3144 actis
305 3079 475 3146 stimulabat
495 3090 577 3164 App.
598 3087 764 3172 Claudium.
811 3087 966 3164 Neudros,
994 3094 1091 3155 utrum
1118 3087 1193 3144 inter
1220 3087 1270 3144 de·

223 3176 346 3253 cenvnos
384 3214 423 3254 an
455 3195 531 3252 inter
558 3194 730 3253 candidatos
758 3209 940 3261 numerares3
978 3191 1098 3266 propior
1125 3191 1299 3250 interdnml

223 3303 329 3372 petendo
348 3293 441 3378 qnam
462 3301 590 3376 gerendo
611 3297 795 3373 magistratui
816 3305 889 3356 eret.
926 3285 1084 3354 Criminari
1105 3295 1269 3372 optimates,

224 3407 342 3465 extollere
371 3406 594 3465 candidatorum
625 3403 803 3462 levissimum
835 3419 979 3476 quemque
1011 3400 1270 3476 humillimumque,

225 3509 273 3583 ipse
282 3513 389 3570 medius
401 3512 477 3569 inter
491 3511 670 3580 tribunicios,
691 3507 819 3566 Duillios
828 3506 995 3582 Iciliosque,
1017 3506 1048 3562 in
1058 3505 1124 3564 foro
1136 3506 1269 3576 volitare,
1283 3509 1301 3564 5

224 3631 266 3685 per
281 3616 341 3674 illos
362 3635 395 3673 se
415 3617 496 3691 plebi
516 3616 682 3686 venditare,
704 3615 797 3672 donoc
819 3612 938 3686 collega
959 3628 1090 3686 quoque,
1117 3611 1167 3686 qui
1188 3611 1270 3670 unice

225 3717 256 3775 illi
277 3722 362 3780 dediti
387 3720 506 3779 fuerant
535 3721 573 3778 ed
604 3721 636 3778 id
667 3729 799 3795 ternpus,
833 3717 982 3776 coniecere
1011 3716 1042 3772 in
1068 3734 1133 3774 eum
1162 3716 1271 3787 oculos,

227 3824 359 3898 mirantes,
381 3827 453 3901 qnid
474 3826 531 3884 sibi
553 3826 649 3884 vellet.
696 3828 860 3900 Apparere,
882 3821 953 3880 nihil
973 3821 1078 3880 sinceri
1099 3839 1178 3891 esse;
1200 3826 1302 3896 pro-6

227 3926 289 4016 lecte
305 3934 382 3992 haud
403 3933 562 4009 gratuitam
578 3932 612 3988 in
632 3929 864 4005 tantesuperbia
875 3928 1040 3986 comitatem
1051 3926 1128 3995 fore;
1150 3907 1270 3986 nimium

228 4033 387 4117 ipordinem
408 4039 558 4114 seipsum
579 4055 685 4113 cogere
706 4044 735 4093 et
756 4035 956 4110 vulgaricum
977 4033 1100 4109 privetis
1126 4053 1185 4091 non
1210 4043 1271 4090 tem

229 4145 389 4216 properantis
419 4145 501 4204 abire
534 4144 705 4220 magistratu
742 4160 829 4216 quam
866 4141 945 4199 viam
980 4139 1018 4197 ad
1045 4137 1269 4197 continuandum

231 4248 408 4326 magistratum
430 4250 584 4326 quaerentis
608 4266 681 4307 essa.
729 4245 890 4321 Propalam
918 4245 1036 4304 obviem
1057 4243 1099 4300 ire
1121 4240 1319 4318 cupiditati?v
