3392 5084
532 548 673 610 sturm
710 558 747 621 (a
770 557 901 620 cunr.)
1146 559 1200 616 1³7

207 741 310 810 decora,
331 739 515 813 affirmabat,
535 760 629 818 neque
649 743 679 800 in
700 742 836 816 Quinctia
857 753 942 819 geute
962 761 1056 817 neque
1078 743 1108 800 iu
1130 741 1276 800 civitates

206 847 324 904 Romsua
342 858 455 905 tantam
476 849 602 907 indolem
618 860 679 907 tam
692 860 814 906 matura
823 848 938 906 virtutis
948 867 1075 923 uuquam
1087 849 1245 918 exstitiss03

205 970 273 1007 suum
298 954 423 1028 primam
452 930 572 1012 militem
600 955 705 1025 fuisse,
736 974 768 1013 se
795 973 872 1030 saepe
899 954 1015 1010 vidente
1040 973 1187 1030 pugnasse
1215 955 1245 1012 in

206 1060 309 1114 hostem.
353 1058 405 1135 Sp.
423 1061 539 1130 Furius,
560 1062 680 1119 missum
700 1064 738 1120 ab
760 1060 896 1136 Quinctio
919 1057 1083 1135 Capitolino
1105 1062 1159 1119 sibi
1181 1062 1277 1120 euml

205 1164 338 1222 indubiis
364 1167 426 1222 suis
451 1169 539 1225 rebus
566 1170 680 1226 venisse
708 1168 853 1236 subsidi03
882 1166 1025 1224 nemiuem
1048 1157 1156 1224 'uuum
1174 1186 1245 1239 esse,

205 1271 270 1326 cuius
291 1271 386 1346 magis
407 1291 499 1347 opera
519 1284 602 1348 putet
620 1293 682 1331 rem
703 1274 875 1331 restitutam.
918 1273 952 1332 L.
964 1273 1124 1342 Lucretius,
1146 1273 1277 1332 consul5

205 1377 259 1434 anui
277 1379 391 1453 prioris,
412 1380 521 1436 recenti
541 1380 637 1454 gloria
656 1381 758 1451 nitens,
782 1398 851 1436 suas
870 1379 971 1436 laudes
991 1379 1165 1455 participare
1180 1399 1244 1437 cum

205 1482 321 1553 Cascae,
351 1502 516 1541 memorare
541 1503 670 1561 pugnae,
698 1485 807 1544 referre
833 1485 950 1561 egregia
971 1484 1102 1542 facinora
1120 1486 1245 1542 nuncin

205 1589 435 1664 expeditionibus,
461 1609 537 1648 nuuc
564 1591 594 1648 in
627 1592 704 1662 acie3
731 1592 855 1648 suadere
886 1600 915 1648 et
947 1609 1078 1661 monere,
1112 1591 1276 1648 iuvenemd

204 1696 348 1770 egregium,
392 1696 564 1753 instructum
608 1707 721 1754 nature
763 1698 943 1772 fortuneque
986 1698 1117 1754 omnibus
1152 1697 1245 1762 bonis,

204 1803 343 1860 maximum
374 1813 553 1860 momentum
584 1821 680 1859 rerum
716 1802 778 1859 eius
806 1801 953 1872 civitatis,
984 1803 1014 1860 in
1044 1821 1245 1877 quamcunque

204 1909 325 1978 venisset,
361 1928 449 1967 snum
484 1928 570 1984 quarn
596 1908 730 1966 alienum
761 1908 881 1966 mallent
910 1909 1002 1966 civem
1035 1927 1106 1966 esse.
1159 1909 1275 1982 Quodl

205 2012 314 2071 offendet
334 2017 366 2072 in
390 2034 435 2086 eo,
456 2015 600 2072 fervorem
622 2026 652 2072 et
666 2015 828 2084 andaciam,
850 2022 963 2072 aetetcm
976 2015 1104 2089 quotidie
1119 2015 1245 2086 aulemc3

183 2160 184 2165 κ
205 2122 267 2192 quod
279 2122 469 2191 desideretur,
490 2121 651 2194 consilium,
672 2123 702 2179 id
723 2122 753 2178 in
768 2122 829 2178 dies
845 2139 982 2179 crescere.
1026 2121 1246 2198 Senesceutibus

204 2227 279 2297 vitiis,
305 2237 521 2286 maturescente
542 2227 662 2297 virtute,
690 2228 817 2284 sinerent
837 2235 948 2284 tantum
969 2227 1064 2285 virum
1092 2243 1189 2282 senem
1216 2227 1245 2281 in

204 2332 302 2390 civitate
329 2334 405 2391 fieri.
452 2334 543 2390 Pater
567 2333 643 2390 inter
672 2335 726 2390 hos
754 2336 789 2393 L.
812 2333 979 2407 Quinctius,
1008 2332 1054 2391 oui
1070 2326 1278 2389 cincinnatos

205 2455 345 2510 cognomen
367 2449 448 2509 erat,
476 2459 536 2496 non
556 2439 689 2498 iterando
710 2441 824 2509 laudes,
855 2457 892 2496 ne
919 2440 1077 2497 cumularet
1098 2438 1245 2509 invidiam,

206 2543 244 2598 sed
262 2544 375 2601 veniam
399 2545 491 2602 errori
512 2554 600 2620 atque
620 2545 821 2624 adolescentia
844 2545 985 2620 petendo,
1011 2545 1081 2616 sibi,
1111 2545 1160 2619 qui
1187 2561 1245 2600 nou

205 2646 274 2716 dicto,
292 2668 351 2706 non
374 2649 454 2708 facto
477 2669 651 2726 quemquam
673 2650 855 2723 offendisset,
873 2659 908 2708 'ut
928 2651 1125 2708 condonarent
1147 2651 1245 2720 filium,

207 2755 313 2812 nnbat„
345 2756 409 2815 Sed
430 2758 481 2814 alii
502 2759 713 2816 aversabantur
725 2775 826 2833 preces
840 2765 891 2813 aut
903 2755 1078 2813 verecundia
1093 2759 1275 2826 eutmetu39

209 2858 254 2930 atii,
276 2881 307 2919 se
326 2881 459 2938 suosque
478 2865 619 2921 mulcatos
641 2874 806 2940 querentes,
836 2863 928 2920 atroci
946 2879 1085 2936 responso
1109 2863 1246 2920 iudicium

208 2981 271 3023 sunm
289 2969 494 3043 preferebant.
542 2971 704 3028 Premebat
718 2987 800 3026 reum
821 2979 926 3044 prater
941 2969 1089 3042 vulgatam
1107 2968 1244 3026 invidiam
1300 2964 1340 3033 13

207 3071 293 3129 crimen
312 3093 415 3145 uuum,
438 3076 516 3149 quod
527 3077 569 3133 M.
582 3076 718 3133 Volscius
729 3076 837 3145 Fictor,
860 3075 909 3149 qui
931 3083 998 3131 tute
1019 3074 1130 3149 aliquot
1154 3091 1245 3130 annos

206 3176 316 3236 tiburim
337 3181 438 3256 plebis
453 3179 564 3251 inerat,
593 3183 674 3239 testis
703 3182 867 3252 exstiterat,
897 3199 928 3238 se
953 3181 1032 3238 haud
1059 3179 1148 3236 multo
1170 3181 1275 3253 post,2

207 3298 277 3353 quam
296 3286 462 3361 pestilentia
482 3287 512 3343 iu
533 3289 605 3344 urbe
626 3287 736 3356 fuerat,
763 3288 792 3344 in
812 3288 990 3344 iuventutem
1014 3295 1193 3360 grassantem
1216 3283 1245 3339 iu

206 3384 303 3447 Subura
328 3392 475 3453 incidisse.
526 3393 572 3449 Ibi
600 3393 694 3450 rixam
725 3405 822 3452 natam
856 3412 919 3452 esse
952 3393 1128 3466 fratremque
1162 3409 1245 3446 suum

206 3494 324 3553 maiorem
343 3507 433 3568 natu,
454 3498 575 3556 necdum
596 3517 635 3556 ex
655 3502 758 3558 morbo
779 3501 849 3557 satis
871 3499 1014 3569 validum,
1036 3517 1133 3575 pugno
1158 3495 1244 3552 ictum

207 3599 235 3654 ab
252 3599 369 3660 Caesone
389 3605 541 3675 cecidisse3
562 3606 759 3663 semianimem
770 3606 845 3663 inter
861 3625 965 3664 manus
977 3607 1093 3663 domum
1107 3603 1246 3671 ablatum,
1259 3612 1277 3668 3

207 3716 391 3785 mensumque
410 3711 479 3768 inde
500 3711 644 3780 arbitrari,
668 3729 721 3769 neo
742 3712 798 3769 sibi
818 3731 880 3769 rem
903 3713 1021 3787 exsequi
1042 3719 1109 3768 tem.
1118 3719 1245 3766 atrocem

207 3826 246 3880 per
263 3817 391 3873 consules
412 3816 593 3891 superiorum
615 3837 755 3875 annorum
776 3818 900 3878 licuisse.
943 3818 1015 3876 Hoec
1034 3814 1155 3874 Volscio
1187 3814 1246 3872 cla·

207 3915 306 3976 mitante
327 3922 401 3978 adeo
421 3923 558 3980 concitati
578 3923 709 3980 homines
729 3932 811 3993 suut,
831 3932 864 3980 nt
884 3923 963 3981 haud
991 3922 1111 3980 multum
1133 3921 1246 3991 afuerit,

208 4021 263 4091 quin
282 4024 389 4102 impetu
422 4027 524 4102 populi
553 4026 638 4085 Caso
667 4028 806 4086 interiret.
842 4024 1017 4102 'Verginius
1052 4028 1141 4103 arripi
1167 4027 1276 4092 iubet4

208 4123 332 4186 honinem
354 4140 382 4188 et
401 4133 433 4189 in
453 4132 570 4190 vincula
591 4134 666 4193 duci.
708 4133 829 4192 Patricii
848 4134 881 4190 vi
901 4144 1002 4191 contra
1022 4134 1081 4192 vim
1102 4134 1246 4190 resistunt

208 4228 239 4287 T·
256 4232 400 4306 Quinctius
421 4238 560 4309 clamitat,
581 4239 628 4296 cui
642 4241 686 4296 rei
706 4239 910 4315 capitalisdiee
925 4239 1003 4297 dicta
1023 4239 1060 4296 sit
1081 4247 1110 4294 ct
1130 4238 1167 4294 dc
1188 4255 1246 4311 quo

209 4331 317 4396 futurum
338 4343 504 4419 propediem
533 4343 685 4413 iudicium,
715 4363 779 4401 sum
808 4345 1004 4402 indemnatum
1029 4343 1138 4400 indicte
1159 4361 1247 4400 ceusu
