3392 5084
473 520 511 579 us
551 492 556 499 ’
721 515 800 565 tiber
817 512 865 565 vt,
902 513 1188 577 (trasna-stt.)

328 752 338 777 ,
382 706 415 761 ll
430 704 575 780 inquirens
598 701 704 773 oculis,
734 699 851 758 ubinam
873 701 980 759 bellum
1001 700 1116 771 fuisset3
1146 701 1220 759 adeo
1241 719 1297 759 uec
1320 709 1420 759 amota
1438 700 1476 757 rei

431 828 553 885 usquam
575 825 627 864 uec
648 807 753 865 oblatae
774 806 812 863 ad
832 816 947 888 tempus
967 807 1119 884 vestigium
1146 809 1237 867 ullum
1266 818 1344 877 erat,
1371 810 1421 865 sed
1439 808 1477 864 ita

430 917 528 975 omnia
549 914 692 973 constanti
713 914 869 989 nanquilla
888 932 971 989 pace,
999 922 1031 970 ut
1052 934 1088 972 eo
1109 916 1160 972 vix
1180 914 1262 974 fama
1283 914 1352 971 belli
1374 914 1478 991 perlata

336 1014 380 1082 26
429 1023 521 1081 videri
541 1030 648 1098 posset.
692 1019 795 1077 Victus
817 1020 906 1095 igitur
925 1020 1066 1096 patientia
1086 1022 1210 1079 hostium
1233 1030 1366 1079 senatum
1387 1041 1477 1079 eorum

429 1130 529 1189 vocari
549 1128 640 1186 iussit.
702 1123 783 1193 ,Soli
813 1125 925 1183 adbnc“
948 1126 1056 1201 iuquit,
1090 1128 1283 1197 ,Tusculaui,
1313 1146 1386 1185 vera
1404 1147 1479 1184 arma

429 1254 573 1310 verasque
593 1234 693 1301 vires,
718 1230 822 1305 quibus
851 1230 888 1287 ab
909 1232 955 1288 ira
972 1233 1170 1290 Romanorum
1192 1242 1293 1293 vestre
1313 1235 1478 1296 tutaremini.

399 1338 588 1403 2invenistis.
648 1338 697 1396 Ite*
726 1338 852 1395 Romam
888 1335 926 1393 ad
967 1346 1115 1408 senatum;
1158 1339 1346 1396 sestimabunt
1383 1349 1477 1415 patres,

325 1465 328 1475 ’
429 1460 524 1507 utrum
535 1447 600 1523 plus
612 1453 678 1503 ante
689 1460 781 1518 poenas
792 1460 829 1499 au
839 1459 914 1498 nunc
925 1442 1017 1498 veniae
1028 1444 1121 1500 meriti
1131 1444 1204 1502 sitis.
1239 1445 1312 1502 Non
1322 1446 1479 1521 pmcipiam

430 1555 554 1633 gratiam
575 1551 682 1629 publici
712 1547 859 1618 beneficii3
889 1548 1061 1624 deprecandi
1091 1559 1264 1625 potestatem
1289 1570 1309 1607 a
1330 1571 1379 1609 me
1398 1553 1481 1609 babu-

430 1660 524 1731 eritis3
546 1658 679 1745 precibus
695 1662 827 1713 eventum
843 1655 948 1712 vestris
962 1663 1088 1723 senatus,
1103 1674 1188 1730 quem
1203 1656 1362 1727 videbitur,
1378 1658 1480 1715 dabit.“

401 1763 592 1840 3Postquam
617 1765 740 1820 Romam
764 1760 923 1818 Tusculani
950 1771 1092 1819 venerunt
1113 1771 1289 1837 senatusque
1308 1764 1402 1839 paulo
1424 1773 1483 1822 aute

429 1873 555 1931 fidelium
576 1870 719 1927 sociorum
743 1878 858 1925 mestus
889 1867 920 1923 in
951 1868 1093 1927 vestibulo
1121 1870 1207 1927 curiae
1234 1877 1280 1926 est
1308 1878 1483 1944 conspectus,

429 1979 501 2037 moti
522 1976 667 2051 extemplo
688 1982 786 2049 patres
807 1974 906 2031 vocari
934 1992 984 2030 eos
1011 1975 1069 2031 iam
1101 1983 1162 2032 tum
1191 1975 1380 2050 hospitaliter
1398 1974 1484 2049 magis

398 2086 517 2160 dquam
540 2082 681 2141 hostiliter
701 2080 818 2138 iussere.
863 2079 999 2137 Dictator
1019 2081 1203 2139 Tusculanus
1224 2080 1269 2137 ita
1290 2082 1388 2137 verba
1407 2080 1484 2138 fecit:

432 2192 562 2265 ,Quibus
584 2188 689 2245 bellum
714 2186 858 2243 indixistis
878 2185 1078 2260 intulistisque,
1098 2196 1197 2261 patres
1220 2187 1392 2262 conscripti,
1419 2187 1485 2244 sicut

429 2318 504 2356 nunc
525 2296 628 2353 videtis
649 2311 703 2351 uos
724 2300 833 2348 stantes
855 2291 885 2347 iu
906 2292 1049 2349 vestibulo
1072 2292 1158 2351 eurise
1177 2301 1291 2363 vestre,
1317 2293 1363 2350 ita
1387 2292 1484 2350 armati

429 2404 582 2481 paratique
604 2399 720 2457 obviam
746 2397 968 2471 imperatoribus
995 2397 1215 2472 legionibusque
1240 2399 1350 2455 vestris
1374 2417 1484 2474 proces

400 2504 527 2567 5simus.
587 2504 644 2563 Hic
666 2501 853 2564 noster,'bic
879 2502 971 2577 plebis
999 2512 1104 2560 uostrae
1132 2503 1248 2561 habitus
1275 2502 1350 2574 fuit,
1381 2505 1486 2579 eritque

429 2631 552 2688 semper,
573 2611 668 2667 nisisi
687 2584 803 2683 spuendo
819 2626 838 2663 a
852 2608 935 2664 vobis
956 2627 1068 2683 proque
1080 2609 1165 2665 vobis
1181 2628 1265 2665 arma
1278 2611 1485 2685 acceperimus.

429 2720 549 2778 Gratias
571 2718 683 2792 agimus
709 2725 738 2771 et
758 2714 878 2770 ducibus
899 2715 1003 2771 vestris
1025 2724 1054 2771 et
1074 2715 1263 2785 exercitibus,
1295 2716 1379 2789 quod
1402 2715 1485 2773 oculis

429 2824 522 2899 magis
544 2840 630 2896 quam
653 2822 770 2879 auribus
792 2819 974 2877 crediderunt
995 2828 1032 2888 et,
1061 2819 1110 2877 ubi
1131 2820 1202 2876 nihil
1222 2822 1331 2878 hostile
1352 2833 1427 2891 erat,
1454 2840 1486 2877 ue

400 2925 485 3007 6ipsi
507 2929 621 3004 quidem
644 2927 780 2985 feceruut.
830 2926 948 2995 Pacem,
970 2944 1056 3000 quam
1076 2944 1130 2982 nos
1151 2927 1356 3001 prestitimus,
1385 2946 1486 2985 cama

430 3037 513 3094 vobis
535 3036 674 3111 petimus;
707 3030 813 3087 bellum
836 3049 881 3100 eo,
903 3031 995 3087 sicubi
1015 3041 1068 3102 est,
1099 3032 1236 3088 avertatis
1257 3052 1430 3109 precamur;
1460 3035 1485 3089 iu

430 3158 483 3196 uos
507 3130 574 3213 qbid
597 3156 679 3194 arma
700 3136 829 3212 polleant
849 3145 963 3207 vestra,
991 3136 1016 3193 si
1036 3137 1172 3212 patiendo
1201 3140 1417 3213 experiundum
1439 3150 1484 3197 est.

430 3246 552 3302 inermes
577 3242 766 3318 experiemur.
824 3243 896 3298 Haec
924 3261 1005 3301 mens
1032 3252 1132 3301 nostra
1153 3252 1211 3314 est,
1247 3244 1288 3300 dii
1309 3244 1484 3303 immortales

401 3350 549 3420 liaciant,
570 3360 628 3406 tam
651 3347 730 3417 felix,
752 3366 838 3421 quam
851 3348 909 3422 pia.
954 3348 1038 3421 Quod
1056 3349 1094 3404 ad
1110 3349 1230 3406 cumina
1246 3350 1361 3416 attinet,
1386 3352 1485 3426 quibus
1523 3385 1525 3388 ψ

431 3457 502 3514 moti
523 3456 628 3512 bellum
650 3453 803 3522 indixistis,
825 3454 879 3510 etsi
899 3455 1008 3513 revicta
1028 3455 1114 3513 rebus
1134 3455 1232 3511 verbis
1253 3456 1411 3514 confutare
1419 3456 1486 3514 nihil

432 3562 547 3626 attinet,
574 3570 682 3624 tamen,
704 3558 816 3615 etiamsi
838 3578 909 3617 vera
930 3561 1003 3629 sint,
1035 3562 1081 3618 vel
1101 3558 1187 3617 fateri
1206 3559 1293 3617 nobis
1315 3580 1367 3631 ea,
1403 3581 1485 3637 quum
1522 3639 1523 3642 Ἴ

378 3687 380 3691 ’
432 3677 490 3723 tam
515 3666 661 3723 evidenter
681 3666 856 3740 paenituerit,
886 3674 978 3721 tutum
1003 3684 1160 3726 censemus.
1210 3667 1356 3724 Peccatur
1375 3669 1407 3725 in
1426 3685 1485 3726 vos.
1522 3685 1523 3722 1

401 3770 499 3831 8durn
521 3771 600 3847 digni
621 3772 691 3841 sitis,
716 3771 819 3845 quibus
842 3770 884 3827 ita
904 3771 1054 3841 satisfiat.“
1099 3773 1226 3829 Tantum
1247 3770 1311 3829 fere
1333 3774 1484 3830 verborum

432 3880 469 3936 ab
491 3877 663 3935 Tusculanis
684 3876 801 3935 lactum.
854 3877 961 3934 Pacem
992 3877 1022 3934 iu
1048 3877 1217 3953 praeseutia,
1245 3896 1301 3935 nec
1327 3878 1371 3935 ita
1399 3878 1484 3934 multo

431 3995 497 4061 post
530 3984 674 4041 civitatem
709 3982 793 4039 etiam
828 3983 1063 4057 impetraverunt.
1119 3984 1169 4041 Ab
1200 3983 1332 4041 Tusculo
1359 3983 1484 4059 legiones

430 4091 562 4148 reductae.
1289 4153 1292 4157 ,

335 4186 377 4254 27
514 4192 663 4262 Camillus,
686 4192 804 4249 consilio
826 4203 856 4250 et
875 4194 981 4251 virtuto
999 4194 1029 4251 iu
1052 4193 1162 4251 Volsco
1182 4194 1270 4264 bello,
1298 4194 1436 4251 felicitate
1455 4194 1482 4249 in

432 4299 599 4400 Tusculana
620 4297 816 4374 expeditione,
847 4299 1000 4374 utrobique
1026 4300 1164 4375 singulari
1183 4300 1324 4358 adversus
1345 4301 1481 4376 collegam
