3392 5084
688 552 765 601 Liber
786 552 806 602 l.
1219 557 1235 611 7

226 734 296 807 pem
317 736 439 811 stirpem
458 737 536 812 apud
557 754 589 793 se
612 736 742 806 educari3
770 756 839 795 uem
867 746 896 795 et
925 736 1074 812 expositos
1102 736 1182 795 iussu
1201 738 1278 813 regis

226 838 342 897 infames
363 841 492 911 sciebat,
521 850 550 899 et
570 851 699 919 tempus,
729 862 787 918 quo
814 822 879 919 ipsc
907 860 957 919 eps
983 843 1161 914 sustulisset,
1189 832 1278 901 adid

227 947 313 1021 ipsum
336 966 516 1025 congruere3
545 949 596 1005 sed
618 968 679 1005 rem
700 948 885 1007 immaturam
920 950 975 1008 nisi
1005 957 1055 1007 eut
1075 970 1128 1027 per
1149 951 1279 1009 occasio-

225 1070 284 1109 nem
305 1062 358 1109 aut
378 1072 433 1128 per
462 1054 663 1112 necessitatem
690 1055 797 1130 aperiri
823 1054 965 1111 uoluerat
1012 1053 1178 1115 Necessitas
1200 1057 1309 1132 priori

226 1159 309 1228 venit3
340 1160 385 1216 itu
406 1170 485 1225 metu
505 1162 642 1219 subactus
663 1160 790 1219 Romulo
810 1180 872 1217 rem
897 1159 1000 1236 sperit.
1047 1163 1137 1219 Forte
1166 1170 1196 1221 et
1215 1164 1279 1221 Nu·

226 1264 324 1335 mitari,
346 1284 437 1339 quum
458 1260 492 1323 in·
513 1267 645 1325 custodia
666 1268 789 1325 Remum
803 1267 924 1325 haberet
944 1266 1129 1342 audissetque
1149 1270 1280 1343 geminos

226 1388 282 1425 esse
301 1369 427 1442 iratres,
449 1358 647 1448 comparando
668 1382 699 1429 et
719 1381 833 1431 atatem
864 1390 963 1430 eorum
993 1381 1022 1429 ct
1048 1372 1141 1448 ipsam
1163 1374 1280 1433 minime

225 1478 350 1535 servilem
373 1478 516 1549 indolem,
539 1481 673 1556 tetigerat
694 1480 822 1537 animum
847 1478 988 1538 memoria
1009 1490 1162 1555 nepotum,
1183 1481 1279 1539 scisci·

226 1583 365 1658 tardoque
387 1585 490 1642 ecdem
510 1586 656 1661 pervenit,
679 1598 710 1643 ut
730 1586 809 1643 haud
830 1586 933 1660 procul
955 1595 1044 1656 esset,
1067 1586 1136 1660 quin
1156 1589 1279 1645 Remum

226 1700 397 1762 agnosceret.
441 1693 488 1749 Ita
516 1693 643 1767 undique
671 1690 734 1766 regi
760 1691 844 1749 dolus
870 1690 1001 1747 nectitur.
1052 1692 1193 1751 Romulus
1221 1705 1308 1758 nonu

226 1810 282 1849 cum
302 1795 393 1869 globo
414 1796 551 1853 iuvenum
574 1798 641 1870 (uec
665 1797 741 1853 enim
761 1806 825 1853 erat
848 1796 886 1853 ad
908 1806 1037 1872 apertam
1060 1797 1118 1855 vim
1140 1799 1206 1873 par)
1228 1800 1279 1857 sed

227 1899 283 1956 aliis
302 1902 360 1959 alio
383 1902 486 1959 itincre
507 1902 591 1959 iussis
613 1912 692 1961 certo
714 1913 844 1979 tempore
864 1903 901 1959 sd
922 1902 1031 1978 regiam
1059 1904 1157 1961 venire
1180 1916 1280 1980 pasto·

227 2006 312 2076 ulans,
343 2009 384 2065 ad
411 2026 510 2082 regem
532 2008 673 2083 impetum
693 2008 777 2081 iacit,
812 2019 843 2066 et
872 2028 890 2065 a
921 2009 1008 2067 domo
1029 2010 1193 2067 Numitoris
1222 2011 1280 2069 alia

227 2124 390 2188 comparata
411 2132 500 2170 manu
522 2114 641 2171 adiuvat
664 2116 782 2173 Remus.
815 2117 865 2173 Ita
881 2133 982 2197 ¹regum
1003 2114 1184 2174 obtruncant.
1215 2117 1280 2175 Nu·
1345 2112 1367 2181 d

228 2218 305 2274 miter
325 2219 403 2276 inter
436 2220 561 2294 primum
588 2220 753 2290 tumultum,
773 2222 872 2278 hostes
893 2220 1034 2277 invasisse
1061 2221 1162 2277 urbem
1193 2230 1280 2295 atque

228 2322 337 2381 adortos
357 2325 470 2399 regiam
484 2326 629 2395 dictitans,
650 2344 738 2400 quum
749 2328 855 2401 pubem
869 2327 1017 2385 Albanam
1038 2326 1068 2383 in
1090 2344 1185 2383 arcem
1206 2344 1279 2399 proe-

230 2430 294 2487 sidio
321 2431 469 2505 armisque
497 2432 684 2491 obtinendam
707 2441 873 2503 avocasset,
899 2442 1054 2510 postquam
1076 2432 1193 2489 iuvenes
1214 2449 1280 2505 per·

230 2547 333 2610 petrsta
354 2538 433 2595 caedc
453 2557 575 2615 pergere
597 2540 634 2597 ad
664 2557 695 2596 se
726 2540 905 2614 gratulantes
935 2538 1023 2610 vidit,
1055 2538 1199 2614 extemplo
1228 2537 1279 2593 ad-

230 2652 324 2700 vocato
350 2644 475 2701 concilio
497 2644 591 2701 scelus
621 2646 652 2703 in
683 2664 715 2703 se
744 2646 860 2716 fratris,
892 2646 1031 2721 originem
1059 2653 1213 2720 nepotum,
1249 2652 1281 2700 ut

230 2750 324 2823 geniti,
344 2759 378 2806 ut
402 2750 534 2820 educati,
564 2760 596 2808 ut
617 2752 724 2827 cogniti
741 2763 852 2822 essent,
882 2753 988 2810 csedem
1011 2752 1145 2825 deinceps
1166 2750 1281 2825 tyranni

232 2872 312 2929 seque
332 2856 393 2913 eius
416 2864 563 2913 auctorem
586 2858 720 2918 ostendit.
753 2860 877 2917 Iuvenes
898 2878 952 2935 per
972 2857 1097 2915 mediam
1119 2848 1310 2916 contionem2

233 2961 336 3034 agmine
356 2961 480 3037 ingressi
502 2980 591 3035 quum
602 2980 690 3021 avum
706 2984 803 3040 regem
825 2966 1008 3034 salutassent,
1030 2972 1130 3022 secuta
1144 2982 1181 3019 ex
1202 2960 1281 3018 omni

233 3066 400 3125 multitudine
421 3068 603 3125 consentiens
635 3087 695 3126 vox
722 3081 818 3128 ratum
847 3089 954 3128 nomen
981 3069 1191 3146 imperiumque
1220 3066 1282 3141 regi

238 3170 322 3229 efficit.

304 3279 349 3334 Ita
370 3276 520 3334 Numitori
544 3276 662 3334 Albana
682 3297 714 3335 re
735 3281 893 3354 permissa,
920 3280 1076 3341 Romulum
1100 3280 1310 3351 Remumqued

234 3384 325 3457 cupido
350 3383 427 3459 cepit
447 3381 477 3439 in
508 3383 543 3439 iis
570 3384 656 3453 locis,
685 3384 736 3442 ubi
763 3387 888 3461 expositi
918 3387 1023 3461 ubique
1052 3383 1165 3441 educati
1189 3394 1280 3455 erant,

237 3489 303 3545 urbis
328 3488 493 3547 condendas.
534 3489 574 3546 Et
601 3500 751 3564 supererat
779 3492 930 3549 multitudo
953 3490 1135 3549 Albanorum
1160 3489 1281 3549 Latino·

237 3610 358 3668 mmquc3
380 3594 419 3651 ad
440 3594 471 3651 id
493 3604 626 3670 pastores
648 3614 763 3670 quoque
787 3606 983 3666 accesserant,
1005 3595 1054 3671 qui
1076 3614 1175 3653 omnes
1195 3595 1281 3653 facile

237 3716 303 3773 spem
328 3700 472 3770 facerent,
509 3718 632 3775 parvam
663 3702 787 3772 Albam,
816 3722 939 3777 parvum
970 3701 1123 3759 Lavinium
1157 3720 1218 3777 proe
1246 3720 1281 3757 ea

238 3808 312 3876 urbe,
332 3826 396 3882 quae
420 3807 611 3876 conderetur,
632 3804 703 3867 iore.
751 3808 909 3866 Intervenit
933 3807 1035 3865 deinde
1062 3807 1106 3863 his
1128 3807 1311 3881 cogitatio-4

237 3913 308 3969 uibus
330 3914 440 3971 avitum
471 3911 594 3981 malum,
623 3913 705 3986 regni
726 3914 845 3988 cupido,
872 3925 959 3987 atque
988 3913 1056 3970 inde
1081 3912 1199 3969 foedum
1220 3930 1281 3969 cer-

239 4026 483 4088 tameu,1coortum
505 4037 524 4073 a
547 4016 619 4073 satis
641 4018 705 4074 miti
718 4018 867 4094 principio.
896 4017 1040 4091 Quoniam
1061 4018 1168 4092 gemini
1188 4029 1283 4076 essent

239 4139 283 4179 uec
299 4126 388 4182 statis
408 4122 584 4180 verecundia
603 4123 758 4182 discrimen
779 4104 877 4182 iacere
897 4134 1013 4201 posset,
1035 4133 1067 4181 ut
1089 4123 1137 4194 dii,
1159 4144 1281 4198 quorum

239 4227 321 4285 tulela
348 4248 383 4287 ca
415 4228 483 4285 loca
509 4236 619 4298 essent,
657 4229 786 4303 auguriis
812 4229 957 4303 legerent,
991 4229 1040 4303 qui
1069 4248 1173 4288 nomen
1199 4250 1282 4287 novae

240 4333 294 4391 uti
315 4335 409 4406 daret,
433 4334 485 4409 qni
506 4333 652 4391 conditam
672 4334 794 4409 imperio
811 4343 942 4409 regeret,
964 4334 1111 4393 Palatium
1132 4337 1282 4409 Romulus,
