3392 5084
496 530 554 587 rm
744 526 825 578 Liber
840 525 877 576 11.
896 525 944 589 (r.
963 541 988 576 u.
1006 539 1031 580 ο.
1050 527 1212 591 rra-rra)

431 729 553 770 ‘omnes
573 711 710 770 finitimos
730 711 826 788 subigi
846 711 971 788 populos
991 729 1086 788 posse.
1130 712 1217 770 Fabii
1236 723 1354 790 postera
1367 713 1416 772 die
1428 733 1495 772 arna

421 818 585 896 beapiunt3
606 836 665 894 quo
685 818 755 877 inssi
773 827 871 889 eraut,
893 817 1075 876 conveniunt.
1124 817 1233 878 Consul
1252 819 1408 895 paludatus
1428 838 1494 894 egre-

452 926 533 984 diens
553 925 584 982 iu
603 924 747 983 vestibulo
769 931 883 1005 gentem
908 943 1021 982 omnem
1045 943 1128 983 suam
1143 925 1283 984 instructo
1293 925 1410 1001 agmine
1419 926 1495 994 videt;

451 1040 588 1108 acceptus
614 1031 645 1088 in
671 1029 798 1088 medium
825 1029 910 1106 signe
939 1029 1010 1088 ferri
1035 1031 1124 1101 iubet.
1176 1033 1335 1107 Nunquam
1369 1031 1495 1088 exercitus

452 1156 546 1213 neque
565 1137 660 1194 minor
678 1155 800 1195 numero
821 1155 916 1212 neque
937 1135 1044 1194 clarior
1065 1137 1146 1195 fama
1166 1146 1196 1193 et
1217 1137 1409 1195 admiratione
1419 1137 1495 1194 homi·
1519 1161 1520 1186 r

420 1246 520 1300 tuum
541 1261 595 1318 per
615 1242 716 1300 urbem
729 1241 856 1302 incessit.
889 1242 949 1302 Sex
963 1250 993 1300 et
1002 1243 1123 1300 trecenti
1137 1241 1250 1312 milites,
1272 1261 1373 1301 omues
1388 1243 1496 1319 patricii,

451 1367 551 1406 ornnes
572 1349 657 1406 unius
680 1347 788 1422 gentis,
810 1365 932 1423 quorum
954 1348 1096 1406 neminem
1120 1349 1222 1406 ducem
1242 1367 1409 1425 sperneres,
1430 1367 1495 1424 egre·
1519 1375 1520 1409 3

451 1456 516 1532 gius
536 1455 712 1530 quibuslibet
724 1454 904 1530 temporibus
915 1462 1041 1525 senatus,
1062 1453 1154 1525 ibant,
1175 1455 1259 1512 unius
1270 1455 1391 1512 familiar
1402 1455 1496 1512 viribus
1519 1483 1520 1514 ÷

421 1560 568 1618 5Veienti
588 1561 698 1636 populo
718 1570 828 1636 pestem
849 1559 1024 1618 minitantes.
1071 1559 1253 1634 Sequebatur
1273 1563 1372 1632 turba,
1393 1561 1495 1637 propria
1519 1601 1520 1621 2

451 1668 510 1725 alia
536 1677 725 1742 cognatorum
754 1667 969 1742 sodaliumque,
998 1666 1071 1724 nihil
1095 1666 1237 1736 medium,
1266 1686 1320 1725 nec
1351 1686 1433 1745 spem
1455 1686 1495 1724 uec
1519 1697 1520 1729 1

451 1791 565 1843 curam,
595 1773 645 1830 sed
666 1773 808 1830 immensa
834 1773 932 1830 omnia
961 1773 1140 1830 volventium
1166 1761 1278 1844 animo',
1308 1773 1382 1831 alia»
1396 1773 1520 1850 publica}

420 1881 438 1936 6
451 1879 641 1937 sollicitudine
662 1880 797 1949 excitate,
817 1878 921 1937 favore
935 1888 964 1936 et
977 1879 1169 1937 admiratione
1180 1887 1306 1954 stupens.
1351 1879 1402 1936 Ire
1412 1878 1496 1941 fores.

450 1984 493 2041 ire
513 1984 612 2043 felices
635 1986 748 2057 iubent,
774 1984 896 2060 inceptis
923 1994 1042 2043 eventus
1071 2003 1158 2062 pares
1179 1985 1313 2054 reddere3
1342 1985 1496 2043 consulatus

450 2089 744 2167 indeactriumpbos,
765 2091 864 2149 omnia
883 2091 1004 2167 pramis
1017 2092 1056 2149 ab
1067 2110 1108 2162 se,
1130 2108 1229 2148 omnes
1238 2090 1368 2148 honores
1383 2109 1496 2166 sperare.
1519 2125 1520 2158 f

421 2197 694 2256 lPraetereuntibus
716 2197 891 2274 Capitolium
913 2216 1068 2273 arcemque
1089 2206 1118 2254 et
1139 2195 1198 2254 alia
1218 2195 1346 2271 templa,
1374 2194 1498 2271 quicquid

449 2304 569 2361 deorum
593 2306 698 2375 oculis,
729 2305 865 2380 quicquid
887 2303 984 2360 animo
1014 2303 1152 2374 occurrit,
1182 2291 1354 2378 precantur,
1381 2313 1415 2360 nt
1439 2301 1520 2372 illud

449 2428 554 2486 agmen
574 2409 702 2469 faustum
725 2420 813 2485 atque
832 2409 905 2468 felix
925 2409 1052 2480 mittant,
1079 2407 1208 2485 sospitesv
1228 2407 1311 2465 brevi
1331 2408 1363 2466 in
1383 2408 1495 2484 patriam

421 2516 489 2573 8ed
508 2527 643 2592 parentes
663 2517 824 2574 restituant.
872 2517 1021 2574 Incassum
1045 2515 1139 2572 missae
1160 2531 1269 2590 preces.
1316 2513 1430 2572 infelici
1449 2514 1520 2585 via„

449 2620 553 2678 dextro
573 2623 642 2679 iano
663 2633 755 2700 porta
775 2622 984 2691 Carmentalis,
1006 2621 1129 2697 profecti
1152 2621 1189 2680 ad
1212 2619 1382 2679 Cremeram
1403 2622 1495 2678 flamm
1519 2659 1520 2694 ,

447 2729 644 2801 perveniunt
671 2731 702 2787 Is
724 2739 904 2805 opportunus
924 2727 1004 2784 visus
1025 2727 1107 2786 locus
1128 2726 1349 2786 communiendo
1364 2724 1495 2802 prasidio.
1519 2767 1520 2802 3

300 2911 305 2922 ι
417 2834 435 2889 9
531 2835 567 2894 L.
577 2837 715 2894 AEmilius
738 2835 805 2893 inde
826 2845 855 2891 et
870 2833 902 2893 Ο.
914 2835 1053 2894 Servilius
1075 2835 1207 2892 eonsules
1231 2831 1310 2892 iacti.
1355 2833 1397 2891 Et
1417 2833 1520 2906 donec,

253 2919 288 3038 ἓ
297 2934 361 3039 {3¹1⁰
366 2918 436 3034 4²7⁷?
448 2941 519 2999 nihil
539 2943 617 3000 aliud
639 2961 726 3018 quam
747 2943 777 3000 in
798 2941 1033 3018 populationibus
1054 2959 1101 2998 res
1123 2941 1187 3010 fuit,
1207 2957 1266 2996 non
1288 2937 1327 2994 a'd
1338 2938 1494 3012 presidium
1519 2980 1520 3014 ,

447 3049 536 3106 modo
557 3049 708 3106 tutandum
720 3049 807 3107 Fabii
827 3048 900 3106 satis
921 3055 1012 3117 erant,
1034 3046 1085 3104 sed
1097 3053 1160 3103 tota
1172 3043 1298 3120 regione,
1321 3061 1382 3118 qua
1392 3045 1496 3102 Tuscus
1519 3065 1520 3076 ¹

448 3165 521 3231 eger
526 3157 662 3215 Romano
673 3155 796 3226 adiacet,
816 3173 871 3212 sua
884 3162 947 3210 tuta
962 3153 1069 3224 omnia,
1089 3151 1196 3209 infesta
1205 3149 1342 3221 hostium,
1364 3157 1496 3226 vagantes

397 3266 434 3322 td
445 3281 500 3339 per
519 3272 672 3337 utrumque
692 3264 788 3330 finem,
808 3260 912 3319 fecere.
955 3257 1143 3317 Intervallum
1159 3256 1262 3330 deiude
1275 3255 1354 3313 haud
1367 3273 1495 3332 magnum

445 3370 681 3447 populationibus
701 3367 765 3439 fuit,
787 3367 856 3423 dum
868 3375 896 3422 et
906 3333 1054 3435 Veientes,
1076 3364 1168 3422 accito
1180 3382 1217 3420 ex
1228 3361 1348 3421 Etruria
1368 3362 1497 3430 exercitu,

445 3450 610 3553 presidium
631 3475 775 3536 Cremerae
804 3481 990 3548 oppugnant,
1023 3479 1052 3528 et
1080 3471 1220 3528 Romana
1248 3467 1380 3542 legiones
1409 3469 1446 3526 ab
1467 3467 1495 3524 L.

445 3582 568 3639 AEmilio
590 3581 708 3640 consule
727 3580 858 3637 adductae
880 3577 1010 3634 cominus
1030 3595 1096 3633 cum
1117 3574 1247 3634 Etruscis
1268 3573 1409 3631 dimicant
1430 3572 1496 3636 scie3

398 3690 429 3744 11
446 3689 611 3762 quanquam
635 3687 686 3744 rix
707 3684 848 3761 dirigendi
871 3683 961 3740 aciem
985 3682 1113 3758 'spatium
1135 3679 1307 3738 Veientibus
1333 3677 1402 3748 tuin
1430 3677 1495 3736 adeo

445 3792 519 3849 inter
538 3793 661 3868 primam
683 3792 920 3869 trepidationem,
942 3790 1010 3847 dum
1030 3797 1099 3864 post
1119 3787 1203 3862 signa
1224 3786 1339 3842 ordines
1358 3784 1496 3842 introeunt

444 3898 631 3975 subsidiaque
651 3899 765 3969 locant,
787 3898 903 3956 invecta
925 3897 1020 3954 subito
1043 3897 1080 3952 ab
1103 3894 1195 3950 latere
1215 3893 1351 3949 Romana
1373 3890 1494 3966 equitum

445 4005 493 4061 ala
515 4025 573 4062 uon
584 4023 688 4080 pugnae
699 4005 787 4061 modo
797 4002 975 4078 incipienda,
997 4002 1048 4058 sed
1070 3998 1244 4058 consistendi
1268 3996 1377 4054 ademit
1396 3996 1495 4053 locum.

397 4112 432 4168 12
445 4114 492 4170 Ita
518 4111 575 4170 fusi
602 4122 681 4170 retro
711 4111 749 4167 ad
778 4128 851 4166 saxa
877 4110 967 4166 rubra
996 4107 1048 4184 (ibi
1075 4114 1172 4163 castra
1194 4101 1372 4177 habebant),
1398 4117 1493 4178 pacem

445 4218 588 4294 supplices
608 4226 718 4293 petunt.
764 4213 854 4274 Cuius
874 4215 1050 4289 impetratas,
1078 4212 1116 4268 ab
1142 4209 1230 4267 insita
1250 4208 1353 4266 animis
1374 4207 1494 4272 lavian,

445 4333 519 4379 ante·
533 4324 685 4380 deductum
708 4321 845 4379 Cremera
868 4323 1032 4379 Romanum
1056 4315 1220 4394 praesidium
1242 4313 1380 4390 paenituit.
