3392 5084
563 502 640 554 Liber
653 502 687 554 V.
725 503 774 567 (A.
787 501 835 554 ch.
850 503 925 566 soe.)
1173 508 1233 566 268

207 684 408 758 magistratus,
438 703 497 742 non
524 685 617 760 leges,
649 705 707 744 non
730 704 839 744 morem
868 686 1027 758 maiorum,
1055 706 1115 745 non
1142 688 1274 748 instituta

206 798 324 862 patrum,
348 808 412 848 non
432 790 613 865 disciplinam
635 791 730 848 vereri
751 789 887 848 militias-‘⁴

280 895 346 952 Par
368 891 430 952 iam
453 895 540 954 etiam
559 897 591 954 in
612 895 794 956 cordonibus
809 906 872 954 crat
896 894 1012 972 Appius
1028 895 1149 955 tubunis
1170 897 1272 974 plebis,

206 1017 285 1072 quum
316 998 435 1070 subito,
467 1000 544 1058 unde
572 1000 689 1060 minime
711 1000 775 1074 quis
797 1003 942 1070 crederet,
970 1009 1093 1076 accepta
1120 1001 1272 1062 calamites

205 1104 274 1177 apud
298 1105 396 1164 Veios
427 1115 456 1162 et
479 1105 657 1180 superiorem
688 1105 819 1181 Appium
846 1106 879 1162 in
907 1123 997 1164 causa
1026 1115 1055 1163 et
1085 1109 1272 1168 concordiem

204 1210 334 1266 ordinum
358 1211 500 1268 maiorem
524 1211 716 1284 ardoremque
738 1211 776 1268 ad
798 1209 975 1270 obsidendos
989 1211 1163 1286 pertinacius
1180 1213 1271 1272 Veios

203 1313 270 1371 fecit
318 1315 403 1372 Nem
418 1333 507 1388 quum
529 1333 620 1390 agger
639 1325 791 1391 promotus
812 1317 849 1374 ad
872 1317 973 1374 urbem
994 1315 1144 1401 vineaeque
1158 1322 1301 1377 tentum2

204 1419 339 1476 uoniam
365 1418 501 1479 iniunctae
523 1419 664 1478 moenibus
687 1431 797 1492 esseut,
825 1421 895 1478 dum
925 1439 1017 1496 opera
1043 1420 1168 1478 interdiu
1198 1423 1273 1480 fiunt

202 1522 335 1580 intentius
351 1541 440 1597 quam
452 1533 542 1582 nocte
565 1525 774 1594 custodiuntur,
795 1525 945 1601 patefacta
968 1533 1088 1602 repente
1108 1536 1205 1601 porta,
1226 1527 1270 1584 in·

202 1645 264 1700 gens
286 1627 458 1698 multitudo,
479 1625 594 1686 facibus
616 1629 742 1710 manime
765 1639 888 1701 armata,
909 1631 993 1706 ignes
1013 1629 1152 1700 coniecit,
1176 1631 1300 1695 burm-3

203 1749 251 1804 que
272 1727 428 1792 momento
458 1732 543 1792 simul
570 1751 708 1808 aggerem
729 1753 765 1792 ae
785 1733 904 1804 vineas,
932 1744 992 1792 tam
1019 1734 1101 1810 longi
1130 1736 1270 1810 temporis

202 1855 283 1910 opus,
315 1837 483 1898 incendium
512 1838 622 1907 hausit3
653 1837 793 1912 multique
822 1838 865 1896 ibi
892 1840 1042 1906 mortales,
1074 1840 1270 1916 nequicquam

202 1960 280 2016 opem
305 1941 445 2014 ferentes,
463 1922 553 2000 'ferro
575 1943 693 2018 ignique
724 1944 871 2018 absumpti
891 1952 967 2000 sunt.
1017 1944 1104 2018 Quod
1135 1945 1185 2003 ubi
1206 1947 1300 2010 ΒΜ

200 2065 269 2104 mam
288 2059 335 2106 est
357 2045 530 2118 nuntiatum,
552 2047 714 2126 maestitiam
729 2049 873 2120 omnibus,
894 2050 1010 2107 senatui
1030 2068 1129 2108 curam
1145 2058 1269 2110 metum-

201 2171 251 2225 que
271 2153 383 2225 iniecit,
412 2161 533 2212 netum
556 2171 626 2210 vero
648 2153 782 2210 sustineri
811 2171 865 2210 nec
889 2154 920 2210 in
946 2152 1141 2211 urbeseditio
1164 2152 1269 2209 necin

201 2260 300 2316 cestris
322 2268 439 2336 posset,
462 2268 491 2314 et
512 2257 619 2316 tribuni
634 2257 733 2333 plebis
754 2258 835 2317 velut
858 2259 896 2316 ab
920 2276 953 2315 se
975 2258 1059 2315 victa
1081 2257 1125 2315 rei
1145 2257 1268 2332 publica

201 2363 385 2435 insultarent,
415 2381 504 2437 quum
526 2371 658 2437 repente,
687 2363 792 2437 quibus
813 2381 916 2428 renuis
939 2372 1073 2438 equester
1094 2370 1172 2432 erat,
1201 2361 1298 2436 equi5

202 2469 305 2542 publici
335 2489 396 2527 non
418 2477 502 2526 erant
531 2467 686 2543 assignati,
716 2469 840 2528 concilio
862 2468 943 2544 prius
964 2467 1040 2527 inter
1072 2484 1136 2524 sese
1156 2466 1268 2536 habito,

203 2585 331 2634 senatum
356 2577 481 2643 adeunt,
502 2573 640 2646 iactaque
661 2572 775 2630 dicendi
796 2582 951 2650 potestate,
978 2572 1061 2647 equis
1083 2590 1115 2630 se
1135 2571 1194 2628 suis
1216 2571 1267 2628 sti·

201 2679 305 2752 pendia
326 2679 459 2738 facturos
480 2677 663 2753 promittunt.
712 2676 825 2749 Quibus
848 2696 936 2752 quum
960 2676 1147 2762 amplissimis
1171 2677 1299 2748 verbisq

201 2785 299 2856 gratim
313 2786 353 2842 ab
368 2795 472 2842 senatu
496 2793 569 2840 actes
590 2758 695 2852 essent,
716 2780 856 2856 ianuaque
879 2801 915 2839 ea
935 2781 1032 2840 forum
1054 2790 1143 2856 atque
1165 2782 1267 2838 urbem

201 2891 390 2963 pervasisset,
422 2883 518 2946 subito
549 2889 587 2946 ad
609 2887 717 2946 curiam
741 2904 899 2946 concursus
921 2888 953 2945 fit
981 2887 1088 2961 plebis;
1120 2886 1291 2962 pedestris'l

203 2994 305 3052 ordinis
329 2992 391 3072 [se]
416 2993 498 3050 aiunt
526 3011 601 3050 nuno
621 3001 702 3064 esse,
733 2987 943 3068 operam[que]
966 2991 1155 3066 reipublicae
1180 2998 1264 3048 extra

203 3100 327 3158 ordinem
359 3099 507 3174 polliceri,
535 3116 586 3156 seu
607 3099 699 3156 Veios
728 3116 779 3156 seu
801 3115 860 3172 quo
891 3096 949 3154 alio
980 3097 1085 3154 ducere
1115 3096 1218 3166 reliut;
1240 3096 1266 3152 si

204 3204 289 3262 Veios
311 3205 393 3262 ducti
414 3203 488 3273 sint,
511 3203 773 3277 regenerande,
802 3201 974 3277 priusquam
997 3212 1085 3287 captu
1112 3200 1185 3256 urbe
1209 3202 1265 3256 ho·

202 3310 292 3381 edum,
312 3311 460 3369 redituros
471 3327 543 3366 esse.
587 3309 665 3366 Tum
686 3325 757 3366 vero
782 3307 842 3364 iem
865 3304 1084 3380 superfundenti
1107 3323 1139 3362 se
1159 3305 1296 3393 laetitimg

202 3415 250 3472 vix
269 3421 461 3493 temperatum
484 3424 541 3482 eet3
563 3431 622 3472 non
645 3413 731 3483 euim,
755 3413 829 3472 sieut
852 3413 978 3489 equites,
1011 3411 1080 3468 dato
1110 3411 1264 3486 magistra-

204 3520 276 3578 tibus
298 3520 417 3598 negotio
438 3519 554 3578 laudari
574 3519 658 3589 iussi,
688 3536 782 3592 neque
803 3515 905 3574 autin
927 3515 1036 3572 curiam
1058 3517 1171 3588 vocati,
1200 3517 1265 3592 qui-

203 3625 254 3681 bus
272 3643 444 3701 responsum
460 3625 587 3696 daretur,
609 3634 660 3682 aut
680 3624 778 3682 limine
799 3622 887 3682 turim
906 3621 1111 3679 continebatur
1132 3631 1264 3690 senatum

202 3733 249 3788 sed
279 3752 333 3809 pro
364 3751 396 3789 se
419 3731 542 3806 quisque
571 3749 608 3788 ex
639 3729 788 3806 superiore
818 3727 884 3784 loco
918 3728 957 3784 ud
990 3725 1202 3784 multitudinem
1236 3727 1296 3788 iul)

205 3838 314 3896 comitio
336 3847 461 3896 stantem
477 3855 549 3894 vene
566 3835 757 3910 manibusque
778 3833 943 3908 significare
963 3833 1112 3908 publicam
1125 3832 1265 3904 laetitiam,
1281 3899 1286 3906 .

206 3943 313 4000 beatam
339 3945 440 4002 urbem
470 3945 635 4001 Romanam
668 3950 697 3998 et
727 3939 866 3998 invictam
895 3947 924 3994 et
951 3947 1089 3995 aternam
1118 3937 1169 3994 illa
1195 3956 1264 3996 con·
1282 3950 1316 4004 10

205 4049 298 4126 cordia
319 4048 430 4119 dicere,
452 4049 580 4124 ¹laudare
608 4048 733 4124 equites,
762 4046 884 4144 laudare
911 4045 1035 4120 plebem,
1064 4044 1141 4102 diem
1169 4046 1264 4121 ipsum

206 4152 333 4212 lendibus
356 4153 448 4225 ferre,
477 4156 584 4214 victam
607 4175 670 4214 esse
691 4154 777 4212 fateri
804 4151 970 4212 comitatem
1000 4149 1265 4230 benignitatemque

207 4270 324 4316 senatus.
366 4259 507 4320 Certatim
529 4263 660 4339 patribus
689 4261 826 4338 plebique
857 4279 978 4318 munere
997 4260 1105 4335 gaudio
1126 4259 1264 4331 lacrimo,
1279 4264 1311 4318 ll
