3392 5084
494 467 583 566 ‘cisa
600 515 646 564 1v.
684 513 731 577 (n.
744 511 792 568 cn.
807 513 967 578 seo-oa).
1169 517 1228 574 asc

214 701 368 773 AEquormu
392 699 451 756 iam
478 697 559 756 velut
590 697 795 756 eamversariis
811 698 920 756 *armis
947 708 1119 758 assueverat
1147 699 1300 772 civitas34

214 804 327 862 bavicos
358 804 449 880 legati
481 803 560 862 missi
590 821 680 878 quum
708 777 851 878 responsa
877 804 946 861 inde
975 805 1141 864 retulissent
1172 803 1270 874 dubia,

214 910 304 984 quibus
331 929 388 968 nec
416 918 478 967 tum
501 909 607 966 bellum
625 908 725 984 pareri
746 926 800 966 nec
820 907 987 968 diuturnam
1007 929 1110 986 pacem
1132 909 1203 968 fore·
1217 928 1270 985 ap·

212 1024 331 1090 pareret,
355 1015 533 1072 Tusculanis
554 1013 702 1090 negotium
724 1013 842 1083 datum,
864 1014 1048 1074 adverterent
1069 1017 1201 1088 animos,
1233 1034 1273 1072 nc

213 1119 271 1192 quid
293 1119 364 1178 novi
386 1119 527 1178 tumultus
549 1117 667 1176 Lavicis
688 1127 827 1176 oreretur.

282 1225 332 1282 Ad
360 1225 540 1298 insequentis
562 1219 630 1282 cinni
651 1223 783 1281 tribunos
805 1224 929 1283 rnilitum
950 1225 1095 1284 conmlari
1115 1214 1301 1301 potestate,5

211 1327 271 1384 inito
302 1330 499 1404 magistratu,
533 1329 625 1404 legati
654 1330 692 1386 ab
721 1329 851 1386 Tusculo
878 1339 1033 1401 venerunt,
1070 1331 1105 1392 L.
1135 1329 1269 1406 Sergium
1281 1293 1444 1413 guc'ffls'

212 1433 390 1503 Fidenatem,
422 1435 465 1496 M.
501 1435 652 1510 Papirium
682 1433 893 1520 Mugillanum,
922 1433 957 1494 C.
984 1435 1140 1494 Servilium
1176 1435 1272 1494 Prisci

211 1537 297 1610 filium,
318 1558 383 1614 quc
407 1539 550 1597 dictatore
562 1541 681 1598 Fidenae
703 1549 796 1616 capta
810 1539 935 1598 fueraut.
968 1541 1152 1602 Nuntiabant
1171 1530 1304 1617 legatiti

212 1645 368 1704 lavicanos
391 1662 476 1702 arma
504 1645 615 1720 cepisse
646 1655 675 1703 et
701 1663 767 1704 cum
788 1647 956 1721 AEqucmm
989 1648 1118 1704 exercitu
1140 1647 1270 1723 depopu-

211 1749 275 1807 latos
303 1769 411 1826 agrum
443 1751 640 1808 Tusculanum
671 1760 768 1809 cestra
796 1751 827 1808 in
855 1751 966 1827 Algido
994 1753 1136 1828 posuisse.
1193 1753 1300 1812 Tomi

211 1854 357 1912 lavicanis
380 1855 487 1914 bellum
510 1856 663 1926 indictum
692 1855 830 1932 laetoque
852 1857 1138 1929 senatusconsulto,
1159 1866 1192 1916 ut
1213 1858 1270 1914 duo

212 1979 240 2016 ex
259 1962 383 2020 mannis
407 1962 445 2018 ad
468 1962 573 2020 bellum
595 1961 855 2037 proficiscerentur,
876 1979 952 2018 unus
965 1980 1014 2018 res
1027 1963 1130 2020 Βοωω
1147 1973 1271 2034 curaret,

212 2073 348 2124 certamen
372 2068 469 2124 subito
489 2067 566 2124 inter
586 2068 717 2125 tribunos
739 2076 890 2138 exortum3
912 2085 944 2124 se
956 2066 1270 2142 quisqucbelliducem
1367 2051 1370 2054 ⁴

210 2171 343 2243 potiorem
367 2171 460 2242 ferre,
489 2190 589 2228 curam
611 2172 691 2234 urbis
712 2180 745 2230 ut
765 2173 910 2248 ingratam
931 2172 1147 2248 ignobilemque
1172 2190 1271 2248 asper·

210 2277 272 2333 nari.
314 2277 417 2351 Quum
431 2295 535 2353 parum
551 2278 688 2336 decorum
702 2279 778 2336 inter
788 2278 916 2352 collegas
939 2285 1085 2336 certamen
1107 2276 1303 2337 mirabundiss

210 2389 297 2454 patres
327 2381 548 2458 conspicerent,
578 2383 615 2455 Q.
637 2383 780 2443 Servilius
805 2379 951 2457 ,Quando
980 2400 1034 2439 nec
1056 2380 1166 2440 ordinis
1187 2381 1272 2439 huius

212 2485 278 2542 ulla“
300 2479 401 2562 inquit
423 2507 495 2558 „nec
515 2489 557 2546 rei
579 2489 702 2564 publica
724 2498 768 2548 est
794 2489 984 2560 verecundia,
1012 2488 1109 2564 patria
1135 2488 1272 2545 maiestas

212 2591 423 2650 altercationem
449 2593 534 2650 istam
565 2594 688 2652 dirimet.
735 2595 829 2653 Filius
851 2611 933 2650 mens
961 2603 1045 2651 extra
1072 2601 1181 2650 sortem
1207 2592 1272 2650 urbi

212 2699 324 2769 praeerit.
376 2698 491 2756 Bellum
514 2699 640 2770 utinam,
663 2701 713 2776 qui
734 2707 891 2775 appetunt,
919 2671 1129 2757 consideratius
1150 2715 1272 2757 concor-

213 2803 334 2878 diusque,
359 2822 449 2878 quam
462 2803 588 2880 cupiunt,
611 2809 743 2880 gerant.“
788 2804 941 2861 Uelectnm
951 2805 1054 2862 haberi
1074 2824 1135 2875 nou
1155 2823 1192 2862 ex
1209 2813 1272 2863 toto
1321 2803 1366 2872 46
1467 2848 1478 2868 .

211 2908 309 2980 passim
331 2908 446 2984 populo
467 2909 590 2984 placuit3
620 2910 718 2968 decem
740 2910 832 2968 tribus
855 2915 934 2966 sorte
953 2908 1046 2968 duma
1067 2918 1150 2980 sunt;
1178 2929 1217 2968 ex
1237 2910 1273 2967 iis

212 3014 325 3088 scriptos
354 3013 484 3071 iuniores
513 3003 570 3070 duc
594 3015 701 3072 tribuni
725 3017 761 3073 ad
783 3015 890 3072 bellum
912 3015 1031 3074 duxere.
1075 3015 1180 3090 Coepta
1199 3014 1303 3077 interl

213 3137 254 3174 ecs
273 3121 303 3177 in
325 3122 402 3178 urbe
423 3120 582 3178 certamina
603 3121 761 3196 cupiditate
783 3122 885 3179 eadem
908 3120 1022 3196 imperii
1042 3119 1134 3176 multo
1162 3120 1273 3195 impen-

213 3223 262 3280 sius
279 3225 313 3282 in
335 3225 442 3283 eastris
465 3227 598 3297 accendi3
627 3227 698 3284 nihil
718 3227 824 3285 sentire
845 3227 941 3296 idem,
962 3243 1017 3301 pro
1038 3224 1182 3282 sententia
1201 3244 1275 3301 pug—
1384 3247 1388 3251 ’

213 3347 288 3399 nare3
310 3316 369 3388 sna
390 3331 512 3388 consilia
526 3308 686 3403 vellesne
699 3332 822 3409 imperia
837 3332 901 3388 sola
915 3338 982 3388 rata
992 3347 1070 3399 esse3
1092 3338 1276 3388 contemnere

213 3432 349 3492 invicem
372 3443 401 3492 et
429 3437 589 3507 contemni,
620 3437 713 3494 donec
737 3437 946 3512 castigantibus
969 3434 1073 3510 legatis
1095 3435 1213 3492 tandem
1233 3435 1305 3496 itae

214 3549 409 3616 comparatum
432 3549 485 3612 est,
506 3550 537 3598 ut
561 3541 678 3600 alternis
702 3543 802 3601 diebus
823 3559 970 3599 summam
988 3523 1103 3615 imperii
1122 3541 1273 3598 haberent.

215 3643 278 3717 Qua
299 3665 391 3721 quum
415 3645 505 3704 allata
526 3649 651 3704 Romam
676 3655 785 3716 essent,
813 3646 919 3704 dicitur
944 3647 980 3720 Q.
1005 3645 1163 3716 Servilius,
1189 3651 1306 3707 acuet

215 3758 238 3803 ct
262 3768 317 3808 usu
346 3751 466 3822 doctus,
495 3739 628 3827 precatus
657 3754 694 3810 ab
723 3753 778 3809 diis
806 3750 1033 3822 immortalibus,
1062 3770 1100 3807 ne
1130 3751 1277 3808 discordia
1359 3783 1363 3788 ·

215 3855 388 3934 tribunorum
413 3857 581 3915 damnosior
601 3858 644 3916 rei
668 3857 791 3932 publicae
806 3864 891 3928 esset,
913 3855 1050 3930 quemad
1063 3855 1154 3913 Veios
1164 3855 1276 3925 fuisset,
1353 3914 1356 3927 ι

216 3969 247 4027 et,
267 3963 347 4019 velut
368 3961 448 4020 haud
470 3961 559 4018 dubia
580 3963 664 4019 clade
684 3963 862 4031 imminente,
882 3961 1022 4020 institisse
1033 3961 1104 4032 iilic,
1126 3970 1159 4018 nt
1170 3961 1276 4018 milites

216 4065 347 4124 scriberet
362 4075 391 4124 et
406 4084 489 4124 arma
503 4076 630 4141 pararet.
673 4069 738 4126 Nec
759 4066 852 4125 falsus
872 4074 955 4123 vates
975 4065 1041 4128 fuit.
1085 4067 1165 4124 Nam
1187 4065 1306 4123 ductui
1397 4101 1400 4105 ν

217 4167 244 4226 L.
265 4170 374 4247 Sergii,
403 4172 486 4230 cuins
513 4172 574 4230 dies
602 4173 716 4250 imperii
744 4182 826 4244 erat,
852 4171 918 4229 loco
944 4171 1044 4246 iniquo
1073 4172 1127 4228 sub
1148 4171 1276 4227 hostium

217 4276 320 4348 castris,
342 4295 443 4351 quum,
465 4277 535 4351 quia
556 4277 691 4337 simulato
702 4286 781 4336 metu
797 4284 947 4353 receperat
957 4294 990 4332 se
1000 4277 1091 4334 hostis
1107 4274 1276 4343 advenum,

1493 2797 1512 2834 ιθ
