3392 5084
479 500 517 557 30
899 498 977 548 Liber
1000 498 1021 550 Ι.

407 682 558 758 5perfidia
578 682 732 740 sociorum.
780 684 868 753 Nam,
890 702 927 739 ue
950 701 1004 740 vos
1025 682 1100 741 falsa
1129 680 1227 757 opinio
1249 690 1362 754 teneat,
1383 683 1501 743 iniussu

438 808 502 847 meo
525 788 634 847 Albani
662 789 775 847 subiere
804 790 842 847 ad
865 798 991 859 montes,
1023 808 1075 847 nec
1104 788 1255 863 imperium
1287 790 1358 847 illud
1387 809 1499 859 meum,

439 895 489 953 sed
510 895 660 953 consilium
681 904 710 952 et
729 896 843 971 imperii
864 894 1008 951 simulatio
1029 893 1093 966 fuis,
1114 901 1146 949 ut
1167 896 1333 968 merobis,
1354 897 1498 971 ignoran·
1532 872 1533 875 ¹

438 1001 514 1058 tibus
536 1002 629 1058 deseri
651 1020 714 1072 vos,
736 1009 914 1059 averteretur
935 1020 953 1057 a
975 1000 1130 1058 certamine
1152 1001 1279 1072 animus,
1302 1012 1330 1059 et
1353 1002 1499 1068 hostibus,
1532 1002 1533 1015 ¹

408 1095 638 1165 tcircuniveniri
650 1127 681 1165 se
705 1108 743 1165 ab
764 1116 846 1182 tergo
868 1107 948 1177 ratis,
971 1116 1063 1163 terror
1084 1124 1119 1162 ac
1141 1104 1212 1181 fuga
1225 1107 1399 1165 iniiceretur.
1432 1109 1500 1167 Nec
1532 1118 1533 1189 ¹

439 1233 475 1271 ea
496 1214 590 1289 culpa,
612 1233 698 1289 quam
716 1186 827 1288 ’argum
849 1213 977 1269 omnium
992 1211 1174 1271 Albanorum
1195 1222 1254 1284 ast3
1277 1215 1380 1271 ducem
1404 1214 1499 1271 secuti
1532 1198 1533 1253 3

437 1331 528 1391 sunt,-
544 1329 577 1376 ut
598 1330 717 1389 alvos,
738 1319 763 1377 si
785 1338 842 1395 quo
864 1338 918 1394 ego
939 1318 1006 1375 inde
1032 1336 1136 1393 agmen
1157 1296 1302 1377 declinare
1326 1319 1498 1388 voluissem,

425 1400 586 1483 ¹fecissetis.
623 1426 742 1483 Mettius
762 1425 810 1483 ille
832 1434 876 1483 est
898 1426 999 1483 ductor
1020 1423 1128 1480 itineris
1153 1424 1255 1495 huius,
1275 1425 1396 1483 Mettius
1417 1426 1498 1483 idem

438 1532 523 1590 huius
545 1532 726 1589 machinator
751 1532 832 1603 belli,
864 1531 981 1589 Mettius
1012 1528 1137 1587 foederis
1166 1527 1292 1587 Romani
1326 1530 1497 1606 Albanique

438 1647 549 1714 ruptor.
593 1636 711 1696 Audeat
731 1636 834 1693 deinde
858 1636 929 1693 talia
949 1636 1038 1706 alius,
1068 1634 1123 1691 nisi
1144 1634 1173 1691 in
1199 1636 1276 1691 hunc
1296 1634 1411 1711 insigne
1437 1636 1498 1693 iam

410 1734 641 1801 7documentum
663 1742 832 1799 mortalibus
857 1743 992 1802 dedero.“
1028 1739 1217 1798 Centuriones
1239 1742 1345 1799 armati
1361 1742 1498 1801 Mettium

440 1849 663 1917 circumsistunt3
685 1857 853 1916 rexcetera
875 1856 907 1903 ut
928 1855 1095 1916 manserat,
1114 1846 1243 1921 peragit:
1268 1846 1374 1919 „Quod
1387 1848 1497 1905 bonum

439 1954 566 2013 faustum
587 1954 715 2029 felixque
736 1954 773 2010 sit
794 1952 902 2029 populo
913 1953 1046 2009 Romano
1070 1970 1104 2007 ac
1116 1951 1185 2007 mihi
1202 1951 1354 2027 vobisque,
1376 1954 1497 2023 Albani,

441 2061 580 2136 populum
602 2080 716 2118 omnem
728 2061 875 2117 Albanum
887 2060 1012 2131 Romam
1034 2057 1185 2113 traducere
1205 2058 1234 2113 in
1259 2058 1358 2116 animo
1381 2068 1436 2130 est,
1460 2060 1498 2116 ci·

439 2167 558 2239 vitatem
580 2167 650 2223 dare
670 2167 764 2242 plebi,
791 2165 933 2242 primores
956 2163 985 2220 in
1006 2170 1104 2239 patres
1125 2161 1238 2237 legere,
1266 2182 1354 2222 unam
1385 2165 1497 2233 urbem,
1532 2146 1533 2196 ἦ

438 2292 526 2329 unam
546 2292 606 2330 rem
628 2273 772 2349 publicam
795 2270 906 2341 facere3
933 2277 965 2327 ut
991 2289 1028 2327 ex
1049 2287 1106 2327 uno
1128 2268 1275 2342 quondam
1296 2269 1328 2327 in
1349 2270 1422 2328 duos
1445 2292 1497 2348 po·

409 2379 427 2435 8
439 2378 523 2453 pulos
547 2378 641 2435 divisa
662 2379 782 2437 Albana
802 2394 849 2434 res
872 2384 923 2447 ast,
946 2376 986 2433 sic
1009 2394 1084 2433 nunc
1105 2375 1134 2431 in
1156 2394 1245 2433 unum
1266 2375 1397 2436 redeat.“
1449 2377 1496 2435 Ad

440 2486 502 2542 haec
516 2484 635 2541 Albana
655 2484 756 2558 pubes,
778 2483 895 2540 inermis
907 2484 945 2540 ab
968 2482 1086 2539 armatis
1107 2490 1207 2556 saepta,
1228 2482 1258 2538 in
1280 2478 1371 2541 variis
1393 2484 1496 2542 volum·
1532 2470 1533 2539 i

410 2589 549 2646 9tatibus
571 2589 716 2647 communi
737 2596 835 2645 tamen
854 2598 931 2646 metu
962 2594 1093 2663 cogente,
1123 2586 1265 2646 silentium
1288 2597 1376 2647 tenet.
1419 2592 1496 2648 Tum

442 2694 544 2751 Tullus
574 2694 677 2763 „Metti
706 2692 822 2751 sufem
851 2695 952 2769 inquit,
979 2694 1022 2764 „si
1048 2693 1111 2768 ipse
1143 2693 1253 2753 discere
1282 2712 1384 2771 posses
1410 2697 1496 2755 fidem
1532 2720 1533 2777 l

442 2819 477 2858 ac
497 2799 617 2857 foedera
628 2819 753 2871 servare,
775 2799 843 2856 vivo
865 2800 917 2857 tibi
939 2818 975 2857 ea
996 2798 1146 2874 disciplina
1167 2818 1185 2855 a
1204 2819 1250 2857 me
1266 2802 1496 2871 adhibitaesset3
1532 2790 1533 2875 ¹

441 2925 516 2964 nunc
538 2905 675 2979 quoniam
696 2916 777 2965 tuum
798 2905 959 2963 insanabile
978 2904 1124 2981 ingenium
1145 2914 1214 2983 est,⁴
1232 2914 1263 2963 at
1292 2915 1323 2964 tu
1346 2917 1398 2965 tuo
1429 2926 1496 2984 sup·
1532 2938 1533 2961 t

441 3012 527 3088 plicio
549 3012 621 3069 doce
641 3012 800 3068 humanum
819 3030 909 3087 genus
931 3020 1089 3069 casanola
1110 3013 1235 3083 credere,
1256 3030 1322 3087 quae
1345 3032 1364 3071 a
1384 3023 1413 3071 te
1434 3016 1496 3072 vio·

441 3121 502 3176 lata
516 3183 520 3199 ¹
533 3128 607 3179 sunt.
657 3118 700 3176 Ut
724 3117 812 3192 igitur
840 3117 928 3192 paulo
961 3126 1028 3175 ante
1058 3116 1183 3174 animrun
1218 3118 1294 3176 inter
1326 3120 1495 3179 Fidenatem
1532 3102 1533 3177 l

442 3229 665 3298 Romanamque
685 3242 745 3280 rem
769 3224 923 3300 ancipitem
947 3222 1075 3298 gessisti,
1104 3223 1146 3279 ita
1171 3223 1231 3281 iam
1257 3243 1362 3301 corpus
1388 3228 1496 3303 passim
1532 3202 1533 3246 ¹

394 3338 430 3392 10
444 3330 660 3388 assumendum
684 3329 796 3386 casses
839 3329 954 3387 axina
983 3329 1095 3385 suasus
1119 3330 1244 3387 annom
1271 3330 1438 3407 quadrigis,
1469 3333 1496 3389 in

391 3452 400 3471 ’
445 3453 545 3492 currus
568 3454 665 3493 aarum
698 3418 852 3493 distentum
880 3434 973 3510 illigat
993 3434 1140 3505 Mettium3
1171 3436 1274 3493 deinde
1300 3436 1330 3493 iu
1352 3438 1495 3497 diversum
1532 3416 1533 3505 ¹

334 3528 337 3534 ¹
443 3542 499 3598 iter
519 3540 586 3615 equi
607 3541 758 3611 concitati,
779 3541 907 3599 lacerum
928 3540 957 3597 in
980 3549 1103 3615 utroque
1124 3560 1210 3599 curru
1231 3560 1353 3619 corpus,
1376 3562 1436 3619 qua
1456 3546 1496 3602 in·

396 3655 427 3709 ll
445 3648 588 3703 haeserant
607 3646 729 3703 vinculis
743 3647 883 3717 membra,
904 3640 1062 3721 portantes.
1097 3650 1241 3706 Avertere
1255 3668 1354 3706 omnes
1367 3652 1405 3708 ab
1417 3659 1495 3708 tanta

444 3752 582 3810 foeditate
602 3751 758 3827 spectaculi
778 3751 887 3811 oculos.
930 3752 1060 3836 Primum
1087 3753 1277 3829 ultimumque
1295 3754 1367 3825 illud
1389 3756 1495 3833 suppli·

445 3859 519 3915 cium
542 3858 620 3933 apud
640 3859 790 3915 Romanos
811 3855 936 3931 exempli
959 3876 1060 3932 parum
1084 3860 1218 3917 memoris
1238 3860 1336 3937 legum
1357 3863 1496 3920 humana-

444 3983 508 4021 rum
532 3963 600 4032 fuit3
620 3964 651 4019 in
675 3962 739 4019 aliis
760 3961 879 4036 gloriari
899 3961 981 4035 licet,
1002 3963 1073 4021 nulli
1098 3958 1226 4040 gentium
1248 3967 1377 4031 mitiores
1400 3969 1496 4045 placu-

443 4069 501 4125 isse
521 4084 641 4143 poenas.
1204 4140 1208 4149 Ι

330 4163 396 4233 ,29
527 4174 608 4229 Inter
629 4174 690 4232 haec
711 4173 769 4231 iam
791 4174 931 4249 praemissi
953 4176 1062 4235 Albam
1091 4186 1174 4235 erant
1195 4179 1325 4253 equites,
1356 4180 1407 4253 qui
1429 4180 1495 4239 mnl·
1532 4198 1533 4209 ¹

446 4278 596 4336 titudinem
618 4279 800 4337 traducerent
821 4280 956 4341 Romam.
995 4282 1138 4359 Legiones
1160 4284 1263 4377 deinde
1284 4286 1379 4343 ductae
1399 4288 1438 4345 ad
1458 4286 1496 4345 di·
