3392 5084
539 524 614 574 Liber
631 523 679 574 ΠΙ.
716 527 761 582 (Δ.
782 524 826 574 Cb
841 525 914 583 449.)
1158 527 1212 580 177

218 708 364 790 consulatus
374 709 524 784 populeris
539 709 600 766 sine
614 709 674 766 ulle
688 718 802 784 petrum
817 708 923 766 iniuria
943 725 996 764 nec
1015 707 1078 764 sine
1098 705 1256 764 offensione

218 809 275 881 fuit3
295 812 426 887 quicquid
448 814 523 871 enim
544 815 669 872 libertati
691 815 783 890 plebis
808 823 970 884 caveretur,
990 813 1021 870 id
1041 812 1102 871 suis
1118 812 1285 870 decederet

217 917 306 991 opibus
326 893 490 976 credebant.
538 919 673 979 Omnium
695 922 835 996 primum,
866 937 953 993 quum
980 918 1059 976 velut
1084 917 1115 974 iu
1141 921 1284 976 contro-3

217 1042 288 1080 verso
308 1025 366 1082 iure
388 1035 474 1094 esset,
495 1034 695 1084 tenerenturne
715 1035 813 1101 patres
824 1024 990 1101 plebiscitis,
1009 1023 1101 1098 legem
1114 1023 1255 1081 centurie·
1328 1062 1330 1065 -

216 1128 244 1184 tis
263 1130 378 1187 comitiis
403 1107 504 1202 tulere,
527 1104 567 1202 ut,
589 1131 666 1206 quod
688 1130 814 1188 tributim
837 1130 936 1206 plebes
956 1127 1094 1199 iussisset,
1117 1129 1255 1204 populum

217 1245 325 1306 teneret3
347 1256 406 1310 qua
419 1237 484 1312 lege
494 1236 653 1294 tribuniciis
663 1236 862 1312 rogationibus
873 1235 961 1292 telum
973 1233 1143 1292 acerrimum
1155 1235 1255 1290 datum

217 1349 257 1398 est.
296 1343 394 1400 Aliam
416 1343 519 1400 deinde
541 1343 720 1400 consularem
743 1341 834 1417 legem
851 1341 887 1399 de
903 1340 1119 1417 provocatione,
1141 1339 1286 1399 unicumt

215 1447 362 1520 presidium
383 1448 534 1519 libertatis,
556 1446 739 1506 decemvirali
760 1455 904 1522 potestate
926 1465 1073 1515 eversam,
1094 1463 1152 1502 non
1173 1445 1255 1502 resti·

215 1561 281 1608 luunt
301 1554 397 1624 modo,
419 1554 577 1612 sedetiam
600 1553 629 1610 in
650 1563 798 1629 posterum
820 1553 951 1609 muniunt
973 1551 1127 1610 sanciendo
1149 1571 1254 1609 novem

215 1658 305 1731 legem,
334 1659 460 1734 nequis
485 1660 573 1718 ullum
597 1659 796 1735 magistratum
819 1659 881 1715 sine
903 1658 1109 1733 provocatione
1130 1664 1285 1726 creeret35

216 1763 255 1834 qui
265 1777 404 1836 creasset,
417 1785 482 1823 eum
504 1766 549 1823 ius
570 1765 674 1840 fasque
695 1774 771 1823 esset
792 1764 893 1833 occidi,
914 1783 987 1822 neve
1008 1783 1044 1821 ee
1064 1766 1155 1823 cedes
1177 1764 1255 1840 cepi-

216 1867 267 1924 ulis
283 1889 366 1928 noxae
388 1871 553 1929 haberetur.
598 1873 637 1930 Et
653 1890 738 1946 quum
751 1871 863 1947 plebem
875 1870 941 1928 hine
953 1871 1169 1946 provocatione,
1190 1870 1286 1930 hinet

216 1974 350 2034 tribunicio
374 1977 483 2034 auxilio
513 1978 582 2034 setis
611 1979 788 2047 firmassent,
817 1977 889 2054 ipsis
916 1996 1031 2052 quoque
1057 1976 1196 2047 tribunis,
1225 1985 1257 2034 ut

216 2081 376 2138 sacrosancti
395 2083 569 2155 viderentur,
591 2085 670 2142 cuius
691 2085 732 2142 rei
747 2103 838 2160 prope
853 2084 911 2141 iem
927 2082 1066 2140 memorie
1080 2083 1256 2152 aboleverat,

217 2185 296 2243 relatis
317 2188 490 2262 quibusdam
513 2210 550 2248 ex
571 2209 677 2266 magno
698 2190 851 2272 interpello
878 2190 1046 2248 caerimoniis
1071 2199 1256 2256 renovarunt,

217 2299 239 2345 ct
256 2311 335 2366 quum
360 2294 500 2369 religione
520 2296 675 2353 irlviolstos
697 2313 747 2352 eos
768 2305 827 2353 tum
844 2295 908 2370 lege
922 2295 1008 2352 etiem
1029 2293 1167 2362 iecerunt,
1189 2299 1284 2352 san-7

218 2395 309 2468 ciendo,
334 2408 375 2470 ut,
400 2401 451 2476 qui
472 2401 592 2460 tribunis
614 2402 716 2478 plebis,
741 2401 887 2472 sedilibus,
907 2399 1077 2471 iudicibus,
1087 2399 1255 2456 decemviris
1293 2418 1302 2511 p

219 2488 360 2575 nocuisset,
397 2507 459 2564 eius
487 2518 574 2582 caput
602 2507 668 2564 Iovi
699 2526 812 2565 sacrum
841 2515 931 2576 esset,
964 2504 1076 2562 familie
1102 2505 1140 2561 ed
1166 2505 1255 2562 aedem

219 2603 330 2680 Cereris,
361 2611 460 2684 Liberi
483 2611 653 2686 Liberaeque
674 2632 777 2670 venum
800 2613 863 2670 iret.
908 2613 975 2669 Hac
994 2611 1058 2686 lege
1079 2611 1148 2668 iuris
1169 2611 1287 2672 inter-8

219 2722 295 2783 pretes
316 2725 425 2790 negent
447 2735 622 2791 quemquem
646 2729 861 2776 sacrosanctum
884 2736 966 2786 esse,
995 2717 1060 2787 sed,
1083 2736 1169 2791 quum
1193 2718 1257 2792 quis

222 2834 301 2876 eorum
329 2821 453 2897 cuipiam
480 2823 624 2907 nocuerit,
659 2823 689 2880 id
718 2841 831 2880 sacrum
862 2823 982 2892 sanciri3
1017 2823 1116 2897 itaque
1147 2823 1286 2885 aedileme

222 2926 302 2994 prendi
323 2927 446 3002 ducique
469 2948 487 2984 s
508 2927 666 2986 maioribus
688 2928 922 3003 magistratibus,
944 2929 1021 3002 quod
1043 2929 1097 2986 etsi
1113 2947 1175 2984 nou
1197 2929 1258 2985 iure

221 3028 259 3085 ist
279 3033 386 3105 (noceri
408 3033 483 3090 enim
506 3033 542 3104 ci,
564 3035 610 3090 eui
630 3035 685 3092 bec
705 3036 770 3110 lege
792 3011 849 3090 nori
865 3034 970 3105 liceat),
991 3043 1090 3091 tumen
1106 3052 1256 3108 argumen-

219 3140 265 3190 tum
285 3156 354 3222 esse,
375 3158 434 3196 non
455 3140 556 3198 haberi
578 3159 631 3216 pro
654 3149 840 3197 sacrosancto
862 3139 986 3209 sedilem3
1007 3140 1139 3197 tribunos
1160 3150 1308 3203 vetereto

219 3237 404 3302 iureiurando
432 3245 540 3318 plebis,
574 3263 661 3319 quum
691 3243 815 3320 primum
845 3264 909 3303 eom
938 3254 1110 3320 potestatem
1140 3248 1258 3317 creavit,

220 3343 401 3407 scuosoncms
431 3367 503 3411 esse.
550 3350 661 3422 Fuere,
689 3351 738 3426 qui
769 3351 1039 3427 interpretarentur,
1070 3353 1171 3410 eedem
1201 3354 1257 3409 hac
1273 3362 1303 3414 tl
1366 3342 1390 3405 ⁸,

221 3449 327 3512 Horatio
352 3453 417 3532 lege
446 3455 610 3514 consulibus
642 3475 756 3532 quoque
788 3467 816 3514 et
841 3457 1025 3532 pmetoribus,
1054 3457 1124 3533 quie
1150 3457 1257 3514 eisdem

220 3559 345 3632 auspiciis,
361 3563 465 3636 quibus
478 3563 618 3640 consules,
633 3557 807 3631 crearentur,
822 3570 938 3619 cautum
949 3581 1026 3618 esse:
1047 3562 1169 3620 iudicem
1182 3564 1257 3621 enim
1359 3570 1362 3579 ’

220 3666 344 3724 consulem
377 3668 529 3743 appellari.
583 3668 654 3740 Ques
685 3667 824 3726 refellitur
855 3668 1067 3743 interpretatio,
1105 3670 1183 3743 quod
1213 3670 1308 3732 his12

221 3770 375 3843 tenporibus
397 3774 524 3830 nondum
548 3775 693 3830 consulem
714 3774 853 3844 iudicem,
874 3773 924 3830 sed
946 3782 1097 3848 praetorem
1118 3775 1258 3850 appellari

222 3888 271 3958 tuos¹
288 3874 379 3936 fuerit.
423 3879 480 3936 Hae
502 3879 667 3936 consuleres
688 3881 767 3955 leges
790 3879 882 3936 fuere.
924 3878 1089 3936 Institutuin
1111 3880 1197 3938 etiem
1220 3883 1257 3938 eb
1273 3891 1308 3945 13

221 3972 301 4036 iisdem
328 3983 507 4068 consulibus,
538 3994 569 4040 nt
597 3994 714 4041 senatus
744 3984 876 4042 consulte
901 3985 932 4042 in
960 3984 1050 4041 aedem
1081 3983 1194 4043 Cereris
1221 3988 1257 4044 ad

221 4081 298 4142 ediles
314 4087 404 4163 plebis
428 4089 619 4159 deferrentur,
650 4107 713 4162 quae
745 4101 830 4147 entes
861 4090 981 4148 arbitrio
1010 4089 1157 4148 consulum
1190 4108 1257 4165 sup·

222 4187 397 4258 primebentur
409 4196 651 4270 vitiabenturque.
695 4195 738 4254 M.
752 4193 879 4252 Duillius
892 4195 995 4252 deinde
1015 4195 1145 4253 tribunus
1167 4198 1258 4272 plebis
1275 4209 1308 4262 14

222 4291 315 4364 plebem
349 4303 466 4377 rogavit
497 4302 653 4377 plebesque
685 4299 785 4365 scivit,
818 4300 868 4374 qui
900 4302 1012 4376 plebem
1042 4303 1104 4361 sine
1138 4302 1258 4360 tribunis

245 4408 296 4449 lirim
310 4425 331 4452 er
344 4427 382 4454 reo.
399 4416 499 4463 lltdvlgii.
1030 4413 1059 4456 ¹²
