3392 5084
480 523 540 582 tto
726 521 805 572 Liber
822 521 872 575 lv.
901 521 1192 585 (measse-ose.)

390 773 399 795 ι
437 707 529 783 plebi3
558 706 632 784 adeo
660 723 693 762 se
715 705 775 762 suis
804 705 893 763 etiem
916 705 1036 764 sordere
1065 723 1119 763 nec
1147 723 1169 762 a
1189 705 1276 781 plebe
1299 705 1393 766 miuus
1411 722 1479 779 qun
1519 740 1521 747 =

389 813 424 869 12
438 830 458 868 a
471 801 609 887 =patribus
632 810 786 868 contemni.
827 810 891 868 Alii
912 827 1040 885 purgare
1060 809 1190 888 plebem,
1213 810 1330 886 culpem
1351 810 1382 868 in
1402 820 1479 896 penes
1519 836 1521 854 ε

368 907 372 914 ’
438 925 566 974 uertere:
595 935 693 974 eorum
717 915 876 972 ambitione
897 914 1067 989 artibusque
1087 915 1165 986 lieri,
1189 924 1225 973 ut
1242 917 1405 992 obseptum
1421 915 1480 990 plebi

439 1024 478 1081 sit
500 1023 537 1080 ed
558 1024 698 1080 honorem
722 1020 791 1090 iter3
816 1021 840 1078 si
865 1019 943 1095 plebi
965 1019 1111 1094 respirare
1131 1021 1170 1079 eb
1194 1039 1295 1080 eornm
1316 1021 1415 1080 mixtis
1431 1040 1480 1096 pn·

438 1129 519 1187 cibus
544 1126 687 1202 minisque
714 1126 814 1195 liceat,
845 1143 1003 1183 memorem
1033 1143 1099 1182 eom
1127 1143 1249 1184 snorum
1277 1127 1412 1190 initurae
1437 1125 1482 1183 suf·
1519 1180 1521 1183 ,

438 1233 535 1308 inagis
561 1251 625 1290 esse
652 1240 689 1302 et,
717 1239 804 1306 pano
837 1230 956 1302 suxiliq
986 1230 1139 1306 imperium
1169 1250 1287 1307 quoqne
1317 1232 1482 1292 adsciturus.

386 1339 423 1394 1³
436 1339 553 1408 Placet,
574 1337 709 1394 tollendae
730 1335 897 1394 ambitionis
917 1353 1008 1392 causa
1033 1336 1165 1395 tribunos
1185 1338 1280 1413 legem
1306 1337 1481 1413 promulgare,
1519 1390 1521 1396 ,

399 1447 406 1458 “
436 1463 474 1502 ne
494 1445 541 1501 cui
567 1443 665 1500 album
694 1442 724 1497 in
750 1441 953 1498 vestimentum
979 1440 1088 1500 addere
1107 1441 1256 1517 petitiems
1278 1443 1382 1503 liceret
1403 1459 1481 1501 cause

436 1552 536 1608 Parva
556 1567 632 1606 nrrnc
654 1564 701 1604 res
723 1555 752 1602 et
774 1545 826 1601 vix
846 1544 924 1601 serie
945 1546 1060 1620 agenda
1089 1547 1186 1606 videri
1210 1548 1320 1624 poenit,
1353 1567 1416 1623 qne
1432 1557 1482 1603 tunt
1519 1578 1521 1611 :

388 1655 546 1731 llingenti
567 1651 724 1711 certamine
751 1658 851 1726 patres
882 1668 917 1708 ec
945 1650 1059 1725 piebem
1085 1653 1226 1711 accendit
1270 1653 1381 1711 Vicere
1408 1662 1483 1708 tanen

437 1760 559 1830 tribuni,
590 1766 623 1817 ut
653 1758 747 1832 legem
780 1751 955 1830 perferrent3
987 1759 1216 1833 apparebatque,
1248 1759 1375 1818 irritetis
1401 1756 1483 1815 mnis

437 1865 553 1940 plebem
581 1864 619 1920 ad
641 1881 710 1920 sues
739 1860 835 1918 studia
858 1861 1070 1919 inclinaturam.
1118 1863 1192 1936 Quis
1212 1883 1249 1921 ne
1275 1863 1374 1922 libem
1400 1869 1483 1928 cuent,

437 1977 555 2027 senatus
584 1968 746 2027 consultum
775 1965 885 2024 fectum
917 1975 974 2038 est,
1008 1977 1045 2024 ut·
1072 1969 1239 2028 conmlaria
1268 1969 1390 2028 comitis
1414 1968 1484 2026 habe
1519 2032 1521 2035 ¹

436 2083 544 2133 rentur.

264 2209 266 2214 v
342 2168 387 2239 2ss
520 2177 676 2236 Tumultus
698 2177 877 2247 consuluit,
900 2194 986 2252 quem
1008 2179 1046 2236 ab
1067 2179 1177 2253 AEquis
1206 2189 1236 2237 et
1257 2179 1383 2238 Volscis
1408 2176 1485 2238 Latini

260 2251 424 2380 mg?
437 2293 525 2359 etque
555 2284 676 2342 Hernici
707 2285 884 2342 nuntiarent.
934 2283 974 2344 T.
1002 2283 1155 2356 Quinctius
1185 2285 1220 2342 L.
1248 2286 1285 2346 F.
1314 2284 1484 2344 einnonem
1519 2344 1521 2351 ,

406 2386 545 2468 2(eidem
576 2399 605 2447 et
638 2391 740 2448 Penne
772 2407 934 2464 cognomen
966 2387 1097 2465 additur)
1129 2397 1159 2446 et
1188 2387 1242 2447 Cn.
1277 2390 1375 2450 Iulius
1404 2391 1484 2447 Mento

407 2495 569 2554 icensules
591 2494 677 2566 facti3
708 2513 762 2553 nec
789 2495 867 2552 ultre
897 2501 992 2550 terror
1018 2493 1086 2550 belli
1115 2502 1160 2552 est
1183 2495 1300 2553 dilatus.
1351 2497 1432 2570 Lege
1449 2511 1484 2548 se·

437 2607 527 2669 crate,
551 2617 615 2673 quse
636 2599 766 2656 maxima
795 2599 874 2675 apud
895 2615 947 2655 eos
975 2598 1021 2656 vis
1047 2600 1186 2674 cogendas
1205 2599 1316 2658 militine
1346 2611 1423 2670 erat,
1448 2598 1484 2653 de·

435 2705 511 2762 lectu
539 2704 655 2774 habito,
688 2704 823 2778 utrinqne
851 2704 941 2762 relidi
969 2703 1113 2760 exercitus
1143 2701 1267 2778 profecti
1298 2703 1331 2760 in
1363 2704 1484 2780 Algidum

406 2815 606 2879 lconvenere,
628 2793 727 2882 ibique
749 2827 881 2866 seorsum
901 2808 1005 2882 AEqui‚
1026 2825 1157 2866 seorsum
1180 2808 1282 2866 Volsci
1305 2820 1404 2867 cosma
1424 2826 1485 2865 con·

437 2913 819 2990 manseres-intentiorque
841 2933 931 2989 quem
951 2930 1080 2988 unquam
1102 2924 1171 2970 ante
1193 2913 1344 2972 muniendi
1368 2929 1485 2971 exerceu
1518 2953 1521 2985 ,

437 3020 524 3094 dique
552 3005 671 3076 militem
707 3038 777 3077 cura
806 3019 929 3078 ducibus
958 3027 1030 3076 erat.
1084 3020 1131 3076 Eo
1162 3019 1228 3094 plus
1255 3019 1352 3076 nuntii
1384 3016 1486 3076 tenor-'u
1519 3057 1521 3087 ,

405 3125 569 3183 bRomem‘
584 3125 716 3198 attulere.
769 3125 891 3191 Senatui
920 3118 1090 3182 diclatorem
1111 3123 1170 3182 dici
1195 3125 1321 3200 placuit,
1352 3125 1422 3200 qnia
1445 3118 1487 3179 eui

348 3223 350 3239 '
436 3247 513 3305 saepe
540 3230 609 3288 vieti
637 3229 739 3306 populi
767 3230 880 3287 maiore
899 3238 998 3286 tamen
1026 3237 1133 3286 conatu
1160 3245 1248 3303 quam
1270 3230 1345 3287 elias
1374 3244 1486 3303 nuquam

436 3336 624 3403 rebellarent3
646 3343 676 3391 et
698 3334 879 3409 aliquantum
900 3338 1042 3394 Romana
1062 3334 1219 3394 iuventutis
1240 3337 1348 3394 morbo
1364 3337 1485 3406 absamp

407 3444 499 3500 litum
521 3449 592 3498 eret.
643 3443 723 3497 Ante
753 3441 851 3498 omnia
871 3441 1003 3516 pravitas
1032 3439 1182 3497 consulum
1204 3439 1411 3516 discordiaque
1427 3441 1487 3496 inter

436 3546 516 3621 ipsus
539 3553 568 3602 et
588 3545 748 3603 certamina
769 3545 801 3601 in
824 3545 951 3604 consiliis
981 3543 1117 3607 omnibus
1130 3545 1286 3602 tenebant.
1335 3547 1424 3618 Sunt,
1449 3542 1487 3618 qui

436 3651 513 3708 male
545 3659 706 3727 pugnatum
737 3650 775 3707 eb
804 3650 851 3707 his
882 3649 1052 3708 consulibus
1069 3649 1101 3705 in
1128 3646 1242 3726 Algido
1269 3661 1408 3710 sumeres
1434 3650 1487 3715 siut

405 3760 558 3830 luemque
580 3774 698 3814 causum
725 3757 876 3816 dictatoris
897 3756 1016 3816 creandi
1037 3754 1137 3816 fisse.
1185 3755 1266 3812 Illud
1284 3754 1359 3814 setis
1379 3761 1488 3820 comus.

435 3859 473 3916 ad
503 3859 562 3917 alie
590 3859 737 3920 discordes
767 3862 797 3919 in
826 3879 885 3919 nno
906 3861 1055 3918 adversus
1081 3868 1198 3936 patrum
1227 3859 1408 3921 vomatatem
1431 3877 1488 3918 oon·

434 3963 567 4036 sensisse,
588 3984 626 4022 ne
649 3967 777 4025 dicerent
798 3967 985 4038 dictatorem,
1014 3967 1121 4036 donec,
1154 3981 1242 4039 quom
1270 3967 1330 4024 elia
1352 3968 1417 4026 eliis
1441 3975 1488 4021 ter

436 4068 568 4129 nibiliora
599 4069 774 4130 afferrentur
798 4091 852 4130 nec
884 4072 914 4129 in
947 4071 1124 4130 auctoritate
1141 4077 1259 4128 senatus
1289 4070 1426 4131 cumules
1452 4083 1488 4122 ee·

436 4185 514 4245 sent,
543 4176 579 4249 Q.
610 4175 750 4236 Servilius
778 4175 913 4247 Priscus,
942 4177 1063 4234 mmmis
1090 4173 1253 4234 honeribus
1279 4175 1398 4252 egregie
1421 4186 1489 4236 um

406 4274 540 4350 8„Vos“
570 4278 678 4354 iuquit,
710 4280 835 4351 „tribuni
854 4279 964 4356 plebis,
996 4281 1135 4356 quonism
1164 4281 1203 4339 ad
1225 4290 1358 4340 exueste
1381 4287 1487 4337 mom
1519 4294 1521 4313 ¹
