3392 5084
360 559 364 568 ·
462 537 521 593 202
736 534 814 583 Liber
831 533 879 582 1v.
917 531 996 595 (Au.
1011 528 1209 589 etot-310.)
1292 535 1300 550 ⁸
1517 456 1519 571 l

420 717 498 792 quod
530 733 616 772 nemo
650 717 780 791 plebeius
815 715 946 791 auspicia
980 715 1116 783 haberet,
1148 711 1275 786 ideoque
1306 711 1470 769 decemviros

414 821 594 880 connubium
622 821 786 892 diremisse,
814 839 853 877 ne
879 820 990 877 incerta
1018 819 1102 894 prole
1128 817 1262 893 auspicia
1291 817 1470 874 turbarentur.

390 929 527 990 3Plebes
557 927 594 983 ad
627 926 656 983 id
688 927 814 982 maxime
845 925 1044 999 indignatione
1066 924 1190 994 exarsit,
1221 922 1302 997 quod
1332 922 1474 998 auspicari,

420 1043 560 1107 tanquam
582 1031 667 1089 invisi
690 1031 745 1087 diis
766 1031 988 1099 immortalibus,
1018 1037 1193 1104 negarentur
1213 1045 1318 1103 posse3
1346 1045 1400 1084 nec
1419 1036 1474 1083 ante

419 1139 484 1196 finis
506 1137 720 1195 contentionum
743 1134 806 1205 init,
822 1154 911 1209 quum
926 1145 957 1192 et
975 1135 1122 1192 tribunum
1144 1134 1318 1192 acerrimum
1340 1142 1474 1191 auctorem

419 1244 519 1320 plebes
542 1252 630 1300 nacta
657 1249 733 1299 esset
762 1249 791 1297 et
818 1241 883 1315 ipsa
904 1259 969 1298 cum
992 1260 1031 1326 eo¹
1049 1240 1210 1316 pertinacia
1231 1248 1372 1310 certaret,
1400 1258 1474 1314 quan

391 1349 490 1409 dvicti
521 1349 639 1405 tandem
672 1357 780 1422 patres,
807 1356 840 1402 ut
861 1346 898 1402 de
919 1346 1063 1407 connubio
1085 1345 1218 1416 ferretur,
1240 1363 1425 1415 concamere,
1441 1345 1475 1400 ia

421 1455 549 1512 maxime
572 1453 629 1511 rati
650 1453 862 1526 contentionem
885 1450 920 1507 de
941 1450 1063 1527 plebeiis
1085 1451 1252 1508 consulibus
1281 1451 1417 1508 tribunos
1436 1461 1476 1507 aut

421 1569 513 1618 totam
536 1559 720 1634 deposituros
742 1566 793 1614 aut
812 1565 881 1631 post
901 1557 1009 1614 bellum
1034 1556 1175 1614 dilaturos
1197 1573 1277 1625 esse,
1307 1565 1476 1614 conmutan-

423 1683 480 1740 que
500 1665 614 1722 interim
638 1661 781 1719 connubio
803 1662 917 1736 plebem
939 1670 1073 1739 paratam
1095 1661 1221 1718 delectui
1242 1660 1317 1718 iore.

393 1779 410 1832 5
506 1770 603 1842 Quum
634 1767 789 1827 Canuleius
821 1769 945 1825 victoria
978 1768 1014 1824 de
1040 1767 1172 1846 prqibus
1202 1775 1231 1823 et
1260 1766 1356 1842 plebis
1389 1765 1478 1822 favore

422 1876 524 1950 iugens
546 1885 636 1944 esset,
668 1875 781 1932 accensi
812 1873 861 1930 alii
882 1873 990 1930 tribuni
1018 1873 1055 1930 ad
1078 1881 1224 1930 certamen
1253 1891 1309 1948 pro
1339 1871 1479 1946 rogatione

423 1999 477 2038 sua
499 1998 613 2038 summa
631 1980 662 2036 vi
683 1989 814 2055 pugnant
830 1989 867 2048 et,
890 1986 1035 2036 crescente
1056 1979 1086 2034 in
1109 1978 1170 2034 dies
1189 1976 1272 2034 fama
1294 1978 1375 2047 belli,
1398 1976 1478 2034 delec-

393 2095 484 2151 6tum
504 2085 674 2161 impediunt.
719 2084 874 2153 Consules,
901 2101 988 2158 quum
1011 2103 1064 2159 per
1085 2092 1227 2154 senatum,
1247 2081 1479 2141 intercedentibus

422 2192 554 2262 tribunis,
583 2190 654 2247 nihil
685 2191 732 2265 agi
754 2197 867 2265 posset,
897 2189 1020 2247 concilia
1039 2189 1202 2264 principum
1230 2189 1311 2246 domi
1332 2189 1479 2246 habebant

422 2299 611 2373 Apparebat,
636 2305 686 2352 aut
707 2296 838 2354 hostibus
861 2304 912 2352 ant
938 2294 1049 2353 civibus
1071 2296 1108 2352 de
1128 2295 1253 2353 victoria
1274 2293 1479 2352 concedendum

393 2411 494 2464 lesse.
538 2401 601 2460 Soli
622 2381 881 2458 ex'consularibus
895 2400 1032 2458 Valerius
1054 2409 1142 2476 atque
1157 2402 1300 2458 Horatius
1321 2419 1383 2457 non
1404 2401 1480 2456 inter·

423 2516 507 2566 erant
540 2506 676 2564 conciliis.
734 2503 767 2562 C.
798 2503 915 2564 Claudii
947 2507 1090 2564 sententia
1125 2507 1257 2564 consules
1294 2509 1432 2564 armabat
1457 2503 1479 2558 in
1521 2562 1523 2565 .

422 2615 571 2683 tribunos,
601 2611 816 2685 Quinctiorum,
847 2609 1068 2686 Cincinnatique
1095 2624 1125 2669 et
1146 2610 1318 2688 Capitolini,
1342 2611 1481 2670 sententia

416 2711 621 2778 ’abhorrebant
643 2735 661 2772 a
682 2718 760 2774 cade
781 2717 992 2791 violandisque,
1016 2735 1089 2793 quos
1103 2718 1214 2776 foedere
1234 2718 1294 2775 icto
1319 2736 1387 2774 cum
1407 2715 1480 2790 plebe

393 2831 626 2887 8sacrosanctos
657 2823 843 2897 accepissent.
893 2825 953 2880 Per
982 2825 1044 2881 haec
1074 2824 1195 2882 consilia
1227 2843 1262 2881 eo
1289 2823 1418 2880 deducta
1447 2829 1482 2876 eat

423 2947 480 2999 res,
502 2938 533 2985 ut
554 2929 684 2985 tribunos
706 2927 827 2984 militum
850 2929 996 2986 consulari
1017 2937 1163 3004 potestate
1184 2929 1350 3004 promiscue
1379 2947 1418 2985 ex
1437 2946 1482 3002 pa·

424 3035 516 3092 tribus
539 3053 573 3090 ac
594 3033 679 3110 plebe
707 3033 799 3090 creari
827 3034 970 3104 sinerent,
1000 3035 1036 3090 de
1063 3035 1229 3092 consulibus
1260 3035 1395 3092 creandis
1422 3031 1482 3088 nihil

393 3143 597 3207 9mutaretur3
627 3159 720 3213 eoque
745 3139 871 3196 contenti
900 3139 1022 3211 tribuni,
1052 3148 1188 3198 contenta
1217 3141 1301 3215 plebs
1325 3140 1391 3199 fuit.
1433 3136 1482 3196 Co·

424 3247 506 3304 mitia
533 3245 655 3302 tribunis
685 3245 830 3302 consulari
858 3253 1003 3319 potestate
1031 3245 1124 3302 tribus
1153 3245 1287 3302 creandis
1316 3245 1482 3303 indicuntur·

424 3352 538 3425 Quibus
558 3351 682 3421 indictis,
705 3352 862 3426 externplo,
887 3351 1052 3425 quicunque
1074 3350 1185 3425 aliquid
1208 3351 1347 3408 seditiose
1377 3349 1483 3406 dixerat

425 3466 476 3513 aut
496 3454 606 3514 fecerat
627 3473 771 3529 unquam,
800 3455 927 3513 maxime
949 3457 1103 3525 tribunicii,
1132 3466 1161 3513 et
1188 3475 1329 3532 prensare
1359 3455 1482 3512 homines

354 3553 410 3620 ⁴10
425 3569 453 3618 et
480 3578 653 3646 concursare
683 3568 745 3616 toto
776 3560 841 3618 foro
877 3562 1024 3619 candidati
1051 3581 1179 3637 coepere,
1211 3572 1243 3619 ut
1270 3561 1412 3637 patricios
1441 3561 1482 3616 de·

425 3664 552 3741 sporatio
575 3664 669 3738 primo
691 3663 804 3722 irritata
828 3667 914 3741 plebe
935 3666 1083 3743 apiscendi
1107 3667 1244 3738 honoris,
1266 3667 1372 3723 deiude
1396 3665 1482 3737 indig-

425 3770 515 3840 natio,
539 3769 563 3826 si
587 3787 650 3826 cnm
672 3769 718 3826 his
738 3771 881 3844 gerendus
903 3781 979 3830 esset
999 3773 1102 3842 honos,
1125 3773 1292 3829 deterreret.
1335 3774 1483 3830 Postremo

425 3875 520 3934 coacti
539 3884 637 3932 tamen
660 3893 678 3931 a
699 3876 875 3951 primoribus
895 3877 1018 3952 petiere,
1044 3896 1082 3934 ne
1103 3877 1223 3935 cessisse
1244 3877 1430 3952 possessione
1447 3873 1484 3930 rei

377 3983 409 4039 ll
425 3980 548 4057 publicae
568 3980 744 4039 viderentur.
789 3982 919 4038 Eventus
941 4001 1042 4039 eornm
1071 3981 1253 4039 comitiorum
1276 3982 1387 4052 docuit,
1417 3979 1484 4038 alios

426 4086 537 4144 animos
558 4087 588 4143 in
611 4085 793 4142 contentione
814 4085 956 4144 libertatis
978 4087 1200 4162 dignitatisque,
1230 4085 1305 4146 alios
1332 4086 1483 4145 secundum

426 4192 559 4268 deposita
594 4189 755 4247 certamina
786 4189 956 4267 incorrupto
992 4192 1099 4250 iudicio
1136 4210 1213 4262 esse;
1250 4192 1382 4250 tribunos
1413 4190 1483 4247 enim

426 4313 526 4354 omnes
558 4292 699 4371 patriciu
732 4296 843 4352 creavit
871 4297 1013 4372 populns,
1044 4307 1197 4355 contentus
1225 4316 1276 4369 eo,
1308 4299 1384 4374 quod
1412 4296 1483 4354 ratio
