3392 5084
439 554 456 614 6
871 552 948 603 Liber
966 548 987 601 I.

395 746 446 795 aut
466 737 585 812 stirpem
607 756 625 794 a
649 736 817 793 crudelitate
840 736 922 809 regia
943 736 1097 795 vindicant.
1141 738 1285 795 Sacerdos
1308 737 1406 793 vincta
1430 714 1462 793 in

395 843 557 900 custodiam
577 836 679 913 detur3
712 859 819 917 pueros
848 841 877 898 in
906 842 1095 917 profluentem
1124 861 1230 916 aquam
1259 842 1334 898 mitti
1368 843 1462 903 iubet.

365 948 487 1008 tForte
508 948 634 1022 quadem
656 966 694 1003 an
713 946 849 1004 divinitus
871 965 959 1021 super
979 947 1058 1021 ripas
1078 946 1193 1003 Tiberis
1207 945 1324 1035 ‘effusus
1345 947 1461 1005 lenibus
1538 948 1539 955 ’

396 1054 507 1129 stagnis
527 1072 581 1110 nec
603 1053 677 1111 adiri
705 1070 829 1127 usquam
853 1052 890 1109 ad
915 1052 983 1109 iusti
1012 1068 1127 1109 cursum
1156 1059 1271 1124 poterat
1300 1053 1393 1109 amnis
1423 1060 1462 1121 et,
1538 1056 1539 1089 ³

395 1178 482 1235 posse
504 1159 637 1235 quamvis
660 1157 798 1233 languide
820 1158 911 1233 mergi
933 1176 1011 1232 aqua
1038 1154 1172 1226 infantes,
1194 1173 1275 1232 spem
1301 1156 1463 1215 ferentibus

365 1266 496 1323 tdabet.
543 1266 600 1334 Ita,
621 1265 700 1321 velut
731 1261 859 1319 defuncti
868 1235 954 1339 *regis
981 1262 1112 1338 imperio,
1141 1262 1169 1317 in
1200 1264 1335 1337 proxima
1357 1264 1462 1333 eluvie,

398 1370 447 1428 ubi
477 1388 554 1428 nunc
582 1372 652 1427 tious
674 1368 836 1427 Ruminalis
867 1378 910 1427 est
939 1369 1149 1445 (Romularem
1173 1376 1308 1425 vocatam
1339 1367 1463 1447 ferunt),

367 1480 503 1551 dpucros
525 1484 683 1551 exponunt.
731 1450 833 1531 Vastae
862 1483 922 1532 tum
952 1476 984 1531 in
1012 1474 1047 1531 iis
1076 1474 1147 1531 locis
1177 1473 1344 1530 solitudines
1367 1485 1462 1536 erant.
1538 1488 1539 1491 ’

378 1585 382 1589 “
397 1583 495 1640 Tenet
512 1580 602 1650 fama,
625 1599 712 1655 quum
727 1580 887 1638 fluitantem
903 1580 1028 1663 alveum,
1052 1598 1109 1654 quo
1126 1580 1250 1655 expositi
1271 1588 1354 1636 erant
1367 1581 1462 1654 pueri,
1538 1592 1539 1625 3

396 1688 489 1744 tenuis
510 1688 540 1744 in
562 1688 638 1745 sicco
662 1704 739 1760 aqua
755 1686 939 1756 destituisset,
960 1687 1059 1763 lupem
1082 1685 1224 1742 sitientem
1245 1704 1281 1741 ex
1303 1686 1463 1757 montibus,
1538 1700 1539 1732 1

395 1794 445 1867 qui
467 1793 544 1850 circa
558 1799 634 1861 sunt,
655 1791 693 1847 ed
707 1790 845 1867 puerilem
868 1792 997 1867 vagitum
1014 1810 1127 1850 cursum
1149 1792 1279 1861 flexisse,
1301 1809 1365 1848 eam
1381 1810 1462 1848 sum-

394 1900 498 1955 missas
521 1896 679 1955 infantibus
701 1897 775 1953 adeo
804 1897 901 1954 mitem
930 1896 1088 1972 praebuisse
1118 1915 1276 1968 mammas,
1306 1907 1338 1953 ut
1358 1896 1461 1973 lingua

365 2003 568 2061 llambentem
597 2021 703 2079 pueros
727 2002 865 2078 magister
893 2002 966 2077 regii
996 2002 1109 2077 pecoris
1131 2002 1273 2059 invenerit
1302 2002 1461 2077 (Faustulo
1537 2020 1539 2055 t

393 2108 483 2166 fuisse
505 2127 610 2165 nomen
632 2107 754 2179 ferunt);
784 2108 880 2164 abeo
907 2108 944 2163 ad
974 2107 1090 2164 stabula
1112 2108 1255 2165 Larentiae
1282 2108 1368 2165 uxori
1390 2109 1463 2165 edu·
1538 2128 1539 2161 t

390 2214 500 2272 candos
522 2214 613 2271 datos.
662 2212 752 2284 Sunt,
781 2214 831 2288 qui
854 2212 1021 2269 Larentiam
1051 2214 1172 2289 vulgato
1203 2231 1325 2289 corpore
1357 2215 1460 2290 lupam
1538 2233 1539 2265 ὲ

350 2309 352 2312 ’
389 2319 464 2377 inter
484 2327 618 2395 pastores
639 2326 775 2375 vocatam
797 2324 912 2391 putent;
934 2317 1001 2373 inde
1022 2317 1116 2374 locum
1136 2316 1242 2375 fabulae
1258 2339 1292 2377 ec
1314 2321 1457 2379 miraculo
1538 2339 1539 2371 ι

363 2426 499 2486 8datum.
541 2425 589 2481 Ita
603 2423 692 2498 geniti
706 2423 805 2498 itaque
820 2422 943 2493 educati,
966 2442 1054 2496 quum
1077 2424 1202 2498 primum
1226 2425 1354 2482 adolevit
1376 2434 1460 2495 actes,
1538 2447 1539 2479 ς

391 2549 445 2587 nec
464 2530 494 2586 in
516 2530 637 2586 stabulis
659 2548 712 2585 nec
733 2528 771 2585 ad
790 2546 898 2603 pecora
919 2546 1031 2603 segnes,
1053 2529 1186 2586 venando
1208 2548 1365 2605 peragrare
1381 2531 1462 2588 circa
1538 2552 1539 2587 t

361 2635 491 2697 ssaltus.
538 2634 616 2690 Hinc
637 2635 743 2691 robore
764 2634 934 2708 corporibus
966 2634 1126 2708 animisque
1155 2643 1285 2709 sumpto,
1317 2635 1375 2692 iam
1401 2656 1460 2693 non
1538 2658 1539 2695 t

392 2739 469 2797 feras
490 2748 603 2796 tantum
617 2738 782 2806 subsistere,
803 2739 856 2795 sed
877 2739 907 2796 in
921 2740 1048 2797 latrones
1069 2740 1169 2814 praede
1191 2748 1310 2797 onustos
1332 2741 1461 2817 impetus

389 2843 497 2941 ducere,
516 2843 740 2918 pastoribusque
761 2853 847 2919 rapta
868 2845 1012 2915 dividere,
1042 2854 1071 2902 et
1092 2864 1156 2903 cum
1178 2846 1238 2917 his,
1260 2856 1408 2905 crescente
1431 2850 1461 2907 in

392 2950 453 3006 dies
477 2966 566 3024 grege
587 2949 733 3019 iuvenum,
755 2950 832 3007 seria
854 2969 888 3008 ao
912 2950 993 3008 iocos
1016 2950 1171 3008 celebrere.

298 3050 319 3117 5
474 3054 540 3110 lam
553 3054 659 3111 tumin
673 3054 790 3111 Palatio
813 3052 939 3133 [monte]
965 3055 1108 3131 Lupercal
1129 3057 1184 3112 hoc
1199 3054 1289 3113 fuisse
1312 3058 1458 3115 ludicrum

321 3141 332 3151 l
391 3159 496 3230 ferunt,
511 3167 540 3215 et
554 3177 573 3215 a
587 3158 750 3231 Pallanteo,
764 3162 837 3217 urbe
853 3161 1008 3232 Arcadica,
1023 3162 1210 3232 Pallantium,
1226 3162 1292 3219 dein
1306 3162 1457 3223 Palatium

362 3267 519 3323 imontem
534 3262 727 3340 appellatum3
749 3265 789 3323 ibi
805 3266 985 3337 Euandrum,
1009 3265 1058 3341 qui
1073 3286 1110 3323 ex
1125 3286 1161 3324 eo
1184 3286 1290 3343 genere
1305 3269 1458 3327 Arcadum

392 3370 489 3428 multis
504 3379 571 3428 ante
584 3370 804 3445 tempestatibus
819 3372 943 3428 tenuerit
956 3372 1030 3437 loca,
1053 3372 1191 3430 sollemne
1210 3373 1330 3431 allatum
1346 3394 1383 3431 ex
1398 3378 1458 3433 Ar·

392 3474 477 3531 cedia
497 3475 663 3545 instituisse,
683 3485 715 3532 ut
728 3476 800 3533 nudi
819 3476 938 3533 iuvenes
954 3477 1089 3552 Lycaeum
1112 3479 1197 3535 Pana
1218 3488 1390 3537 venerantes
1406 3500 1459 3557 per

391 3580 485 3638 lusum
508 3588 595 3656 etque
615 3580 765 3638 lasciviam
787 3590 943 3653 currerent,
966 3601 1050 3656 quem
1066 3582 1192 3641 Romani
1213 3584 1315 3641 deinde
1330 3601 1458 3643 vocave-

362 3685 458 3743 3runt
471 3671 586 3746 lnuum.
630 3687 708 3745 Huic
731 3688 834 3744 deditis
855 3685 976 3759 ludicro,
999 3707 1087 3762 quum
1103 3689 1241 3747 sollemne
1255 3697 1355 3747 notum
1372 3701 1458 3763 esset,

392 3789 542 3848 insidiatos
565 3793 602 3849 ob
624 3793 698 3851 iram
719 3792 824 3867 praedae
845 3792 960 3850 amissa
980 3794 1124 3865 latrones,
1150 3812 1238 3869 quum
1260 3796 1404 3853 Romulus
1428 3798 1457 3855 vi

392 3916 424 3954 se
446 3896 628 3968 defendisset,
649 3900 772 3956 Remum
794 3898 915 3973 cepisse,
944 3906 1059 3975 captum
1082 3900 1144 3975 regi
1159 3900 1278 3959 Amulio
1301 3902 1457 3959 tradidisse

361 4002 468 4060 tultro
490 4010 669 4060 acerrsantes.
711 4001 832 4061 Crimini
854 4004 980 4063 maxime
1001 4004 1118 4076 dabant,
1139 4006 1169 4063 in
1184 4006 1346 4065 Numitoris
1368 4026 1457 4083 egros

391 4212 484 4270 stilem
506 4214 536 4270 in
558 4214 675 4271 modum
700 4216 814 4291 praedes
836 4232 933 4289 agere.
981 4214 1030 4274 Sic
1051 4217 1089 4273 ad
1111 4217 1281 4293 supplicium
1306 4218 1457 4276 Numitori

1538 2766 1539 2803 t

392 4110 430 4165 ab
451 4108 486 4165 iis
507 4108 645 4183 impetum
668 4108 744 4179 fie1i3
773 4109 840 4165 inde
863 4126 927 4179 eos,
957 4108 1078 4169 collecta
1103 4112 1240 4169 iuvenum
1268 4128 1371 4184 manu,
1401 4114 1455 4170 ho*

362 4319 499 4375 5Remus
520 4318 642 4379 deditur.
690 4321 755 4376 Iam
777 4320 845 4376 inde
866 4321 903 4377 ab
925 4321 1005 4378 initio
1026 4320 1168 4379 Faustulo
1194 4339 1260 4397 spes
1279 4320 1385 4394 fuerat,
1407 4344 1456 4381 re-

1538 4519 1539 4557 t
