3392 5084
475 491 532 548 tec
726 485 856 538 nien
880 483 1185 551 (sesne-see.)

429 675 501 732 fines
521 673 566 731 ira
587 669 707 730 cecidit?
749 671 830 742 Non,
860 689 949 747 quum
978 671 1009 728 in
1035 679 1192 748 conspectu
1212 672 1310 730 Βοιιια
1329 669 1400 741 fuit,
1424 687 1478 726 suc-

430 781 531 840 currit:
559 781 643 838 Intra
666 777 719 836 illa
738 779 854 837 moenia
879 779 982 836 domus
1004 797 1040 836 ac
1061 786 1181 854 penates
1202 775 1259 835 mei
1281 784 1365 848 sunt,
1386 783 1478 844 mater,

400 884 418 942 8
430 887 537 945 coniux
546 883 708 960 liberique?
752 885 834 960 Ergo
849 902 904 960 ego
918 883 975 942 nisi
987 883 1174 960 peperissem,
1195 884 1292 941 Roma
1302 901 1362 940 non
1377 899 1479 957 oppug-

430 1001 562 1063 naretur3
592 991 650 1049 nisi
679 977 780 1050 filium
799 979 1074 1060 baberem‚'libere
1094 989 1124 1046 in
1144 989 1237 1047 libera
1257 989 1355 1066 patria
1376 995 1480 1046 mortis
1518 1043 1519 1058 2

431 1117 532 1157 essem.
576 1097 635 1158 Sed
667 1117 722 1173 ego
757 1096 828 1155 nihil
862 1097 922 1154 iam
954 1095 1017 1173 pati
1048 1115 1102 1154 neo
1128 1097 1180 1155 tibi
1206 1096 1317 1171 turpius
1345 1113 1400 1152 nec
1420 1093 1480 1150 mihi

400 1203 562 1261 9miserius
583 1221 717 1280 possum,
737 1222 800 1274 neo,
821 1211 853 1260 ut
874 1203 928 1260 sim
949 1202 1125 1274 miserrima,
1155 1202 1204 1260 diu
1226 1201 1325 1259 lutura
1343 1219 1423 1268 sum;
1451 1199 1480 1254 de
1518 1177 1519 1181 Ἰ

383 1334 385 1341 ·
429 1309 474 1367 his
490 1310 613 1380 videris,
643 1327 732 1383 quoe,
760 1309 786 1366 si
813 1309 925 1384 pergis,
958 1319 1009 1366 eut
1033 1310 1189 1367 immatura
1217 1325 1296 1366 mors
1329 1316 1382 1364 aut
1402 1307 1480 1378 longe
1518 1363 1519 1384 3

429 1416 552 1472 servitus
573 1420 698 1471 manet.“
741 1415 829 1474 Uxor
848 1415 952 1474 deinde
973 1435 1009 1474 ac
1028 1414 1110 1473 liberi
1133 1413 1269 1489 amplexi,
1287 1415 1431 1488 fletumque
1450 1412 1480 1467 ab

429 1522 509 1579 omni
527 1522 614 1579 turba
634 1521 785 1578 mulierum
807 1530 888 1580 ortus
917 1531 945 1578 et
972 1521 1163 1596 comploratio
1185 1519 1231 1577 sui
1251 1519 1413 1595 petriaeque
1432 1516 1481 1574 ire-
1518 1575 1519 1592 ξ

382 1629 417 1683 10
431 1647 500 1704 gere
520 1628 637 1684 tandem
658 1626 762 1684 virum.
806 1625 983 1703 Complexus
1003 1628 1071 1684 inde
1092 1645 1161 1684 suos
1183 1625 1312 1694 dimittit;
1333 1624 1399 1700 ipse
1413 1632 1480 1680 retro

431 1736 469 1790 ab
489 1734 562 1790 urbe
582 1743 680 1790 cauma
699 1733 799 1790 movit
843 1723 986 1790 Abductis
1015 1733 1119 1791 deinde
1151 1731 1313 1808 legionibus
1347 1749 1386 1788 ex
1417 1745 1479 1804 agro
1518 1789 1519 1796 ἵ

430 1840 575 1910 Romano,
593 1839 704 1897 invidia
723 1839 767 1896 rei
788 1855 959 1914 oppressum
980 1839 1090 1914 perisse
1111 1837 1245 1908 tradunt,
1267 1837 1318 1894 alii
1339 1836 1398 1893 alio
1420 1835 1479 1890 leto.

430 1945 520 2020 Apud
534 1946 669 2015 Fabium,
689 1944 775 2020 longe
789 1944 1020 2018 antiquissimum
1035 1954 1192 2015 auctorem,
1216 1961 1309 2018 usque
1330 1943 1370 2000 ad
1390 1959 1480 2000 senec·
1518 1921 1519 1929 ἵ

381 2054 520 2108 litatem
540 2049 649 2107 vixisse
669 2051 791 2109 eundem
817 2051 948 2120 inveui03
980 2031 1069 2108 refert
1101 2061 1187 2120 certe,
1218 2051 1295 2106 hauc
1316 2067 1394 2124 saepe
1422 2065 1478 2104 eun
1516 2109 1519 2124 .

429 2164 534 2213 exacta
553 2165 639 2215 aetate
658 2173 815 2232 usurpasse
834 2173 951 2227 vocem,
986 2156 1077 2216 multo
1110 2157 1242 2214 miserius
1268 2155 1331 2214 seni
1356 2153 1480 2212 exsilium

428 2281 500 2323 esse.
543 2263 613 2321 Nou
632 2263 797 2321 inviderunt
816 2263 904 2320 laude
924 2281 978 2319 sue
999 2262 1166 2322 mulieribus
1183 2261 1238 2320 viri
1252 2260 1378 2320 Romani
1402 2259 1480 2335 (adeo

380 2369 490 2428 llsine
528 2369 735 2428 obtrectatione
767 2369 868 2446 gloriae
903 2367 1003 2426 eliense
1036 2357 1212 2445 visebatur),
1243 2375 1481 2438 monumentoque

429 2475 508 2552 quod
528 2483 617 2545 esset,
642 2475 781 2550 templum
802 2477 940 2534 Fortunae
962 2475 1094 2533 muliebri
1115 2475 1288 2532 edificatum
1310 2472 1480 2530 dedicatum-

428 2555 485 2655 due
506 2588 558 2637 est.
1076 2570 1080 2576 ⁴
1518 2647 1519 2650 Ἰ

510 2686 635 2745 Rediere
654 2688 757 2745 deinde
777 2687 889 2759 Volsci,
910 2687 1052 2745 adiunctis
1074 2685 1192 2759 Aliquis,
1212 2684 1243 2740 in
1263 2702 1368 2760 agrum
1380 2685 1481 2741 Roma-

427 2811 511 2860 num3
544 2793 595 2850 sed
621 2793 715 2867 AEqni
745 2793 860 2850 Attium
888 2794 1017 2852 Tullium
1044 2793 1122 2850 baud
1149 2791 1226 2848 ultra
1254 2790 1346 2848 tulere
1376 2789 1480 2846 ducem.
1518 2779 1519 2782 ¹

378 2894 415 2950 13
428 2898 506 2955 Hinc
532 2917 570 2954 ex
595 2900 766 2969 certamine,
804 2899 920 2958 Volsci‘
937 2899 1067 2973 AEquine
1097 2897 1303 2973 imperatorem
1335 2896 1480 2953 coniuncto

428 3003 567 3062 exercitui
577 3004 689 3073 darent,
710 3005 823 3075 seditio,
844 3005 948 3063 deinde
963 3014 1049 3063 atrox
1062 3004 1204 3080 proelium
1218 3010 1323 3060 ortum.
1362 3000 1413 3058 Ibi
1426 2999 1481 3057 for·
1518 3069 1519 3072 Ἴ

428 3121 500 3168 tuna
521 3109 622 3186 populi
642 3110 768 3168 Romam
788 3111 861 3168 duos
883 3111 1010 3169 hostium
1032 3109 1174 3168 exercitus
1204 3107 1284 3166 haud
1305 3109 1399 3166 minus
1419 3125 1481 3183 per·
1518 3125 1519 3130 ¹

429 3196 539 3276 nicioso
562 3235 650 3292 quam
670 3216 812 3291 pertinaci
832 3215 989 3274 certamine
1011 3215 1143 3274 confecit.

381 3323 418 3378 14
511 3323 653 3382 Consules
679 3322 717 3380 Τ.
748 3321 873 3382 Sicinius
905 3330 934 3380 et
964 3319 999 3379 C.
1033 3321 1180 3396 Aquilius.
1238 3319 1347 3380 Sicinio
1375 3317 1482 3386 Volsci,

255 3404 419 3526 {now}
429 3429 550 3504 Aquilio
573 3427 694 3487 Hernici
725 3427 805 3504 (nam
837 3427 866 3487 ii·
891 3445 1007 3504 quoque
1039 3427 1070 3484 in
1098 3426 1187 3484 armis
1216 3427 1310 3500 erant)
1337 3423 1482 3502 provincia

419 3535 534 3592 evenit.
581 3534 628 3602 Eo
658 3553 736 3592 anno
758 3534 880 3592 Hernici
907 3532 1027 3604 devicti3
1062 3551 1136 3608 cum·
1149 3531 1265 3590 Volscis
1287 3549 1370 3606 aequo
1391 3531 1481 3588 Maru

431 3640 587 3698 discessum
607 3649 660 3697 est.

336 3761 375 3828 41
514 3743 565 3820 Sp.
589 3744 708 3811 Cassius
729 3745 832 3802 deiude
855 3757 884 3802 et
904 3746 1047 3804 Proculus
1065 3744 1221 3820 Verginius
1248 3743 1380 3801 consules
1405 3741 1480 3798 lacti.

256 3851 419 3899 A·¹¹·0·2⁶8·
432 3849 505 3910 Cum
527 3852 661 3910 Hernicis
683 3851 788 3910 ioedus
808 3852 912 3924 ictum3
937 3853 1001 3928 agri
1024 3860 1123 3926 patres
1144 3850 1209 3907 duae
1230 3850 1381 3925 adempte.
1413 3847 1482 3906 Inde

258 3917 418 3970 ΑΜΒ·
432 3957 581 4015 dimidium
614 3959 742 4028 natine,
779 3957 928 4016 dimidium
959 3955 1038 4032 prees
1067 3956 1211 4014 divisurus
1242 3957 1341 4014 consul
1368 3954 1480 4013 Cassius

400 4055 503 4128 neiat.
550 4065 718 4123 Adiiciebat
740 4064 807 4121 hnic
826 4064 939 4120 muneri
960 4063 1024 4138 egri
1050 4063 1244 4137 aliquantum,
1276 4081 1360 4137 quem
1392 4059 1481 4137 publi·

366 4244 369 4249 Ι
430 4192 494 4230 cum
526 4171 669 4247 possideri
698 4191 717 4228 a
745 4171 867 4245 privat-is
900 4170 1114 4228 criminabatur.
1174 4169 1210 4228 Id
1239 4169 1343 4226 multos
1372 4167 1479 4244 quidem
1518 4247 1519 4256 ἵ

328 4267 342 4286 '
429 4289 560 4355 patrum,
590 4278 670 4351 ipsos
701 4292 898 4351 possessores,
929 4275 1059 4350 periculo
1086 4293 1181 4333 rerum
1205 4293 1322 4332 suarum
1345 4277 1480 4341 terrebet;
1518 4281 1519 4356 j
