3392 5084
671 556 748 607 Liber
764 558 789 610 Ι.
1208 560 1225 618 9

223 744 285 800 iuter
303 743 388 801 rudes
408 740 514 797 mfium
534 742 674 814 homines,
697 742 891 801 venerabilior
906 740 1054 799 divinitate
1072 741 1180 799 credita
1195 740 1267 801 Oar-

224 858 311 905 mentae
331 848 447 917 matria,
478 865 565 921 quam
592 846 765 924 fatiloquam
790 857 857 907 ante
885 847 1002 924 Sibylla
1027 848 1057 905 in
1077 847 1193 907 Italiam
1216 849 1267 905 ad·

223 962 325 1011 rentum
345 955 460 1011 mnata
482 970 523 1009 aa
544 961 644 1028 gentes
666 953 790 1015 fueram.
832 956 864 1013 Is
886 963 945 1012 tum
969 954 1105 1012 Euander
1127 958 1297 1015 concursui

222 1070 355 1136 pastorum
379 1059 587 1136 trepidantium
616 1060 693 1118 circa
723 1062 866 1119 advenam
896 1058 1055 1117 manifesta
1074 1080 1155 1119 reum
1182 1060 1267 1119 credis

221 1168 318 1223 excitus
338 1177 497 1244 postquam
519 1156 632 1223 facinus
661 1165 858 1242 facinorisque
885 1184 1003 1225 cansam
1025 1166 1154 1239 audivit,
1184 1168 1267 1226 habi-

221 1283 271 1330 tum
300 1271 486 1347 formamque
511 1270 568 1329 viri
596 1272 777 1347 aliquantum
815 1273 985 1349 ampliorem
1015 1273 1267 1349 augustioremque

221 1381 334 1436 hnmana
354 1380 471 1437 intuens
492 1378 611 1454 rogitat,
635 1380 685 1455 qui
706 1379 753 1452 vir
774 1380 858 1438 esset.
890 1350 950 1438 Ubi
971 1398 1076 1437 nomen
1097 1388 1267 1457 patremque
1283 1387 1318 1441 10

222 1504 249 1541 ac
266 1486 389 1559 patriam
415 1465 650 1562 accepit,'„10ve
670 1495 756 1557 nate,
780 1485 931 1551 Hercules,
961 1484 1059 1543 salve“
1083 1486 1188 1560 inquit3
1202 1560 1206 1577 ι
1221 1496 1268 1557 „te

221 1591 278 1648 mibi
300 1600 407 1662 mater,
427 1590 557 1647 veridica
576 1590 719 1667 interpres
741 1593 841 1663 deum,
870 1600 1018 1650 aucturum
1040 1593 1193 1651 caelestium
1214 1613 1267 1652 nu-

222 1716 317 1754 merum
339 1695 461 1766 cecinit,
487 1694 597 1769 tibique
619 1714 702 1755 aram
732 1700 780 1756 bic
808 1699 935 1756 dicatum
956 1698 1006 1769 iri,
1035 1719 1122 1775 quam
1150 1701 1267 1777 opulen-

223 1804 319 1861 tissima
341 1804 410 1861 olim
433 1802 464 1859 in
484 1803 568 1859 terris
589 1820 660 1877 gens
674 1805 835 1887 maximam
857 1812 942 1862 vocet
962 1814 1069 1879 tuoque
1089 1809 1147 1867 ritu
1161 1809 1265 1867 colat.“

222 1911 323 1967 Dextra
344 1908 487 1967 Hercules
513 1908 584 1965 data
605 1910 739 1987 accipere
771 1930 803 1969 se
831 1930 917 1969 omen
943 1912 1184 1989 impleturumque
1205 1913 1267 1972 fata
1283 1914 1314 1969 11

223 2036 265 2073 ara
283 2018 399 2075 condita
421 2033 456 2072 ac
471 2014 567 2071 dicata
589 2014 638 2074 ait.
672 2017 719 2073 Ibi
740 2026 801 2075 turn
822 2018 948 2093 primum
969 2020 1045 2077 bove
1061 2019 1167 2077 eximie
1182 2030 1267 2097 capta
1282 2018 1317 2074 12

222 2123 251 2178 de
269 2141 354 2197 grege
375 2139 491 2178 sacrum
513 2122 647 2194 Herculi,
677 2124 814 2182 adhibitis
837 2124 875 2181 ad
897 2124 1083 2183 ministerium
1106 2126 1267 2202 dapemque

223 2230 323 2285 Potitiis
344 2247 381 2285 ac
402 2226 546 2299 Pinariis,
569 2246 633 2301 quae
654 2236 715 2285 tum
730 2227 848 2287 familiae
870 2231 999 2288 maxime
1020 2230 1123 2288 inclitre
1145 2250 1180 2287 ea
1201 2231 1267 2288 loca

221 2298 386 2406 incolebant,
415 2333 534 2391 factum.
576 2335 666 2392 Forte
694 2335 736 2391 ita
758 2336 870 2407 evenit,
899 2344 931 2393 ut
957 2336 1059 2393 Potitii
1089 2338 1126 2393 ad
1154 2346 1266 2412 tempus
1283 2334 1317 2390 13

224 2451 314 2516 presto
334 2448 431 2499 essent
451 2440 545 2515 iisqne
567 2449 635 2498 exta
662 2449 891 2516 apponerentur,
924 2443 1043 2515 Pinarii,
1067 2443 1140 2500 extis
1163 2443 1267 2513 adesis,

225 2548 255 2603 nd
273 2557 394 2606 ceteram
426 2547 558 2602 venirent
586 2546 700 2621 dapem.
744 2546 817 2603 Inde
838 2548 999 2607 institutum
1029 2551 1148 2621 mansit,
1176 2550 1267 2609 donec

225 2654 358 2710 Pinarium
377 2670 468 2727 genus
491 2650 563 2723 fnit,
583 2671 620 2709 ne
642 2653 716 2710 extis
735 2652 917 2711 sollemnium
939 2666 1130 2717 vescerentur.
1166 2656 1267 2714 Potitii
1283 2652 1317 2706 14

172 2733 173 2740 ¹
226 2759 256 2814 ab
274 2759 409 2816 Euandro
431 2758 526 2814 edocti
541 2756 682 2815 antistites
704 2758 780 2815 sacri
801 2757 863 2815 eius
885 2777 938 2834 per
959 2761 1064 2819 multas
1086 2769 1184 2819 aetates
1205 2761 1266 2818 fus·

226 2873 291 2933 runt,
310 2864 410 2933 donec,
431 2863 539 2920 tradito
561 2862 652 2920 servis
673 2862 796 2938 publicis
819 2864 952 2924 sollemni
973 2865 1090 2923 familias
1101 2866 1267 2939 ministerio,

227 2988 304 3044 genus
333 2988 417 3027 omne
441 2969 618 3028 Potitiorum
645 2968 762 3026 interiit.
825 2970 898 3027 Hac
922 2979 982 3028 tum
1013 2990 1097 3030 sacra
1126 2973 1268 3030 Romulus
1283 2972 1318 3026 15

228 3094 275 3131 una
300 3096 335 3134 ex
362 3051 495 3134 omnibus
521 3075 674 3151 peregrina
702 3075 928 3151 suscepit,'iam
956 3085 1017 3135 tum
1044 3078 1267 3136 immortalitatis

228 3182 319 3240 virtute
340 3193 439 3259 partae,
461 3184 500 3241 ad
522 3200 608 3256 quam
630 3201 695 3238 eum
719 3200 773 3239 sua
793 3181 857 3240 fata
881 3183 1036 3253 ducebant,
1060 3181 1165 3240 fautor.

298 3290 391 3347 Rebus
423 3288 528 3347 divinis
558 3287 612 3344 rite
637 3287 825 3362 perpetratis,
856 3295 1018 3362 vocataque
1049 3288 1086 3345 ad
1115 3288 1266 3346 concilium
1339 3282 1362 3349 8

230 3394 407 3464 multitudine,
437 3413 501 3470 quae
533 3393 696 3464 coalescere
722 3391 752 3447 in
778 3394 879 3468 populi
901 3393 984 3451 nnius
1012 3412 1115 3471 corpus
1136 3394 1215 3453 nulla
1236 3414 1268 3452 re

230 3509 403 3575 preterquam
424 3502 536 3577 legibus
549 3507 680 3576 poterat,
701 3498 766 3555 iura
788 3499 881 3569 dedit3
904 3518 967 3574 qua
988 3500 1030 3557 ita
1051 3507 1151 3556 sancta
1171 3491 1298 3574 generi2
1382 3494 1391 3535 ἒ

231 3604 360 3664 hominum
382 3608 490 3683 agresti
509 3606 572 3663 iore
593 3613 689 3673 ratus,
712 3605 738 3662 si
758 3622 790 3661 se
811 3603 874 3679 ipse
895 3604 1088 3662 venerabilem
1111 3604 1269 3679 insignibus

232 3709 328 3786 imperii
337 3713 459 3783 fecisset,
480 3730 568 3786 quum
580 3720 676 3768 cetero
687 3710 789 3768 habitu
800 3728 832 3767 ss
843 3711 1048 3784 augustiorem,
1070 3718 1130 3767 tmn
1144 3710 1270 3767 maxime

232 3814 361 3875 lictoribus
383 3816 534 3876 duodecim
556 3816 680 3891 sumptis
694 3813 772 3875 iecit.
805 3815 867 3875 Alii
876 3817 920 3873 ab
942 3834 1062 3875 numero
1078 3816 1184 3885 avium,
1207 3810 1299 3889 quaed

235 3924 336 3996 augurio
354 3942 474 3999 regnum
495 3922 718 3998 portenderant,
741 3941 806 3979 eum
830 3931 961 3980 secutum
983 3940 1133 4003 numerum
1154 3929 1270 3995 putant;

235 4045 273 4083 mc
289 4030 359 4088 haud
378 4029 496 4105 paenitet
517 4046 616 4085 eorum
636 4026 786 4098 sententia
808 4044 886 4099 esse,
915 4028 1017 4103 quibus
1039 4038 1068 4086 et
1090 4028 1270 4103 apparitores

236 4132 380 4211 borgenne
401 4138 439 4193 ab
460 4135 591 4193 Etruscis
611 4132 750 4202 finitimis,
775 4133 852 4189 unde
873 4134 944 4189 sella
967 4130 1082 4204 curulis,
1103 4135 1179 4191 unde
1200 4142 1269 4209 toga

238 4240 357 4311 pretim
367 4251 483 4318 sumpta
494 4249 549 4311 est,
571 4248 764 4297 etnumerum
779 4256 896 4313 quoque
916 4239 1010 4313 ipsum
1033 4239 1150 4299 ductum
1165 4239 1268 4314 placet,
