3392 5084
493 467 548 569 lssb
772 509 852 558 Liber
870 507 943 560 VIII.
981 507 1028 568 (A.
1039 523 1064 559 u.
1076 523 1098 559 e.
1109 508 1183 564 4³2.)

415 700 538 768 duaque
559 692 596 750 ad
618 695 772 752 stationem
794 696 959 752 Romanam
980 692 1129 752 inferrent.
1172 693 1244 749 Nox
1264 692 1487 768 iamappeteba13

446 799 476 857 id
497 799 645 874 prohibuit
665 801 843 858 munimenta
865 799 988 868 adoriri;
1020 818 1073 855 uec
1094 800 1325 868 dissimulabant,
1354 809 1418 855 orta
1436 800 1488 854 luce

417 914 563 980 tpostero
594 904 641 962 die
671 903 808 962 facturos.
863 906 998 964 Dictator
1027 906 1077 962 ubi
1106 907 1272 982 propiorem
1304 923 1354 978 spe
1385 905 1489 961 dimica·

447 1010 553 1067 tionem
575 1010 664 1078 vidit,
696 1030 732 1067 ne
759 1010 880 1068 militnm
910 1012 1010 1070 virtuti
1039 1012 1145 1068 damno
1167 1009 1248 1066 loeus
1271 1020 1359 1081 esset,
1391 1011 1490 1085 ignibus

447 1117 556 1174 crebris
578 1116 694 1187 relictis,
726 1117 776 1191 qui
800 1128 984 1192 conspectum
1007 1117 1132 1175 hostium
1155 1116 1373 1184 frustrarentur,
1393 1116 1490 1174 silentio

446 1223 573 1297 legiones
608 1222 716 1291 edacit;
756 1241 810 1280 nec
842 1233 939 1280 tamen
975 1222 1075 1280 fallere
1106 1233 1228 1297 propter
1261 1222 1491 1297 propinquitatem

417 1336 607 1391 5castrorum
628 1330 728 1404 potuit.
774 1331 874 1404 Eques
896 1328 1041 1404 extemplo
1060 1329 1205 1385 insecutus
1219 1329 1260 1385 ita
1274 1328 1378 1384 institit
1391 1327 1492 1402 agmini,

447 1443 491 1500 ut,
511 1436 603 1492 donee
624 1435 793 1503 lucesceret,
820 1435 922 1510 proelio
945 1435 1116 1504 abstinerem
1150 1455 1186 1491 ne
1214 1435 1363 1509 pedestres
1392 1434 1492 1508 quidem

335 1561 339 1568 ·
416 1541 537 1617 (tropica
558 1550 625 1598 ante
648 1541 740 1598 lucem
765 1541 867 1597 castris
890 1559 1021 1616 egressa.
1077 1541 1175 1615 Eques
1197 1540 1262 1597 luce
1284 1541 1399 1597 demum
1421 1557 1494 1595 ausus

445 1647 593 1704 incursare
613 1646 643 1703 in
663 1647 785 1715 bostem,
807 1649 953 1720 carpendo
971 1647 1144 1704 novissimos
1165 1647 1383 1720 premendoque
1403 1644 1494 1718 iniquis

446 1752 484 1808 ad
512 1752 664 1808 transitum
692 1751 763 1808 locis
793 1769 896 1826 agmen
926 1752 1055 1809 detinuit
1113 1753 1231 1810 Interim
1265 1753 1354 1828 pedes
1384 1752 1494 1826 equitem

417 1868 605 1929 tassecutus,
627 1867 656 1914 et
677 1858 745 1915 totis
765 1858 825 1915 iant
846 1857 938 1932 copiis
963 1856 1078 1914 Samnis
1101 1859 1231 1933 urgebat.
1276 1860 1353 1916 Turn
1376 1860 1495 1922 dictator,

446 1972 601 2038 postquam
623 1964 685 2021 sine
706 1957 812 2038 magno
837 1963 1023 2048 incommodo
1046 1963 1182 2038 progredi
1202 1983 1260 2020 nou
1282 1974 1414 2038 poterat,
1443 1981 1496 2019 eum

401 2090 405 2099 ¹
446 2070 557 2146 ipsum,
589 2071 619 2126 iu
641 2088 699 2144 quo
721 2068 903 2137 constiterat,
936 2068 1032 2125 locum
1061 2069 1163 2126 castris
1189 2070 1323 2127 dimetari
1345 2070 1436 2129 iussit.
1470 2067 1497 2124 ld

447 2195 527 2246 vero,
549 2175 722 2233 circumfuso
744 2174 871 2248 undique
893 2175 1101 2249 equitatu,‘ut
1124 2175 1232 2232 vallum
1253 2186 1403 2250 peteretur
1423 2194 1497 2250 opus·
1521 2245 1522 2260 χ

417 2287 504 2356 8que
524 2283 671 2357 inciperet,
693 2281 755 2338 fieri
776 2301 833 2339 non
856 2289 981 2355 poterat.
1023 2282 1127 2356 Itaque
1143 2281 1192 2338 ubi
1207 2300 1301 2356 neque
1316 2281 1404 2341 eundi
1419 2299 1498 2354 neque
1521 2265 1522 2294 ³

449 2388 583 2444 manendi
609 2388 722 2462 copiam
752 2405 816 2443 esse
842 2388 939 2458 videt,
972 2388 1086 2444 instruit
1113 2387 1204 2444 aciem
1233 2388 1446 2462 impedimentis
1471 2406 1499 2442 ex

448 2494 564 2568 agmine
591 2494 721 2553 remotis.
772 2494 923 2551 Instruunt
956 2504 1057 2551 eontra
1085 2502 1113 2550 et
1141 2494 1254 2562 hostes,
1291 2502 1321 2550 et
1352 2493 1456 2550 animis
1478 2503 1500 2547 et

417 2600 557 2660 tlviribus
577 2618 673 2675 pares.
722 2602 858 2657 Auxerat
877 2601 907 2656 id
930 2600 1056 2657 maxime
1075 2597 1197 2666 animos,
1219 2601 1298 2673 quod
1320 2600 1425 2674 ignari,
1445 2601 1500 2656 loco
1520 2579 1521 2586 ἵ

447 2705 557 2780 iniquo,
578 2724 637 2762 non
657 2706 735 2763 hosti
755 2723 877 2774 cessum,
906 2705 985 2762 velut
1008 2703 1151 2778 fugientes
1173 2723 1208 2760 ac
1229 2704 1346 2762 territos
1367 2707 1501 2762 terribiles

400 2812 502 2887 toipsi
537 2812 627 2869 secuti
656 2812 778 2869 fuerant.
838 2813 874 2868 Id
899 2811 1076 2886 aliquamdiu
1113 2810 1239 2883 aequavit
1267 2830 1415 2886 pugnam,
1451 2813 1501 2868 iam

448 2917 559 2992 pridem
579 2900 710 2974 ‘desueto
740 2917 870 2974 Samnite
909 2917 1065 2974 clamorem
1101 2915 1226 2972 Romani
1256 2918 1401 2974 exereitus
1435 2919 1502 2992 pati:

448 3032 480 3080 at
499 3023 614 3079 hercule
635 3023 685 3079 illo
707 3023 754 3079 die
776 3024 814 3080 ab
836 3025 910 3079 hora
931 3022 987 3080 diei
1011 3023 1096 3079 tertia
1123 3023 1161 3078 ad
1183 3030 1319 3080 octavam
1340 3024 1382 3080 ita
1404 3041 1501 3096 anceps

448 3128 551 3186 dicitur
573 3140 718 3186 certamen
740 3129 870 3197 stetisse,
905 3139 936 3186 ut
965 3147 1059 3202 neque
1088 3129 1212 3197 elamor,
1244 3137 1276 3184 ut
1303 3128 1397 3203 primo
1422 3129 1502 3186 semel

448 3253 589 3293 concursu
610 3246 655 3292 est
672 3235 819 3303 sublatus,
847 3235 968 3291 iteratus
993 3235 1029 3290 sit
1056 3253 1149 3308 neque
1175 3235 1260 3308 signa
1287 3248 1424 3310 promota
1444 3237 1501 3291 loro

400 3348 431 3401 ll
448 3354 564 3399 retrove
593 3350 710 3416 recepta
741 3360 835 3416 neque
863 3358 1010 3398 recursum
1042 3341 1080 3397 ab
1111 3339 1170 3396 ulla
1194 3340 1231 3395 sit
1252 3351 1345 3415 parte.
1398 3341 1433 3397 In
1456 3359 1501 3397 suo

336 3510 351 3543 δ
449 3447 570 3522 quiaque
600 3448 692 3523 gradu
720 3447 836 3517 obnixi,
874 3455 1008 3519 urgentes
1039 3446 1142 3515 scutis,
1172 3445 1234 3502 sine
1261 3446 1453 3521 respiratione
1473 3463 1501 3501 ac

447 3563 578 3627 respectu
600 3556 782 3627 pugnabant3
796 3552 934 3610 ⁴fremitus
956 3553 1079 3626 aequalis·
1096 3562 1235 3626 tenorque
1256 3552 1332 3609 idem
1354 3569 1459 3626 pugnae
1478 3553 1518 3636 ³¹¹2

400 3661 434 3717 tt
449 3658 684 3732 defatigationem
713 3659 842 3715 ultimam
880 3654 934 3715 aut¹
965 3666 1079 3714 noctem
1112 3659 1271 3734 spectabat.
1335 3658 1399 3714 Iam
1440 3657 1500 3713 viris

447 3762 534 3832 vires,
556 3763 614 3820 iam
638 3763 714 3820 ferro
736 3782 791 3820 sua
811 3764 865 3834 vis,
896 3763 955 3820 iam
977 3765 1098 3821 consilia
1119 3764 1239 3822 ducibus
1261 3761 1389 3832 deerant,
1420 3781 1498 3837 quun

448 3869 543 3926 subit-o
566 3870 737 3928 Samnitium
761 3871 880 3944 equites,
904 3889 1002 3945 quum,
1025 3881 1123 3926 turma
1145 3887 1203 3925 una
1224 3868 1338 3942 longius
1361 3881 1517 3943 provecta„

410 4013 413 4018 -
449 3976 641 4050 accepissent,
672 3975 878 4050 impedimenta
900 3979 1097 4034 Romanorum
1122 3974 1224 4050 procul
1246 3973 1283 4030 ab
1305 3975 1427 4030 armatis
1447 3976 1497 4030 sine

449 4081 597 4155 praesidio,
619 4081 681 4137 sine
703 4081 879 4138 munimento
900 4093 992 4150 stare,
1014 4081 1153 4138 aviditate
1175 4080 1281 4154 praedae
1301 4080 1441 4154 impetum
1463 4079 1496 4135 la·

399 4190 435 4246 13
449 4188 535 4244 ciunt.
579 4187 665 4260 Quod
681 4189 730 4245 abi
744 4189 878 4246 dictatori
892 4187 1020 4262 trepidus
1035 4187 1151 4243 nuntius
1167 4185 1271 4256 att-ulit,
1295 4185 1384 4255 „Sine
1400 4186 1495 4242 modo*

447 4293 549 4367 inquit,
573 4312 656 4361 „sese
676 4295 775 4368 prreda
786 4293 993 4369 praepediant.“
1032 4291 1095 4349 Alii
1106 4291 1207 4348 deinde
1225 4309 1313 4367 super
1327 4292 1410 4361 alios,
1426 4289 1496 4362 diripi
