<?xml version="1.0" encoding="UTF-8"?>
<!DOCTYPE html PUBLIC "-//W3C//DTD XHTML 1.0 Transitional//EN"
    "http://www.w3.org/TR/xhtml1/DTD/xhtml1-transitional.dtd">
<html xmlns="http://www.w3.org/1999/xhtml" xml:lang="en" lang="en">
 <head>
  <title>
</title>
<meta http-equiv="Content-Type" content="text/html;charset=utf-8" />
  <meta name='ocr-system' content='tesseract 3.04.00' />
  <meta name='ocr-capabilities' content='ocr_page ocr_carea ocr_par ocr_line ocrx_word'/>
</head>
<body>
  <div class='ocr_page' id='page_1' title='image "./titiliviihistor03ussigoog_0181.png"; bbox 0 0 3392 5084; ppageno 0'>
   <div class='ocr_carea' id='block_1_1' title="bbox 526 463 1204 529">
    <p class='ocr_par' dir='ltr' id='par_1_1' title="bbox 526 463 1204 529">
     <span class='ocr_line' id='line_1_1' title="bbox 526 463 1204 529; baseline 0.012 -13"><span class='ocrx_word' id='word_1_1' title='bbox 526 467 605 516; x_wconf 85' lang='lat' dir='ltr'>Liber</span> <span class='ocrx_word' id='word_1_2' title='bbox 620 465 671 517; x_wconf 81' lang='grc' dir='ltr'>ΠΙ.</span> <span class='ocrx_word' id='word_1_3' title='bbox 706 465 752 529; x_wconf 80' lang='lat' dir='ltr'>(A.</span> <span class='ocrx_word' id='word_1_4' title='bbox 773 463 821 516; x_wconf 77' lang='lat' dir='ltr'>Ob.</span> <span class='ocrx_word' id='word_1_5' title='bbox 839 464 913 528; x_wconf 74' lang='grc'><strong>460.)</strong></span> <span class='ocrx_word' id='word_1_6' title='bbox 993 521 995 528; x_wconf 70' lang='grc'>,</span> <span class='ocrx_word' id='word_1_7' title='bbox 1147 467 1204 528; x_wconf 77' lang='grc'>143</span> 
     </span>
    </p>
   </div>
   <div class='ocr_carea' id='block_1_2' title="bbox 195 639 1283 2317">
    <p class='ocr_par' dir='ltr' id='par_1_2' title="bbox 195 639 1283 2317">
     <span class='ocr_line' id='line_1_2' title="bbox 195 639 1278 730; baseline -0.002 -20"><span class='ocrx_word' id='word_1_8' title='bbox 195 673 257 730; x_wconf 81' lang='lat' dir='ltr'>gem</span> <span class='ocrx_word' id='word_1_9' title='bbox 287 652 342 710; x_wconf 90' lang='lat' dir='ltr'>sibi</span> <span class='ocrx_word' id='word_1_10' title='bbox 367 652 572 727; x_wconf 73' lang='lat' dir='ltr'>subrogasset,</span> <span class='ocrx_word' id='word_1_11' title='bbox 606 669 714 726; x_wconf 76' lang='lat' dir='ltr'>negare</span> <span class='ocrx_word' id='word_1_12' title='bbox 739 668 892 726; x_wconf 75' lang='lat' dir='ltr'>passumus</span> <span class='ocrx_word' id='word_1_13' title='bbox 922 649 971 724; x_wconf 76' lang='lat' dir='ltr'>agi</span> <span class='ocrx_word' id='word_1_14' title='bbox 998 649 1035 706; x_wconf 86' lang='lat' dir='ltr'>de</span> <span class='ocrx_word' id='word_1_15' title='bbox 1065 639 1138 724; x_wconf 80' lang='lat' dir='ltr'>leg&#39;e.</span> <span class='ocrx_word' id='word_1_16' title='bbox 1193 649 1278 708; x_wconf 71' lang='lat' dir='ltr'>Heri</span> 
     </span>
     <span class='ocr_line' id='line_1_3' title="bbox 196 754 1246 831; baseline -0.005 -15"><span class='ocrx_word' id='word_1_17' title='bbox 196 771 306 816; x_wconf 85' lang='lat' dir='ltr'>tenuere</span> <span class='ocrx_word' id='word_1_18' title='bbox 335 757 533 816; x_wconf 78' lang='lat' dir='ltr'>contentiones</span> <span class='ocrx_word' id='word_1_19' title='bbox 561 775 654 831; x_wconf 86' lang='lat' dir='ltr'>nsque</span> <span class='ocrx_word' id='word_1_20' title='bbox 685 755 723 812; x_wconf 82' lang='lat' dir='ltr'>sd</span> <span class='ocrx_word' id='word_1_21' title='bbox 755 755 872 812; x_wconf 84' lang='lat' dir='ltr'>comitio</span> <span class='ocrx_word' id='word_1_22' title='bbox 907 756 1031 814; x_wconf 87' lang='lat' dir='ltr'>consulis</span> <span class='ocrx_word' id='word_1_23' title='bbox 1061 754 1246 829; x_wconf 79' lang='lat' dir='ltr'>subrogandi.</span> 
     </span>
     <span class='ocr_line' id='line_1_4' title="bbox 196 859 1280 936; baseline -0.003 -15"><span class='ocrx_word' id='word_1_24' title='bbox 196 863 345 921; x_wconf 90' lang='lat' dir='ltr'>Decembri</span> <span class='ocrx_word' id='word_1_25' title='bbox 371 883 471 920; x_wconf 89' lang='lat' dir='ltr'>mense</span> <span class='ocrx_word' id='word_1_26' title='bbox 499 882 614 920; x_wconf 91' lang='lat' dir='ltr'>summo</span> <span class='ocrx_word' id='word_1_27' title='bbox 641 869 758 936; x_wconf 88' lang='lat' dir='ltr'>patrum</span> <span class='ocrx_word' id='word_1_28' title='bbox 785 861 882 918; x_wconf 88' lang='lat' dir='ltr'>studio</span> <span class='ocrx_word' id='word_1_29' title='bbox 905 863 939 921; x_wconf 90' lang='lat' dir='ltr'>L.</span> <span class='ocrx_word' id='word_1_30' title='bbox 962 861 1112 934; x_wconf 84' lang='lat' dir='ltr'>Quinctius</span> <span class='ocrx_word' id='word_1_31' title='bbox 1134 859 1248 918; x_wconf 87' lang='lat' dir='ltr'>Cincin·</span> <span class='ocrx_word' id='word_1_32' title='bbox 1276 865 1280 872; x_wconf 88' lang='grc'><strong>’</strong></span> 
     </span>
     <span class='ocr_line' id='line_1_5' title="bbox 197 966 1248 1045; baseline -0.002 -19"><span class='ocrx_word' id='word_1_33' title='bbox 197 982 291 1045; x_wconf 79' lang='lat' dir='ltr'>natus,</span> <span class='ocrx_word' id='word_1_34' title='bbox 313 979 398 1045; x_wconf 86' lang='lat' dir='ltr'>pater</span> <span class='ocrx_word' id='word_1_35' title='bbox 419 967 563 1039; x_wconf 83' lang='lat' dir='ltr'>Gsesonis,</span> <span class='ocrx_word' id='word_1_36' title='bbox 584 967 833 1036; x_wconf 78' lang='lat' dir='ltr'>consulerentur,</span> <span class='ocrx_word' id='word_1_37' title='bbox 858 966 908 1041; x_wconf 90' lang='lat' dir='ltr'>qui</span> <span class='ocrx_word' id='word_1_38' title='bbox 929 966 1129 1041; x_wconf 80' lang='lat' dir='ltr'>magistratum</span> <span class='ocrx_word' id='word_1_39' title='bbox 1151 967 1248 1024; x_wconf 82' lang='lat' dir='ltr'>stetim</span> 
     </span>
     <span class='ocr_line' id='line_1_6' title="bbox 200 1072 1280 1151; baseline 0 -18"><span class='ocrx_word' id='word_1_40' title='bbox 200 1077 344 1151; x_wconf 89' lang='lat' dir='ltr'>occiperet.</span> <span class='ocrx_word' id='word_1_41' title='bbox 393 1075 536 1134; x_wconf 81' lang='lat' dir='ltr'>Perculsa</span> <span class='ocrx_word' id='word_1_42' title='bbox 563 1082 627 1134; x_wconf 82' lang='lat' dir='ltr'>erat</span> <span class='ocrx_word' id='word_1_43' title='bbox 651 1072 752 1148; x_wconf 83' lang='lat' dir='ltr'>plebes</span> <span class='ocrx_word' id='word_1_44' title='bbox 785 1073 931 1131; x_wconf 89' lang='lat' dir='ltr'>consulem</span> <span class='ocrx_word' id='word_1_45' title='bbox 963 1073 1100 1130; x_wconf 82' lang='lat' dir='ltr'>habitura</span> <span class='ocrx_word' id='word_1_46' title='bbox 1133 1073 1280 1142; x_wconf 71' lang='lat' dir='ltr'>intuma</span> 
     </span>
     <span class='ocr_line' id='line_1_7' title="bbox 198 1177 1249 1257; baseline -0.005 -17"><span class='ocrx_word' id='word_1_47' title='bbox 198 1193 337 1257; x_wconf 87' lang='lat' dir='ltr'>potentem</span> <span class='ocrx_word' id='word_1_48' title='bbox 357 1181 462 1238; x_wconf 85' lang='lat' dir='ltr'>favore</span> <span class='ocrx_word' id='word_1_49' title='bbox 482 1189 614 1256; x_wconf 87' lang='lat' dir='ltr'>patrum,</span> <span class='ocrx_word' id='word_1_50' title='bbox 644 1179 750 1236; x_wconf 76' lang='lat' dir='ltr'>virtute</span> <span class='ocrx_word' id='word_1_51' title='bbox 770 1195 843 1247; x_wconf 84' lang='lat' dir='ltr'>sna,</span> <span class='ocrx_word' id='word_1_52' title='bbox 872 1177 963 1236; x_wconf 85' lang='lat' dir='ltr'>trihus</span> <span class='ocrx_word' id='word_1_53' title='bbox 984 1178 1097 1248; x_wconf 85' lang='lat' dir='ltr'>liberis,</span> <span class='ocrx_word' id='word_1_54' title='bbox 1126 1197 1249 1254; x_wconf 90' lang='lat' dir='ltr'>quorum</span> 
     </span>
     <span class='ocr_line' id='line_1_8' title="bbox 198 1283 1251 1360; baseline -0.004 -14"><span class='ocrx_word' id='word_1_55' title='bbox 198 1307 277 1346; x_wconf 90' lang='lat' dir='ltr'>nemo</span> <span class='ocrx_word' id='word_1_56' title='bbox 298 1287 414 1346; x_wconf 78' lang='lat' dir='ltr'>Casoni</span> <span class='ocrx_word' id='word_1_57' title='bbox 434 1286 555 1344; x_wconf 77' lang='lat' dir='ltr'><strong>cedebat</strong></span> <span class='ocrx_word' id='word_1_58' title='bbox 576 1285 773 1360; x_wconf 79' lang='lat' dir='ltr'>magnitudine</span> <span class='ocrx_word' id='word_1_59' title='bbox 791 1283 889 1354; x_wconf 83' lang='lat' dir='ltr'>enimi,</span> <span class='ocrx_word' id='word_1_60' title='bbox 911 1285 1061 1342; x_wconf 83' lang='lat' dir='ltr'>consilium</span> <span class='ocrx_word' id='word_1_61' title='bbox 1083 1295 1112 1342; x_wconf 91' lang='lat' dir='ltr'>et</span> <span class='ocrx_word' id='word_1_62' title='bbox 1132 1285 1251 1342; x_wconf 88' lang='lat' dir='ltr'>modum</span> 
     </span>
     <span class='ocr_line' id='line_1_9' title="bbox 201 1390 1282 1467; baseline -0.002 -13"><span class='ocrx_word' id='word_1_63' title='bbox 201 1396 365 1464; x_wconf 81' lang='lat' dir='ltr'>adhibendo,</span> <span class='ocrx_word' id='word_1_64' title='bbox 386 1392 438 1450; x_wconf 91' lang='lat' dir='ltr'>ubi</span> <span class='ocrx_word' id='word_1_65' title='bbox 453 1411 500 1448; x_wconf 92' lang='lat' dir='ltr'>res</span> <span class='ocrx_word' id='word_1_66' title='bbox 514 1402 656 1467; x_wconf 86' lang='lat' dir='ltr'>posceret,</span> <span class='ocrx_word' id='word_1_67' title='bbox 677 1391 789 1467; x_wconf 79' lang='lat' dir='ltr'>priores</span> <span class='ocrx_word' id='word_1_68' title='bbox 810 1401 901 1449; x_wconf 85' lang='lat' dir='ltr'>erunt.</span> <span class='ocrx_word' id='word_1_69' title='bbox 943 1393 975 1450; x_wconf 91' lang='lat' dir='ltr'>Is</span> <span class='ocrx_word' id='word_1_70' title='bbox 996 1403 1029 1449; x_wconf 87' lang='lat' dir='ltr'>ut</span> <span class='ocrx_word' id='word_1_71' title='bbox 1050 1390 1282 1466; x_wconf 76' lang='lat' dir='ltr'>magistratumt</span> 
     </span>
     <span class='ocr_line' id='line_1_10' title="bbox 200 1472 1252 1574; baseline -0.005 -15"><span class='ocrx_word' id='word_1_72' title='bbox 200 1503 265 1572; x_wconf 86' lang='lat' dir='ltr'>iniit,</span> <span class='ocrx_word' id='word_1_73' title='bbox 286 1499 409 1558; x_wconf 77' lang='lat' dir='ltr'>assiduis</span> <span class='ocrx_word' id='word_1_74' title='bbox 431 1498 611 1556; x_wconf 91' lang='lat' dir='ltr'>contionibus</span> <span class='ocrx_word' id='word_1_75' title='bbox 633 1516 687 1573; x_wconf 92' lang='lat' dir='ltr'>pro</span> <span class='ocrx_word' id='word_1_76' title='bbox 708 1472 845 1554; x_wconf 67' lang='lat' dir='ltr'>tribunali</span> <span class='ocrx_word' id='word_1_77' title='bbox 865 1515 924 1554; x_wconf 90' lang='lat' dir='ltr'>non</span> <span class='ocrx_word' id='word_1_78' title='bbox 947 1497 977 1554; x_wconf 90' lang='lat' dir='ltr'>in</span> <span class='ocrx_word' id='word_1_79' title='bbox 994 1499 1077 1574; x_wconf 91' lang='lat' dir='ltr'>plebe</span> <span class='ocrx_word' id='word_1_80' title='bbox 1093 1496 1252 1554; x_wconf 80' lang='lat' dir='ltr'>coercendo</span> 
     </span>
     <span class='ocr_line' id='line_1_11' title="bbox 203 1601 1252 1682; baseline -0.005 -17"><span class='ocrx_word' id='word_1_81' title='bbox 203 1627 283 1682; x_wconf 89' lang='lat' dir='ltr'>qnam</span> <span class='ocrx_word' id='word_1_82' title='bbox 302 1615 405 1664; x_wconf 89' lang='lat' dir='ltr'>senatu</span> <span class='ocrx_word' id='word_1_83' title='bbox 420 1603 589 1678; x_wconf 87' lang='lat' dir='ltr'>castigando</span> <span class='ocrx_word' id='word_1_84' title='bbox 603 1602 802 1660; x_wconf 88' lang='lat' dir='ltr'>vehementior</span> <span class='ocrx_word' id='word_1_85' title='bbox 810 1601 875 1672; x_wconf 86' lang='lat' dir='ltr'>fnit,</span> <span class='ocrx_word' id='word_1_86' title='bbox 897 1603 977 1660; x_wconf 92' lang='lat' dir='ltr'>ouius</span> <span class='ocrx_word' id='word_1_87' title='bbox 992 1603 1100 1662; x_wconf 85' lang='lat' dir='ltr'>ordinis</span> <span class='ocrx_word' id='word_1_88' title='bbox 1112 1603 1252 1678; x_wconf 76' lang='lat' dir='ltr'>languore</span> 
     </span>
     <span class='ocr_line' id='line_1_12' title="bbox 202 1708 1251 1789; baseline -0.005 -18"><span class='ocrx_word' id='word_1_89' title='bbox 202 1713 325 1789; x_wconf 88' lang='lat' dir='ltr'>perpetui</span> <span class='ocrx_word' id='word_1_90' title='bbox 344 1713 404 1770; x_wconf 87' lang='lat' dir='ltr'>iarn</span> <span class='ocrx_word' id='word_1_91' title='bbox 425 1710 534 1767; x_wconf 89' lang='lat' dir='ltr'>tribuni</span> <span class='ocrx_word' id='word_1_92' title='bbox 554 1709 656 1786; x_wconf 90' lang='lat' dir='ltr'>plebis,</span> <span class='ocrx_word' id='word_1_93' title='bbox 676 1727 735 1765; x_wconf 90' lang='lat' dir='ltr'>uon</span> <span class='ocrx_word' id='word_1_94' title='bbox 746 1718 779 1765; x_wconf 91' lang='lat' dir='ltr'>ut</span> <span class='ocrx_word' id='word_1_95' title='bbox 790 1709 822 1765; x_wconf 91' lang='lat' dir='ltr'>in</span> <span class='ocrx_word' id='word_1_96' title='bbox 833 1727 866 1765; x_wconf 90' lang='lat' dir='ltr'>rc</span> <span class='ocrx_word' id='word_1_97' title='bbox 879 1709 996 1784; x_wconf 82' lang='lat' dir='ltr'>publice</span> <span class='ocrx_word' id='word_1_98' title='bbox 1005 1709 1106 1786; x_wconf 91' lang='lat' dir='ltr'>populi</span> <span class='ocrx_word' id='word_1_99' title='bbox 1116 1708 1251 1779; x_wconf 83' lang='lat' dir='ltr'>Romani,</span> 
     </span>
     <span class='ocr_line' id='line_1_13' title="bbox 204 1813 1283 1892; baseline -0.007 -16"><span class='ocrx_word' id='word_1_100' title='bbox 204 1821 248 1877; x_wconf 90' lang='lat' dir='ltr'>sed</span> <span class='ocrx_word' id='word_1_101' title='bbox 267 1819 348 1876; x_wconf 90' lang='lat' dir='ltr'>utin</span> <span class='ocrx_word' id='word_1_102' title='bbox 371 1817 486 1892; x_wconf 79' lang='lat' dir='ltr'>perdite</span> <span class='ocrx_word' id='word_1_103' title='bbox 508 1817 596 1874; x_wconf 93' lang='lat' dir='ltr'>domo</span> <span class='ocrx_word' id='word_1_104' title='bbox 622 1815 722 1890; x_wconf 82' lang='lat' dir='ltr'>lingna</span> <span class='ocrx_word' id='word_1_105' title='bbox 749 1814 972 1888; x_wconf 78' lang='lat' dir='ltr'>criminibusque</span> <span class='ocrx_word' id='word_1_106' title='bbox 993 1825 1159 1890; x_wconf 79' lang='lat' dir='ltr'>regnarent:</span> <span class='ocrx_word' id='word_1_107' title='bbox 1186 1813 1283 1872; x_wconf 78' lang='lat' dir='ltr'>cumb</span> 
     </span>
     <span class='ocr_line' id='line_1_14' title="bbox 205 1919 1252 1991; baseline -0.005 -8"><span class='ocrx_word' id='word_1_108' title='bbox 205 1926 315 1984; x_wconf 78' lang='lat' dir='ltr'>Caesone</span> <span class='ocrx_word' id='word_1_109' title='bbox 335 1924 394 1981; x_wconf 86' lang='lat' dir='ltr'>lilio</span> <span class='ocrx_word' id='word_1_110' title='bbox 418 1942 472 1979; x_wconf 88' lang='lat' dir='ltr'>suo</span> <span class='ocrx_word' id='word_1_111' title='bbox 493 1922 643 1990; x_wconf 87' lang='lat' dir='ltr'>virtutem,</span> <span class='ocrx_word' id='word_1_112' title='bbox 662 1919 869 1991; x_wconf 76' lang='lat' dir='ltr'>constantiam,</span> <span class='ocrx_word' id='word_1_113' title='bbox 890 1920 989 1978; x_wconf 83' lang='lat' dir='ltr'>omnia</span> <span class='ocrx_word' id='word_1_114' title='bbox 1009 1921 1164 1980; x_wconf 87' lang='lat' dir='ltr'>iuventutis</span> <span class='ocrx_word' id='word_1_115' title='bbox 1185 1921 1252 1979; x_wconf 91' lang='lat' dir='ltr'>belli</span> 
     </span>
     <span class='ocr_line' id='line_1_15' title="bbox 208 2025 1252 2106; baseline -0.004 -18"><span class='ocrx_word' id='word_1_116' title='bbox 208 2033 330 2106; x_wconf 86' lang='lat' dir='ltr'>domique</span> <span class='ocrx_word' id='word_1_117' title='bbox 350 2031 459 2087; x_wconf 89' lang='lat' dir='ltr'>decora</span> <span class='ocrx_word' id='word_1_118' title='bbox 472 2027 557 2103; x_wconf 89' lang='lat' dir='ltr'>pulsa</span> <span class='ocrx_word' id='word_1_119' title='bbox 571 2046 609 2084; x_wconf 83' lang='lat' dir='ltr'>ex</span> <span class='ocrx_word' id='word_1_120' title='bbox 623 2027 694 2084; x_wconf 91' lang='lat' dir='ltr'>urbe</span> <span class='ocrx_word' id='word_1_121' title='bbox 705 2028 840 2085; x_wconf 85' lang='lat' dir='ltr'>Romane</span> <span class='ocrx_word' id='word_1_122' title='bbox 851 2036 880 2084; x_wconf 90' lang='lat' dir='ltr'>et</span> <span class='ocrx_word' id='word_1_123' title='bbox 890 2025 993 2102; x_wconf 77' lang='lat' dir='ltr'>iugata</span> <span class='ocrx_word' id='word_1_124' title='bbox 1007 2047 1084 2096; x_wconf 88' lang='lat' dir='ltr'>esse;</span> <span class='ocrx_word' id='word_1_125' title='bbox 1104 2027 1252 2102; x_wconf 74' lang='lat' dir='ltr'>loquaces,</span> 
     </span>
     <span class='ocr_line' id='line_1_16' title="bbox 207 2117 1252 2205; baseline -0.002 -13"><span class='ocrx_word' id='word_1_126' title='bbox 207 2138 362 2205; x_wconf 77' lang='lat' dir='ltr'>seditiosos,</span> <span class='ocrx_word' id='word_1_127' title='bbox 395 2135 506 2191; x_wconf 87' lang='lat' dir='ltr'>semine</span> <span class='ocrx_word' id='word_1_128' title='bbox 529 2132 753 2204; x_wconf 74' lang='lat' dir='ltr'>discordiarum,</span> <span class='ocrx_word' id='word_1_129' title='bbox 783 2117 886 2190; x_wconf 83' lang='lat' dir='ltr'>iterum</span> <span class='ocrx_word' id='word_1_130' title='bbox 917 2151 952 2191; x_wconf 89' lang='lat' dir='ltr'>ec</span> <span class='ocrx_word' id='word_1_131' title='bbox 978 2133 1092 2190; x_wconf 89' lang='lat' dir='ltr'>tertium</span> <span class='ocrx_word' id='word_1_132' title='bbox 1122 2135 1252 2191; x_wconf 83' lang='lat' dir='ltr'>tribunos</span> 
     </span>
     <span class='ocr_line' id='line_1_17' title="bbox 208 2238 1283 2317; baseline -0.004 -19"><span class='ocrx_word' id='word_1_133' title='bbox 208 2242 326 2317; x_wconf 86' lang='lat' dir='ltr'>pessimis</span> <span class='ocrx_word' id='word_1_134' title='bbox 357 2242 482 2311; x_wconf 81' lang='lat' dir='ltr'>artibus,</span> <span class='ocrx_word' id='word_1_135' title='bbox 510 2241 593 2316; x_wconf 86' lang='lat' dir='ltr'>regia</span> <span class='ocrx_word' id='word_1_136' title='bbox 612 2240 729 2296; x_wconf 77' lang='lat' dir='ltr'>licentio</span> <span class='ocrx_word' id='word_1_137' title='bbox 757 2239 865 2299; x_wconf 84' lang='lat' dir='ltr'>vivere.</span> <span class='ocrx_word' id='word_1_138' title='bbox 914 2239 1045 2308; x_wconf 85' lang='lat' dir='ltr'>„Aulus“</span> <span class='ocrx_word' id='word_1_139' title='bbox 1072 2238 1165 2313; x_wconf 90' lang='lat' dir='ltr'>inquit</span> <span class='ocrx_word' id='word_1_140' title='bbox 1188 2238 1283 2308; x_wconf 86' lang='lat' dir='ltr'>„ille6</span> 
     </span>
    </p>
   </div>
   <div class='ocr_carea' id='block_1_3' title="bbox 209 2345 1252 2437">
    <p class='ocr_par' dir='ltr' id='par_1_3' title="bbox 209 2345 1252 2437">
     <span class='ocr_line' id='line_1_18' title="bbox 209 2345 1252 2437; baseline 0 -34"><span class='ocrx_word' id='word_1_141' title='bbox 209 2349 365 2424; x_wconf 84' lang='lat' dir='ltr'>Verginius,</span> <span class='ocrx_word' id='word_1_142' title='bbox 395 2347 475 2437; x_wconf 40' lang='lat' dir='ltr'>quia!</span> <span class='ocrx_word' id='word_1_143' title='bbox 485 2347 515 2404; x_wconf 92' lang='lat' dir='ltr'>in</span> <span class='ocrx_word' id='word_1_144' title='bbox 536 2345 683 2422; x_wconf 80' lang='lat' dir='ltr'>Capitolio</span> <span class='ocrx_word' id='word_1_145' title='bbox 709 2364 768 2402; x_wconf 93' lang='lat' dir='ltr'>non</span> <span class='ocrx_word' id='word_1_146' title='bbox 788 2345 858 2416; x_wconf 78' lang='lat' dir='ltr'>tuit,</span> <span class='ocrx_word' id='word_1_147' title='bbox 887 2346 980 2404; x_wconf 89' lang='lat' dir='ltr'>minus</span> <span class='ocrx_word' id='word_1_148' title='bbox 1007 2345 1139 2421; x_wconf 86' lang='lat' dir='ltr'>supplicii</span> <span class='ocrx_word' id='word_1_149' title='bbox 1165 2364 1252 2420; x_wconf 88' lang='lat' dir='ltr'>quam</span> 
     </span>
    </p>
   </div>
   <div class='ocr_carea' id='block_1_4' title="bbox 212 2451 1285 4328">
    <p class='ocr_par' dir='ltr' id='par_1_4' title="bbox 212 2451 1285 4328">
     <span class='ocr_line' id='line_1_19' title="bbox 212 2451 1252 2529; baseline 0.001 -20"><span class='ocrx_word' id='word_1_150' title='bbox 212 2455 311 2529; x_wconf 78' lang='lat' dir='ltr'>Appius</span> <span class='ocrx_word' id='word_1_151' title='bbox 321 2454 488 2511; x_wconf 88' lang='lat' dir='ltr'>Herdonius</span> <span class='ocrx_word' id='word_1_152' title='bbox 502 2451 623 2510; x_wconf 81' lang='lat' dir='ltr'>meruit?</span> <span class='ocrx_word' id='word_1_153' title='bbox 645 2452 716 2510; x_wconf 87' lang='lat' dir='ltr'>Plus</span> <span class='ocrx_word' id='word_1_154' title='bbox 731 2453 847 2509; x_wconf 86' lang='lat' dir='ltr'>hercule</span> <span class='ocrx_word' id='word_1_155' title='bbox 862 2451 1019 2527; x_wconf 73' lang='lat' dir='ltr'>aliquanto,</span> <span class='ocrx_word' id='word_1_156' title='bbox 1043 2452 1171 2526; x_wconf 84' lang='lat' dir='ltr'>quivere</span> <span class='ocrx_word' id='word_1_157' title='bbox 1191 2471 1252 2510; x_wconf 89' lang='lat' dir='ltr'>rem</span> 
     </span>
     <span class='ocr_line' id='line_1_20' title="bbox 213 2557 1253 2628; baseline -0.002 -12"><span class='ocrx_word' id='word_1_158' title='bbox 213 2561 339 2618; x_wconf 71' lang='lat' dir='ltr'>estimare</span> <span class='ocrx_word' id='word_1_159' title='bbox 358 2558 436 2617; x_wconf 85' lang='lat' dir='ltr'>velit.</span> <span class='ocrx_word' id='word_1_160' title='bbox 479 2557 662 2628; x_wconf 83' lang='lat' dir='ltr'>Herdonius,</span> <span class='ocrx_word' id='word_1_161' title='bbox 683 2559 708 2615; x_wconf 90' lang='lat' dir='ltr'>si</span> <span class='ocrx_word' id='word_1_162' title='bbox 729 2558 800 2615; x_wconf 90' lang='lat' dir='ltr'>nihil</span> <span class='ocrx_word' id='word_1_163' title='bbox 821 2557 917 2627; x_wconf 82' lang='lat' dir='ltr'>eliud,</span> <span class='ocrx_word' id='word_1_164' title='bbox 949 2559 1059 2616; x_wconf 86' lang='lat' dir='ltr'>hostem</span> <span class='ocrx_word' id='word_1_165' title='bbox 1083 2577 1114 2616; x_wconf 88' lang='lat' dir='ltr'>se</span> <span class='ocrx_word' id='word_1_166' title='bbox 1135 2558 1253 2617; x_wconf 74' lang='lat' dir='ltr'>fetendo</span> 
     </span>
     <span class='ocr_line' id='line_1_21' title="bbox 213 2663 1254 2740; baseline -0.002 -18"><span class='ocrx_word' id='word_1_167' title='bbox 213 2683 289 2740; x_wconf 85' lang='lat' dir='ltr'>prope</span> <span class='ocrx_word' id='word_1_168' title='bbox 308 2663 503 2732; x_wconf 84' lang='lat' dir='ltr'>denuntiavit,</span> <span class='ocrx_word' id='word_1_169' title='bbox 523 2673 557 2720; x_wconf 90' lang='lat' dir='ltr'>ut</span> <span class='ocrx_word' id='word_1_170' title='bbox 578 2681 661 2720; x_wconf 80' lang='lat' dir='ltr'>erma</span> <span class='ocrx_word' id='word_1_171' title='bbox 681 2665 835 2740; x_wconf 80' lang='lat' dir='ltr'>caperetis3</span> <span class='ocrx_word' id='word_1_172' title='bbox 868 2664 915 2722; x_wconf 93' lang='lat' dir='ltr'>hic</span> <span class='ocrx_word' id='word_1_173' title='bbox 937 2665 1070 2739; x_wconf 78' lang='lat' dir='ltr'>negando</span> <span class='ocrx_word' id='word_1_174' title='bbox 1092 2665 1170 2723; x_wconf 88' lang='lat' dir='ltr'>bella</span> <span class='ocrx_word' id='word_1_175' title='bbox 1190 2663 1254 2721; x_wconf 78' lang='lat' dir='ltr'>esse</span> 
     </span>
     <span class='ocr_line' id='line_1_22' title="bbox 217 2770 1252 2844; baseline 0.001 -17"><span class='ocrx_word' id='word_1_176' title='bbox 217 2788 282 2827; x_wconf 83' lang='lat' dir='ltr'>urna</span> <span class='ocrx_word' id='word_1_177' title='bbox 300 2772 383 2829; x_wconf 76' lang='lat' dir='ltr'>vobis</span> <span class='ocrx_word' id='word_1_178' title='bbox 405 2770 514 2828; x_wconf 85' lang='lat' dir='ltr'>ademit</span> <span class='ocrx_word' id='word_1_179' title='bbox 533 2770 685 2844; x_wconf 88' lang='lat' dir='ltr'>nudosque</span> <span class='ocrx_word' id='word_1_180' title='bbox 706 2770 797 2828; x_wconf 86' lang='lat' dir='ltr'>servis</span> <span class='ocrx_word' id='word_1_181' title='bbox 818 2771 922 2828; x_wconf 88' lang='lat' dir='ltr'>vestris</span> <span class='ocrx_word' id='word_1_182' title='bbox 938 2781 966 2828; x_wconf 88' lang='lat' dir='ltr'>et</span> <span class='ocrx_word' id='word_1_183' title='bbox 976 2771 1123 2828; x_wconf 84' lang='lat' dir='ltr'>exsulibus</span> <span class='ocrx_word' id='word_1_184' title='bbox 1138 2771 1252 2828; x_wconf 83' lang='lat' dir='ltr'>obiecit.</span> 
     </span>
     <span class='ocr_line' id='line_1_23' title="bbox 216 2874 1283 2952; baseline 0.002 -20"><span class='ocrx_word' id='word_1_185' title='bbox 216 2876 246 2932; x_wconf 85' lang='lat' dir='ltr'>lit</span> <span class='ocrx_word' id='word_1_186' title='bbox 261 2896 310 2935; x_wconf 83' lang='lat' dir='ltr'>vos</span> <span class='ocrx_word' id='word_1_187' title='bbox 331 2875 379 2951; x_wconf 77' lang='lat' dir='ltr'>(C.</span> <span class='ocrx_word' id='word_1_188' title='bbox 397 2874 512 2934; x_wconf 78' lang='lat' dir='ltr'>Claudii</span> <span class='ocrx_word' id='word_1_189' title='bbox 531 2893 605 2951; x_wconf 86' lang='lat' dir='ltr'>pace</span> <span class='ocrx_word' id='word_1_190' title='bbox 626 2886 656 2932; x_wconf 87' lang='lat' dir='ltr'>et</span> <span class='ocrx_word' id='word_1_191' title='bbox 675 2877 712 2934; x_wconf 88' lang='lat' dir='ltr'>P.</span> <span class='ocrx_word' id='word_1_192' title='bbox 724 2877 837 2934; x_wconf 75' lang='lat' dir='ltr'>Valerii</span> <span class='ocrx_word' id='word_1_193' title='bbox 858 2877 965 2934; x_wconf 88' lang='lat' dir='ltr'>mortni</span> <span class='ocrx_word' id='word_1_194' title='bbox 978 2877 1101 2952; x_wconf 83' lang='lat' dir='ltr'>loquer)</span> <span class='ocrx_word' id='word_1_195' title='bbox 1124 2876 1203 2952; x_wconf 90' lang='lat' dir='ltr'>prius</span> <span class='ocrx_word' id='word_1_196' title='bbox 1224 2875 1283 2934; x_wconf 82' lang='lat' dir='ltr'>in&#39;l</span> 
     </span>
     <span class='ocr_line' id='line_1_24' title="bbox 217 2979 1254 3059; baseline 0 -21"><span class='ocrx_word' id='word_1_197' title='bbox 217 2983 301 3040; x_wconf 82' lang='lat' dir='ltr'>chrum</span> <span class='ocrx_word' id='word_1_198' title='bbox 321 2981 518 3059; x_wconf 86' lang='lat' dir='ltr'>Capitolinum</span> <span class='ocrx_word' id='word_1_199' title='bbox 538 2980 622 3057; x_wconf 81' lang='lat' dir='ltr'>signe</span> <span class='ocrx_word' id='word_1_200' title='bbox 642 2982 795 3054; x_wconf 88' lang='lat' dir='ltr'>intulistis,</span> <span class='ocrx_word' id='word_1_201' title='bbox 825 3001 913 3057; x_wconf 83' lang='lat' dir='ltr'>qoam</span> <span class='ocrx_word' id='word_1_202' title='bbox 935 2983 988 3039; x_wconf 92' lang='lat' dir='ltr'>hos</span> <span class='ocrx_word' id='word_1_203' title='bbox 1010 2983 1108 3039; x_wconf 82' lang='lat' dir='ltr'>hostes</span> <span class='ocrx_word' id='word_1_204' title='bbox 1130 2982 1166 3038; x_wconf 89' lang='lat' dir='ltr'>de</span> <span class='ocrx_word' id='word_1_205' title='bbox 1188 2979 1254 3039; x_wconf 80' lang='lat' dir='ltr'>foro</span> 
     </span>
     <span class='ocr_line' id='line_1_25' title="bbox 216 3087 1253 3163; baseline 0.001 -20"><span class='ocrx_word' id='word_1_206' title='bbox 216 3089 352 3147; x_wconf 86' lang='lat' dir='ltr'>toleretis?</span> <span class='ocrx_word' id='word_1_207' title='bbox 376 3087 472 3147; x_wconf 86' lang='lat' dir='ltr'>Pudet</span> <span class='ocrx_word' id='word_1_208' title='bbox 493 3088 612 3144; x_wconf 89' lang='lat' dir='ltr'>deorum</span> <span class='ocrx_word' id='word_1_209' title='bbox 633 3088 851 3163; x_wconf 86' lang='lat' dir='ltr'>hominumque.</span> <span class='ocrx_word' id='word_1_210' title='bbox 900 3088 995 3161; x_wconf 84' lang='lat' dir='ltr'>Quum</span> <span class='ocrx_word' id='word_1_211' title='bbox 1017 3090 1117 3146; x_wconf 77' lang='lat' dir='ltr'>hostes</span> <span class='ocrx_word' id='word_1_212' title='bbox 1131 3088 1159 3145; x_wconf 90' lang='lat' dir='ltr'>in</span> <span class='ocrx_word' id='word_1_213' title='bbox 1178 3106 1253 3159; x_wconf 77' lang='lat' dir='ltr'>arce,</span> 
     </span>
     <span class='ocr_line' id='line_1_26' title="bbox 217 3192 1254 3271; baseline 0.002 -23"><span class='ocrx_word' id='word_1_214' title='bbox 217 3192 238 3248; x_wconf 90' lang='lat' dir='ltr'>in</span> <span class='ocrx_word' id='word_1_215' title='bbox 263 3193 403 3271; x_wconf 82' lang='lat' dir='ltr'>Capitolio</span> <span class='ocrx_word' id='word_1_216' title='bbox 434 3203 544 3264; x_wconf 85' lang='lat' dir='ltr'>essent,</span> <span class='ocrx_word' id='word_1_217' title='bbox 575 3194 707 3251; x_wconf 86' lang='lat' dir='ltr'>exsulum</span> <span class='ocrx_word' id='word_1_218' title='bbox 740 3201 769 3251; x_wconf 86' lang='lat' dir='ltr'>et</span> <span class='ocrx_word' id='word_1_219' title='bbox 800 3213 950 3252; x_wconf 88' lang='lat' dir='ltr'>servorum</span> <span class='ocrx_word' id='word_1_220' title='bbox 982 3196 1055 3265; x_wconf 84' lang='lat' dir='ltr'>dux,</span> <span class='ocrx_word' id='word_1_221' title='bbox 1091 3193 1254 3269; x_wconf 74' lang='lat' dir='ltr'>profanatis</span> 
     </span>
     <span class='ocr_line' id='line_1_27' title="bbox 218 3299 1254 3384; baseline 0.003 -31"><span class='ocrx_word' id='word_1_222' title='bbox 218 3301 340 3373; x_wconf 86' lang='lat' dir='ltr'>omnibus,</span> <span class='ocrx_word' id='word_1_223' title='bbox 360 3301 392 3357; x_wconf 93' lang='lat' dir='ltr'>in</span> <span class='ocrx_word' id='word_1_224' title='bbox 414 3300 487 3357; x_wconf 84' lang='lat' dir='ltr'>cells</span> <span class='ocrx_word' id='word_1_225' title='bbox 507 3301 589 3357; x_wconf 86' lang='lat' dir='ltr'>Iovis</span> <span class='ocrx_word' id='word_1_226' title='bbox 610 3299 712 3375; x_wconf 90' lang='lat' dir='ltr'>optimi</span> <span class='ocrx_word' id='word_1_227' title='bbox 732 3300 852 3384; x_wconf 81' lang='lat' dir='ltr'>maximi</span> <span class='ocrx_word' id='word_1_228' title='bbox 872 3301 1028 3371; x_wconf 76' lang='lat' dir='ltr'>habitaret,</span> <span class='ocrx_word' id='word_1_229' title='bbox 1049 3299 1170 3357; x_wconf 82' lang='lat' dir='ltr'>Tusculi</span> <span class='ocrx_word' id='word_1_230' title='bbox 1186 3307 1254 3358; x_wconf 87' lang='lat' dir='ltr'>ente</span> 
     </span>
     <span class='ocr_line' id='line_1_28' title="bbox 220 3405 1283 3483; baseline 0.006 -25"><span class='ocrx_word' id='word_1_231' title='bbox 220 3421 287 3475; x_wconf 82' lang='lat' dir='ltr'>quem</span> <span class='ocrx_word' id='word_1_232' title='bbox 306 3407 408 3464; x_wconf 87' lang='lat' dir='ltr'>Romse</span> <span class='ocrx_word' id='word_1_233' title='bbox 436 3414 552 3483; x_wconf 87' lang='lat' dir='ltr'>sumpta</span> <span class='ocrx_word' id='word_1_234' title='bbox 580 3415 647 3464; x_wconf 90' lang='lat' dir='ltr'>sunt</span> <span class='ocrx_word' id='word_1_235' title='bbox 675 3425 768 3466; x_wconf 85' lang='lat' dir='ltr'>arma.</span> <span class='ocrx_word' id='word_1_236' title='bbox 814 3407 850 3464; x_wconf 92' lang='lat' dir='ltr'>In</span> <span class='ocrx_word' id='word_1_237' title='bbox 879 3406 967 3464; x_wconf 91' lang='lat' dir='ltr'>dubio</span> <span class='ocrx_word' id='word_1_238' title='bbox 995 3405 1063 3477; x_wconf 85' lang='lat' dir='ltr'>fuit,</span> <span class='ocrx_word' id='word_1_239' title='bbox 1092 3414 1188 3462; x_wconf 86' lang='lat' dir='ltr'>utrum</span> <span class='ocrx_word' id='word_1_240' title='bbox 1218 3405 1283 3466; x_wconf 84' lang='lat' dir='ltr'>L.8</span> 
     </span>
     <span class='ocr_line' id='line_1_29' title="bbox 220 3506 1254 3584; baseline 0.003 -19"><span class='ocrx_word' id='word_1_241' title='bbox 220 3506 361 3582; x_wconf 82' lang='lat' dir='ltr'>Manilius,</span> <span class='ocrx_word' id='word_1_242' title='bbox 390 3511 572 3570; x_wconf 72' lang='lat' dir='ltr'>tusculanus</span> <span class='ocrx_word' id='word_1_243' title='bbox 601 3513 676 3584; x_wconf 84' lang='lat' dir='ltr'>dux,</span> <span class='ocrx_word' id='word_1_244' title='bbox 706 3531 745 3570; x_wconf 84' lang='lat' dir='ltr'>sn</span> <span class='ocrx_word' id='word_1_245' title='bbox 773 3514 809 3573; x_wconf 86' lang='lat' dir='ltr'>P.</span> <span class='ocrx_word' id='word_1_246' title='bbox 831 3511 967 3570; x_wconf 87' lang='lat' dir='ltr'>Valerius</span> <span class='ocrx_word' id='word_1_247' title='bbox 997 3521 1026 3568; x_wconf 88' lang='lat' dir='ltr'>et</span> <span class='ocrx_word' id='word_1_248' title='bbox 1055 3509 1088 3572; x_wconf 86' lang='lat' dir='ltr'>C.</span> <span class='ocrx_word' id='word_1_249' title='bbox 1115 3511 1254 3570; x_wconf 83' lang='lat' dir='ltr'>Claudius</span> 
     </span>
     <span class='ocr_line' id='line_1_30' title="bbox 221 3617 1256 3694; baseline 0.004 -25"><span class='ocrx_word' id='word_1_250' title='bbox 221 3617 329 3674; x_wconf 86' lang='lat' dir='ltr'>consules</span> <span class='ocrx_word' id='word_1_251' title='bbox 350 3619 515 3675; x_wconf 78' lang='lat' dir='ltr'>Romanam</span> <span class='ocrx_word' id='word_1_252' title='bbox 536 3636 633 3676; x_wconf 86' lang='lat' dir='ltr'>arcem</span> <span class='ocrx_word' id='word_1_253' title='bbox 654 3617 824 3688; x_wconf 85' lang='lat' dir='ltr'>liberarent3</span> <span class='ocrx_word' id='word_1_254' title='bbox 858 3625 888 3676; x_wconf 90' lang='lat' dir='ltr'>et</span> <span class='ocrx_word' id='word_1_255' title='bbox 914 3618 963 3694; x_wconf 89' lang='lat' dir='ltr'>qui</span> <span class='ocrx_word' id='word_1_256' title='bbox 989 3626 1056 3676; x_wconf 88' lang='lat' dir='ltr'>ante</span> <span class='ocrx_word' id='word_1_257' title='bbox 1077 3617 1198 3675; x_wconf 88' lang='lat' dir='ltr'>Latinos</span> <span class='ocrx_word' id='word_1_258' title='bbox 1219 3635 1256 3674; x_wconf 89' lang='lat' dir='ltr'>ne</span> 
     </span>
     <span class='ocr_line' id='line_1_31' title="bbox 222 3723 1255 3799; baseline 0.005 -24"><span class='ocrx_word' id='word_1_259' title='bbox 222 3736 262 3790; x_wconf 85' lang='lat' dir='ltr'>pro</span> <span class='ocrx_word' id='word_1_260' title='bbox 279 3742 308 3779; x_wconf 91' lang='lat' dir='ltr'>se</span> <span class='ocrx_word' id='word_1_261' title='bbox 327 3723 441 3798; x_wconf 90' lang='lat' dir='ltr'>quidem</span> <span class='ocrx_word' id='word_1_262' title='bbox 454 3723 535 3799; x_wconf 87' lang='lat' dir='ltr'>ipsis,</span> <span class='ocrx_word' id='word_1_263' title='bbox 557 3742 645 3798; x_wconf 88' lang='lat' dir='ltr'>quum</span> <span class='ocrx_word' id='word_1_264' title='bbox 660 3723 691 3780; x_wconf 93' lang='lat' dir='ltr'>in</span> <span class='ocrx_word' id='word_1_265' title='bbox 701 3723 806 3780; x_wconf 87' lang='lat' dir='ltr'>finibus</span> <span class='ocrx_word' id='word_1_266' title='bbox 818 3726 929 3781; x_wconf 88' lang='lat' dir='ltr'>hostem</span> <span class='ocrx_word' id='word_1_267' title='bbox 943 3725 1091 3794; x_wconf 86' lang='lat' dir='ltr'>haberent,</span> <span class='ocrx_word' id='word_1_268' title='bbox 1114 3723 1255 3798; x_wconf 84' lang='lat' dir='ltr'>attingere</span> 
     </span>
     <span class='ocr_line' id='line_1_32' title="bbox 224 3829 1255 3905; baseline 0.002 -23"><span class='ocrx_word' id='word_1_269' title='bbox 224 3841 288 3882; x_wconf 74' lang='lat' dir='ltr'>una</span> <span class='ocrx_word' id='word_1_270' title='bbox 305 3829 381 3902; x_wconf 92' lang='lat' dir='ltr'>passi</span> <span class='ocrx_word' id='word_1_271' title='bbox 401 3847 514 3899; x_wconf 90' lang='lat' dir='ltr'>sumus,</span> <span class='ocrx_word' id='word_1_272' title='bbox 540 3848 631 3900; x_wconf 87' lang='lat' dir='ltr'>nunc,</span> <span class='ocrx_word' id='word_1_273' title='bbox 658 3829 714 3886; x_wconf 91' lang='lat' dir='ltr'>nisi</span> <span class='ocrx_word' id='word_1_274' title='bbox 734 3829 834 3886; x_wconf 87' lang='lat' dir='ltr'>Latini</span> <span class='ocrx_word' id='word_1_275' title='bbox 856 3847 910 3886; x_wconf 88' lang='lat' dir='ltr'>sua</span> <span class='ocrx_word' id='word_1_276' title='bbox 931 3839 1033 3905; x_wconf 90' lang='lat' dir='ltr'>sponte</span> <span class='ocrx_word' id='word_1_277' title='bbox 1054 3846 1137 3886; x_wconf 86' lang='lat' dir='ltr'>arma</span> <span class='ocrx_word' id='word_1_278' title='bbox 1157 3847 1255 3904; x_wconf 91' lang='lat' dir='ltr'>sump-</span> 
     </span>
     <span class='ocr_line' id='line_1_33' title="bbox 226 3928 1285 4010; baseline 0.001 -22"><span class='ocrx_word' id='word_1_279' title='bbox 226 3928 319 4003; x_wconf 76' lang='lat' dir='ltr'>sissent,</span> <span class='ocrx_word' id='word_1_280' title='bbox 347 3935 424 4010; x_wconf 85' lang='lat' dir='ltr'>capti</span> <span class='ocrx_word' id='word_1_281' title='bbox 452 3944 481 3991; x_wconf 92' lang='lat' dir='ltr'>et</span> <span class='ocrx_word' id='word_1_282' title='bbox 508 3935 594 3992; x_wconf 90' lang='lat' dir='ltr'>deleti</span> <span class='ocrx_word' id='word_1_283' title='bbox 614 3953 739 3995; x_wconf 81' lang='lat' dir='ltr'>eremus.</span> <span class='ocrx_word' id='word_1_284' title='bbox 777 3935 849 3992; x_wconf 38' lang='lat' dir='ltr'>‘Hoc</span> <span class='ocrx_word' id='word_1_285' title='bbox 876 3945 936 4007; x_wconf 85' lang='lat' dir='ltr'>est,</span> <span class='ocrx_word' id='word_1_286' title='bbox 964 3933 1085 4002; x_wconf 83' lang='lat' dir='ltr'>tribuni,</span> <span class='ocrx_word' id='word_1_287' title='bbox 1115 3931 1285 3990; x_wconf 74' lang='lat' dir='ltr'>auxilinmll</span> 
     </span>
     <span class='ocr_line' id='line_1_34' title="bbox 227 4032 1256 4111; baseline 0.006 -23"><span class='ocrx_word' id='word_1_288' title='bbox 227 4032 287 4104; x_wconf 87' lang='lat' dir='ltr'>plebi</span> <span class='ocrx_word' id='word_1_289' title='bbox 303 4037 382 4111; x_wconf 78' lang='lat' dir='ltr'>terre,</span> <span class='ocrx_word' id='word_1_290' title='bbox 401 4040 540 4098; x_wconf 89' lang='lat' dir='ltr'>inermem</span> <span class='ocrx_word' id='word_1_291' title='bbox 561 4061 626 4099; x_wconf 84' lang='lat' dir='ltr'>eam</span> <span class='ocrx_word' id='word_1_292' title='bbox 647 4041 724 4100; x_wconf 90' lang='lat' dir='ltr'>hosti</span> <span class='ocrx_word' id='word_1_293' title='bbox 744 4039 945 4098; x_wconf 79' lang='lat' dir='ltr'>trucidandum</span> <span class='ocrx_word' id='word_1_294' title='bbox 967 4038 1110 4098; x_wconf 85' lang='lat' dir='ltr'>obiicere?</span> <span class='ocrx_word' id='word_1_295' title='bbox 1140 4038 1256 4097; x_wconf 87' lang='lat' dir='ltr'>Scilicet</span> 
     </span>
     <span class='ocr_line' id='line_1_35' title="bbox 229 4136 1256 4222; baseline 0 -22"><span class='ocrx_word' id='word_1_296' title='bbox 229 4136 315 4214; x_wconf 72' lang='lat' dir='ltr'>siquis</span> <span class='ocrx_word' id='word_1_297' title='bbox 332 4146 412 4204; x_wconf 84' lang='lat' dir='ltr'>vobis</span> <span class='ocrx_word' id='word_1_298' title='bbox 433 4147 609 4206; x_wconf 88' lang='lat' dir='ltr'>humillimos</span> <span class='ocrx_word' id='word_1_299' title='bbox 630 4149 719 4204; x_wconf 90' lang='lat' dir='ltr'>homo</span> <span class='ocrx_word' id='word_1_300' title='bbox 741 4146 777 4202; x_wconf 92' lang='lat' dir='ltr'>de</span> <span class='ocrx_word' id='word_1_301' title='bbox 799 4155 899 4204; x_wconf 80' lang='lat' dir='ltr'>vestre</span> <span class='ocrx_word' id='word_1_302' title='bbox 918 4146 1012 4222; x_wconf 88' lang='lat' dir='ltr'>plebe,</span> <span class='ocrx_word' id='word_1_303' title='bbox 1034 4164 1121 4220; x_wconf 86' lang='lat' dir='ltr'>quam</span> <span class='ocrx_word' id='word_1_304' title='bbox 1143 4152 1256 4220; x_wconf 82' lang='lat' dir='ltr'>portem</span> 
     </span>
     <span class='ocr_line' id='line_1_36' title="bbox 229 4243 1256 4328; baseline 0.004 -29"><span class='ocrx_word' id='word_1_305' title='bbox 229 4243 292 4304; x_wconf 71' lang='lat' dir='ltr'>selo</span> <span class='ocrx_word' id='word_1_306' title='bbox 309 4251 453 4328; x_wconf 82' lang='lat' dir='ltr'>obruptem</span> <span class='ocrx_word' id='word_1_307' title='bbox 475 4273 494 4311; x_wconf 84' lang='lat' dir='ltr'>s</span> <span class='ocrx_word' id='word_1_308' title='bbox 517 4261 613 4311; x_wconf 88' lang='lat' dir='ltr'>cetero</span> <span class='ocrx_word' id='word_1_309' title='bbox 630 4252 739 4328; x_wconf 89' lang='lat' dir='ltr'>populo</span> <span class='ocrx_word' id='word_1_310' title='bbox 751 4260 877 4309; x_wconf 75' lang='lat' dir='ltr'>vestrm</span> <span class='ocrx_word' id='word_1_311' title='bbox 889 4251 1014 4327; x_wconf 84' lang='lat' dir='ltr'>patriam</span> <span class='ocrx_word' id='word_1_312' title='bbox 1024 4250 1256 4325; x_wconf 79' lang='lat' dir='ltr'>peculiaremque</span> 
     </span>
    </p>
   </div>
   <div class='ocr_carea' id='block_1_5' title="bbox 0 0 1750 5084">
    <p class='ocr_par' dir='ltr' id='par_1_5' title="bbox 0 0 1750 5084">
     <span class='ocr_line' id='line_1_37' title="bbox 0 0 1750 5084; baseline 0 0"><span class='ocrx_word' id='word_1_313' title='bbox 0 0 1750 5084; x_wconf 95' lang='lat' dir='ltr'> </span> 
     </span>
    </p>
   </div>
  </div>
 </body>
</html>
