3392 5084
549 533 627 582 Liber
638 531 685 584 111.
722 531 770 594 (Α.
786 529 833 584 Oh.
846 529 920 595 cte.)
1161 535 1214 590 171

208 727 373 787 conaretur,
404 718 445 775 ibi
471 733 585 791 quoque
619 717 696 774 haud
723 715 849 792 impares
871 713 943 773 fore.
987 713 1063 771 Hinc
1089 723 1174 771 atrox
1193 714 1286 774 rixat

209 823 302 880 oritur.
348 822 498 880 Valerium
522 821 733 896 Horatiumque
754 820 839 879 lictor
861 819 1014 877 decemviri
1031 819 1157 889 invadit3
1178 818 1257 877 fram

209 937 309 1003 guntur
329 947 347 984 a
376 927 557 985 multitudine
582 928 687 988 fasces.
735 929 770 984 In
797 926 959 983 contionem
981 925 1096 1000 Appius
1120 925 1258 994 escendit3

209 1040 362 1108 sequuntur
383 1033 525 1104 Horatius
539 1034 740 1107 Valeriusque.
782 1033 843 1090 Eos
865 1031 960 1089 contio
982 1031 1075 1100 sudit3
1097 1031 1289 1089 decemviro5

210 1139 391 1214 obstrepitur.
439 1141 502 1196 lam
536 1159 590 1216 pro
619 1137 741 1214 imperio
763 1137 899 1195 Valerius
920 1137 1066 1194 discedere
1098 1155 1116 1193 a
1143 1136 1258 1211 privato

209 1245 319 1302 lictores
342 1243 478 1316 iubebat,
507 1266 595 1321 quum
622 1244 721 1304 fractis
753 1243 857 1301 animis
879 1243 1008 1318 Appius,
1029 1241 1097 1299 vitae
1121 1251 1258 1310 metuens,

209 1352 233 1405 in
267 1350 387 1406 domum
420 1368 452 1407 se
487 1350 678 1426 propinquam
712 1349 792 1420 loro,
828 1348 925 1406 insciis
946 1348 1134 1418 adversariis,
1166 1348 1259 1422 capite

210 1456 343 1513 obvoluto
360 1455 476 1530 recipit.

287 1561 337 1637 Sp.
361 1558 486 1635 oppius,
506 1567 538 1616 ut
562 1559 670 1617 auxilio
692 1561 809 1636 collega
831 1569 921 1630 esset,
943 1561 972 1617 iu
993 1560 1089 1617 forum
1110 1577 1148 1616 ex
1169 1557 1291 1615 alterati

211 1677 286 1742 parte
307 1665 450 1741 irrumpit.
492 1665 581 1722 Videt
608 1665 759 1741 imperium
787 1665 817 1722 vi
838 1666 953 1724 victum.
997 1665 1133 1740 Agitetus
1159 1661 1261 1720 dando

211 1772 341 1838 consiliis,
363 1771 401 1828 ad
424 1789 488 1846 quae
510 1789 547 1828 ex
569 1771 646 1828 omni
667 1781 750 1847 parte
772 1771 954 1828 assentiendo
979 1769 1075 1828 multis
1096 1770 1261 1828 auctoribus

212 1877 414 1952 trepidaverat,
443 1883 574 1932 senatum
594 1885 742 1951 postremo
764 1876 864 1934 vocari
888 1877 979 1934 iussit.
1021 1877 1068 1935 Ea
1091 1896 1151 1948 res,
1183 1876 1289 1952 quedl

212 2000 317 2058 magna
338 1981 416 2056 parti
437 1989 552 2056 patrum
575 1981 724 2056 displicere
746 1991 811 2040 acta
830 1983 1057 2053 decemvirorum
1080 1982 1261 2048 videbantur,

213 2105 258 2162 spe
277 2107 329 2163 per
350 2096 483 2144 senatum
501 2087 632 2144 finiendae
652 2088 804 2164 potestatis
826 2088 887 2145 eius
907 2045 1116 2164 multitffinem
1138 2086 1260 2165 sedarit.

215 2192 328 2249 Senatus
350 2211 403 2250 nec
425 2193 538 2268 pleb'em
570 2193 738 2250 irritandam
770 2193 881 2251 censuit
911 2204 939 2251 et
966 2196 1056 2252 multo
1080 2193 1172 2267 magis
1193 2191 1291 2266 pro-8

215 2297 368 2366 videndum,
392 2317 429 2356 ne
450 2299 530 2374 quid*
542 2297 672 2376 Verginii
693 2300 833 2357 adventus
862 2301 890 2357 in
910 2300 1037 2356 exercitu
1066 2306 1161 2387 motus
1182 2295 1259 2354 face·

216 2413 263 2462 ret.
305 2404 411 2477 Itaque
447 2404 527 2462 missi
554 2404 679 2462 iuniores
706 2413 821 2480 patrum
853 2407 883 2463 in
910 2415 1020 2475 castra,
1047 2422 1112 2479 que
1143 2411 1203 2458 tum
1229 2401 1259 2457 in
1307 2395 1354 2464 50

218 2517 303 2566 monte
335 2509 449 2568 Vecilio
483 2521 579 2581 erant,
611 2510 743 2567 nuntiant
773 2511 957 2583 decemviris,
980 2521 1012 2569 ut
1040 2509 1118 2568 omui
1146 2527 1201 2583 ope
1223 2506 1259 2562 ab

218 2614 345 2671 seditione
364 2615 468 2676 milites
490 2617 664 2676 contineant.

289 2720 335 2777 Ibi
357 2720 514 2797 Verginius
534 2721 683 2791 maiorem,
705 2739 793 2796 quam
814 2720 971 2796 reliquerat
990 2722 1020 2778 in
1040 2721 1125 2789 urbe,
1152 2717 1291 2776 motnml

224 2824 321 2886 exurit
380 2826 460 2882 Nam
495 2835 687 2901 praeterquam
733 2826 810 2900 quod
851 2827 966 2902 agmine
999 2843 1091 2903 prope
1126 2823 1262 2900 quadrin-

223 2939 357 3002 gentorum
388 2931 536 2990 hominum
565 2931 698 3002 veniens,
729 2932 778 3007 qui
800 2934 837 2990 ab
865 2933 936 2990 urbe
956 2931 1126 3007 indignitate
1147 2929 1188 2985 rei
1212 2947 1262 2985 ac-

222 3037 286 3092 censi
305 3037 424 3094 comites
446 3037 473 3094 ei
493 3055 525 3094 se
554 3038 706 3108 dederant,
735 3025 905 3113 conspectus
927 3048 985 3108 est,
1017 3036 1146 3092 strictum
1175 3034 1292 3091 etiam3

223 3141 295 3198 telum
321 3160 528 3218 respersusque
557 3143 620 3219 ipse
646 3162 747 3201 mucre
762 3151 835 3210 „tota
867 3145 896 3201 in
928 3162 960 3201 se
990 3152 1086 3200 castra
1113 3139 1262 3196 convertit.

224 3244 255 3301 Et
271 3257 342 3323 togae
365 3246 553 3305 multifariam
574 3249 604 3305 in
626 3251 726 3307 castris
747 3247 816 3306 visae
838 3247 956 3305 maioris
983 3247 1150 3320 aliquanto,
1174 3262 1261 3319 quam
1342 3303 1348 3310 ,

225 3362 282 3422 erat,
302 3353 425 3428 speciem
448 3353 566 3411 urbana
580 3354 767 3412 multitudinis
784 3353 921 3410 fecerant.
965 3351 1173 3425 Quaerentibus,
1185 3349 1294 3428 ¹quidl

226 3457 258 3512 rei
275 3467 354 3529 esset,
376 3461 447 3515 flens
470 3459 519 3516 diu
541 3477 641 3516 vocem
662 3478 720 3517 uon
743 3459 834 3528 misit;
863 3457 995 3526 tandem,
1016 3466 1046 3514 ut
1066 3457 1125 3514 iam
1146 3475 1184 3514 ex
1204 3467 1261 3513 tre·

226 3559 355 3631 pidatioua
384 3563 613 3621 concurrentium
640 3565 724 3620 turba
745 3564 872 3622 constitit
898 3582 933 3620 ac
962 3563 1105 3620 silentium
1127 3563 1190 3633 fuit,
1214 3583 1261 3621 or·

228 3665 279 3724 dine
308 3679 424 3736 cuncta,
453 3678 485 3724 ut
511 3679 594 3742 gesta
617 3676 712 3738 eram,
741 3670 883 3744 exposuit.
930 3668 1056 3744 Supinas
1078 3669 1180 3726 deinde
1200 3669 1292 3725 teu-5

229 3769 283 3828 dens
303 3793 416 3841 manus,
445 3772 653 3830 commilitones
675 3774 822 3849 appellens
850 3777 963 3846 orabat,
990 3795 1040 3845 ne,
1069 3776 1147 3850 quod
1170 3775 1261 3832 scelus

231 3878 277 3952 Ap.
304 3878 416 3938 Claudii
449 3889 538 3951 esset,
571 3878 626 3936 sibi
661 3879 848 3938 attribuerent
878 3899 934 3938 neu
965 3900 996 3940 se
1030 3892 1062 3938 ut
1089 3882 1262 3957 parricidam

231 3980 330 4042 liberum
358 3997 569 4044 aversarentur.
619 3983 682 4044 Sibi
708 3983 798 4040 vitam
830 3987 896 4044 filice
922 4006 976 4046 sua
1003 3989 1144 4047 canorem
1165 3985 1294 4057 suissed

232 4087 353 4149 siliberae
377 4111 412 4149 ac
433 4093 545 4170 pudicae
564 4093 665 4166 vivere
684 4089 792 4148 licitum
806 4089 921 4165 nuncu
946 4113 1035 4169 quum
1056 4095 1136 4152 velut
1149 4111 1264 4151 servam

234 4193 262 4248 ad
285 4207 406 4274 stuprum
436 4199 501 4275 rapi
528 4198 653 4266 videret,
683 4177 777 4254 morte
803 4198 896 4256 amitti
923 4201 1025 4258 melius
1052 4212 1147 4259 ratum
1177 4219 1262 4274 quam

234 4305 384 4362 contumelia
416 4305 538 4375 liberos,
574 4301 772 4360 misericordia
804 4317 835 4358 se
865 4303 894 4360 in
929 4308 1053 4379 speciem
1089 4305 1264 4364 crudelitatis
