3392 5084
473 508 508 563 12
578 528 582 535 ·
757 504 836 555 Liber
855 504 902 557 VI.
939 504 987 568 (A.
999 521 1024 556 u.
1037 520 1060 559 e.
1072 505 1146 570 ass.)

428 693 478 759 sit,
501 691 550 766 qui
571 688 655 747 simul
675 688 809 758 vicerint,
831 708 891 748 sua
911 690 1040 749 victoria
1060 692 1203 750 neminem
1224 694 1352 751 omnium
1375 706 1467 752 morta

397 798 495 855 (ilium
523 797 631 855 sosium
665 814 736 853 esse.
793 796 849 853 His
882 796 1066 871 opinionibus
1091 798 1192 855 inflato
1223 798 1336 869 animo,
1369 800 1405 857 ad
1423 800 1468 856 hoc

348 921 350 927 ’
427 904 498 961 vitio
521 920 636 977 quoqne
662 902 770 978 ingenii
803 904 959 960 vehemens
988 912 1018 960 et
1045 904 1204 979 impotens,
1232 913 1389 979 postquam
1407 907 1468 962 inter

427 1018 525 1085 patres
558 1028 632 1085 non,
664 1018 803 1084 quantum
826 1027 940 1083 aeqnum
972 1009 1123 1078 censebat,
1156 1008 1297 1067 excellere
1320 1028 1388 1069 suas
1410 1029 1467 1087 opes
1515 1075 1517 1080 ,

398 1116 639 1187 lanimadvertit,
660 1117 770 1191 primus
788 1115 915 1172 omnium
937 1133 975 1171 ex
996 1113 1127 1189 patribus
1143 1115 1294 1190 popularis
1309 1116 1402 1175 iactus
1414 1136 1465 1174 mn
1515 1133 1517 1159 ὲ

426 1223 546 1299 plebeiis
561 1221 778 1298 magistratibus
793 1220 914 1278 consilia
934 1221 1161 1290 communicem
1181 1221 1364 1281 criminando
1377 1234 1467 1299 panes,

427 1330 577 1387 alliciendo
601 1329 639 1386 ad
661 1346 692 1384 se
713 1327 836 1403 plebem,
859 1326 917 1383 iam
940 1345 1022 1397 aura,
1043 1345 1102 1384 non
1116 1326 1237 1384 consilio
1250 1326 1322 1385 ferri
1342 1329 1467 1403 famaque

396 1434 539 1511 8magnae
560 1434 646 1491 malle
667 1454 755 1510 quam
783 1434 868 1491 bonae
897 1449 970 1491 esse.
1030 1432 1071 1490 Et
1095 1450 1153 1489 non
1182 1442 1336 1491 contentus
1363 1435 1467 1511 agrariis

362 1528 365 1535 ⁴
426 1541 548 1616 legibus,
576 1558 639 1615 quae
661 1540 783 1598 materia
804 1557 918 1612 semper
938 1538 1060 1597 tribunis
1080 1539 1159 1615 plebi
1178 1540 1354 1597 seditionum
1374 1539 1470 1608 firimet,

426 1648 511 1705 fidem
534 1645 628 1703 moliri
650 1644 750 1720 coepit:
783 1644 909 1701 acriores
931 1644 1038 1720 quippe
1064 1645 1129 1714 aris
1151 1646 1237 1703 alieni
1258 1644 1392 1705 stimulos
1410 1666 1468 1715 esse,

426 1755 475 1829 qui
496 1772 554 1809 non
577 1762 732 1827 egestatem
755 1751 841 1807 modo
860 1760 947 1824 atque
958 1750 1145 1826 ignominiam
1158 1750 1312 1821 minentur,
1334 1754 1469 1810 seduemo

299 1882 309 1897 ¹
394 1858 460 1921 9ac
480 1860 601 1917 vinculis
616 1877 720 1933 corpus
735 1858 856 1914 liberum
874 1856 1012 1914 territent.
1055 1856 1095 1914 Et
1115 1864 1178 1913 erat
1196 1857 1262 1914 aeris
1276 1860 1364 1917 alieni
1378 1878 1469 1935 magne

424 1967 468 2023 vis
499 1985 531 2023 re
561 1963 783 2022 damnosissima
815 1961 901 2019 etiam
932 1962 1084 2032 divitibus,
1114 1962 1294 2036 edificando,
1326 1974 1469 2025 contracta.

425 2072 537 2131 Bellum
564 2072 663 2145 itaque
684 2068 833 2138 Volscum,
865 2086 955 2143 grave
976 2086 1028 2143 per
1057 2086 1103 2135 se,
1136 2078 1288 2127 oneratum
1313 2072 1469 2129 Latinorum

425 2188 513 2254 atque
534 2178 726 2235 Hernicorum
748 2172 924 2246 deiectione,
955 2173 1131 2249 inspeciem
1154 2154 1249 2232 causae
1268 2177 1420 2245 iactatum,
1445 2188 1470 2233 ut

378 2282 411 2335 ¹0
425 2287 518 2343 maior
546 2293 674 2373 potestas
704 2290 895 2357 quareretnr;
927 2280 979 2337 sed
1005 2299 1083 2337 nova
1110 2281 1232 2338 consilia
1256 2281 1364 2339 Manlii
1391 2282 1471 2355 magis

425 2393 589 2468 compulere
620 2398 750 2447 senatum
789 2387 825 2443 ad
858 2386 1027 2443 dictatorem
1059 2388 1224 2444 creandum.
1291 2385 1412 2447 creatus
1436 2389 1468 2444 A.

426 2495 575 2555 Cornelius
590 2494 699 2553 Cossus
721 2493 891 2567 magisunm
912 2492 1039 2566 equitnm
1061 2493 1135 2550 dixit
1155 2494 1192 2551 T.
1209 2493 1377 2566 Quinctium
1394 2492 1469 2568 Cupi·

424 2604 553 2660 tolinum.

507 2707 642 2763 Dictator
680 2704 732 2761 etsi
771 2703 911 2760 maiorem
941 2702 1154 2761 dimicationem
1185 2704 1368 2780 propositam
1401 2701 1468 2759 domi

426 2832 511 2887 qnam
534 2810 605 2868 foris
637 2812 787 2879 cernebat,
819 2820 933 2877 tamen,
964 2827 1016 2865 seu
1035 2810 1114 2893 xquia
1147 2810 1295 2868 calm-itate
1317 2811 1356 2868 ad
1376 2810 1467 2867 bellum

425 2936 498 2993 opus
528 2926 604 2987 erat,
636 2934 687 2973 sen
720 2916 843 2974 victoria
869 2916 1073 2990 triumphoque
1102 2917 1253 2975 dictaturae
1273 2918 1331 2994 ipsi
1351 2919 1423 2975 vires
1441 2934 1466 2972 se

424 3023 586 3080 additurum
613 3032 708 3091 ratus,
741 3022 845 3080 dilectu
875 3023 975 3079 habito
1004 3023 1035 3079 in
1060 3041 1160 3097 agrum
1183 3024 1387 3099 Pomptinum,
1416 3040 1466 3097 qno

393 3130 443 3186 ia
463 3130 578 3187 Volscis
602 3130 758 3186 exercitum
779 3128 926 3185 inductum
949 3128 1100 3198 audierat,
1127 3128 1229 3204 pergit
1277 3132 1348 3189 Non
1369 3130 1465 3194 dubito,

423 3246 526 3312 praeter
547 3236 723 3301 satietatem,
756 3243 800 3291 tot
825 3208 883 3291 iam
913 3233 994 3291 libris
1024 3235 1141 3291 assidua
1169 3235 1246 3292 bella
1274 3254 1341 3293 cnm
1364 3234 1464 3293 Volscis

422 3353 504 3419 gesta
525 3342 685 3417 legentibus
707 3341 778 3397 illud
800 3358 914 3414 quoque
936 3318 1147 3408 succursurum,
1169 3339 1248 3414 qnod
1269 3341 1341 3399 mihi
1360 3359 1465 3417 percen-
1515 3357 1517 3414 ξ

423 3449 496 3505 senti
527 3448 678 3523 propiores
706 3445 884 3521 temporibus
917 3448 1020 3503 harum
1049 3463 1145 3501 rerum
1177 3455 1312 3504 auctores
1339 3445 1464 3504 miraculo
1515 3445 1517 3477 ²

336 3586 339 3593 v
422 3554 492 3623 fuit,
522 3554 598 3610 unde
620 3554 704 3610 toties
730 3538 814 3609 victis
836 3550 953 3608 Volscis
984 3559 1013 3606 et
1034 3551 1142 3625 AEquis
1169 3549 1335 3610 suffecerint
1362 3551 1462 3611 mitte.

392 3652 509 3732 3Qu0n
540 3678 627 3733 quum
663 3661 699 3717 ab
734 3658 859 3733 antiquis
895 3658 1013 3713 tacitum
1050 3656 1273 3732 pretermissum
1307 3658 1358 3727 sit,
1394 3657 1462 3714 cuins

422 3766 538 3822 tandem
560 3783 614 3839 ego
636 3764 678 3821 rei
695 3774 799 3839 praeter
821 3762 995 3839 opinionem,
1020 3781 1084 3837 qna
1106 3781 1160 3819 sna
1181 3762 1284 3837 cuique
1306 3759 1462 3822 coniectanti

391 3866 486 3927 ‘iesse
507 3878 611 3945 potest,
643 3879 745 3927 auctor
765 3868 838 3929 sim?
887 3868 988 3928 Simile
1009 3868 1071 3926 veri
1092 3877 1144 3936 est,
1164 3877 1215 3925 aut
1237 3868 1392 3925 intervallis
1410 3864 1461 3922 bel·

422 3976 529 4044 lorum,
561 3976 635 4033 sicut
655 3994 730 4032 nnnc
753 3975 783 4031 in
812 3975 961 4033 dilectibus
992 3977 1025 4031 fit
1045 3975 1202 4043 Romanis,
1231 3976 1289 4033 alia
1311 3983 1393 4049 atque
1412 3970 1460 4028 elia

423 4082 524 4139 subole
546 4082 689 4139 iuniorum
712 4081 750 4137 ad
771 4080 847 4137 bella
867 4081 1057 4138 instauranda
1078 4080 1163 4137 toties
1177 4099 1246 4137 usos
1261 4098 1333 4150 esse,
1354 4091 1458 4137 autnon

422 4206 458 4243 ex
479 4188 580 4244 iisdem
602 4204 716 4259 semper
737 4186 852 4259 populis
871 4186 1013 4243 exercitus
1034 4186 1166 4261 scriptos,
1191 4204 1357 4261 quanquam
1372 4183 1456 4241 eadem

391 4288 536 4367 5semper
557 4308 627 4365 gens
649 4290 752 4347 bellum
775 4291 910 4376 intulerit,
937 4300 989 4348 aut
1009 4292 1245 4349 innumerabilem
1267 4290 1457 4349 multitudinem
