3392 5084
503 496 581 547 muer
599 498 645 547 v1.
683 498 729 562 (A.
748 474 797 547 ci.
817 497 976 560 ero-stt.)
1187 502 1226 557 33

221 679 383 737 Volscorum
396 681 543 755 ingressas
560 684 632 741 fines
653 682 845 760 popularique
861 680 971 757 possim
986 682 1151 739 Romanum
1166 699 1267 757 ugrum

221 785 339 847 attulere.
385 787 421 844 In
447 802 511 860 qua·
529 788 721 864 trepidatione
751 798 865 845 tentum
892 787 979 859 uiuit,
1007 796 1040 844 nt
1059 787 1156 845 civilia
1176 796 1300 854 certe-4

221 889 289 945 mins
309 901 402 947 terror
426 902 561 949 externus
582 894 739 963 cohiberet,
759 900 909 951 utcontra
922 912 958 949 eo
973 892 1127 949 violentior
1139 902 1270 967 potestus

220 995 361 1053 tribunicia
386 996 570 1072 impediendo
598 999 702 1057 dilectu
729 1010 819 1069 esset,
853 999 946 1056 donec
972 997 1155 1055 condiciones
1174 996 1270 1073 impo-

218 1098 271 1154 site
299 1100 449 1174 patribus,
483 1121 521 1159 ne
553 1104 631 1179 quis,
673 1106 772 1179 quoad
805 1105 980 1177 debellatum
1009 1113 1100 1171 essct,
1130 1102 1268 1159 tributum

217 1203 290 1260 deret
310 1214 362 1261 cut
382 1205 429 1263 ius
449 1208 485 1265 de
505 1210 628 1283 pecunie
648 1212 758 1269 creditu
778 1212 895 1269 diceret.
937 1209 984 1267 Eo
1002 1208 1169 1265 laxamento
1190 1208 1299 1283 plebi5

217 1320 332 1385 sumpto,
355 1329 440 1369 moro
460 1312 575 1372 dilectui
590 1335 648 1373 nun
663 1329 707 1374 est
723 1315 810 1374 facte.
853 1316 1032 1393 Legionibus
1045 1313 1130 1371 novis
1143 1314 1268 1390 scriptis,

215 1414 314 1488 placuit
344 1414 420 1472 duos
450 1418 592 1475 exercitus
617 1418 647 1477 in
678 1441 780 1497 agrum
808 1423 949 1480 Volscum
980 1419 1142 1495 legionibus
1167 1420 1266 1477 divisis

216 1518 280 1579 duci
328 1519 382 1596 Sp.
393 1522 510 1595 Furius,
531 1526 573 1587 M.
584 1526 726 1585 Horatius
746 1529 914 1587 dextrorsus
937 1530 965 1584 in
985 1526 1160 1585 maritimum
1184 1545 1266 1585 orum

216 1636 294 1701 etque
315 1627 455 1696 Antium,
489 1630 525 1704 Q.
547 1632 685 1689 Servilius
705 1642 734 1689 et
755 1634 789 1693 L.
811 1632 962 1708 Geganius
990 1632 1066 1689 ltere
1095 1634 1134 1689 sd
1155 1644 1267 1691 montes

215 1732 342 1789 Ecetram
364 1747 499 1810 pergunt.
541 1738 654 1809 Neutra
674 1749 758 1814 parte
778 1739 870 1795 hostis
886 1739 989 1796 obvius
1002 1738 1067 1799 fuit.
1109 1739 1298 1815 Populatioss

214 1836 303 1911 itaque
323 1858 384 1897 non
413 1840 455 1898 illi
486 1861 570 1917 vegae
595 1844 711 1914 similis,
744 1862 831 1919 quem
854 1842 979 1901 Volscus
1006 1842 1150 1901 latrocinii
1178 1863 1267 1916 more,

214 1944 358 2005 discordie
372 1946 500 2005 hostium
514 1948 605 2006 fretus
620 1959 649 2006 et
665 1950 800 2007 virtutem
815 1959 956 2019 metuens,
976 1950 1267 2025 per.trepidetionem

213 2051 311 2124 raptim
331 2049 460 2126 feceret,
492 2054 543 2111 sed
565 2056 602 2113 ab
625 2054 701 2112 iusto
728 2054 856 2136 exercitu
883 2052 959 2109 iusta
979 2052 1024 2110 irc
1044 2052 1140 2127 luctu,
1169 2056 1265 2132 spatio

213 2173 322 2230 quoque
343 2160 483 2234 temporis
503 2159 631 2235 gravior.
679 2159 793 2236 Quippe
815 2180 834 2217 u
856 2158 989 2229 Volscis,
1018 2160 1201 2232 timentibus,
1229 2165 1295 2218 nei

212 2262 318 2321 interim
353 2264 496 2322 exercitus
529 2266 567 2321 eb
593 2267 689 2323 Romu
719 2268 825 2337 exiret,
860 2265 1038 2323 incursiones
1072 2266 1102 2322 in
1135 2280 1266 2325 extrema

213 2369 303 2427 linium
326 2369 414 2427 factes
435 2380 530 2441 erent3
561 2373 695 2429 Romano
721 2382 822 2429 contre
843 2372 931 2429 etiarn
948 2371 980 2427 in
999 2372 1112 2429 hostico
1132 2374 1266 2432 morendi

212 2492 294 2532 cause
314 2485 393 2544 eret,
422 2486 454 2532 ut
474 2477 586 2533 hostem
607 2476 645 2533 ed
667 2488 812 2535 certamen
835 2477 959 2535 eliceret.
1004 2476 1110 2551 Itaque
1132 2478 1296 2543 omnibus8

211 2582 312 2653 pessim
333 2581 418 2639 tectis
442 2600 577 2656 agrorum
599 2582 728 2658 vicisque
751 2585 838 2643 etiem
863 2582 1037 2658 quibusdum
1058 2584 1178 2656 exustis,
1206 2604 1265 2643 nou

213 2688 309 2745 arbore
323 2686 474 2762 fragilem,
494 2707 553 2745 non
567 2690 639 2746 satis
659 2689 689 2743 in
712 2706 792 2763 spem
814 2675 931 2774 frugum
952 2679 1070 2761 relictis,
1091 2690 1179 2760 omni,
1201 2709 1265 2765 quae

213 2804 287 2849 extre
304 2793 415 2849 moenia
428 2791 491 2864 fuit,
511 2795 660 2851 hominum
674 2793 876 2869 pecudumque
889 2798 990 2871 preede
1004 2796 1118 2866 abacto,
1139 2798 1264 2855 Romam
1348 2798 1352 2806 “

213 2898 338 2972 utrinque
361 2899 503 2955 exercitus
527 2899 646 2959 reducti.

286 3005 387 3062 Parvo
408 3003 560 3061 intervallo
581 3006 619 3061 ed
637 3004 837 3081 respirandum
862 3004 1040 3063 debitoribus
1069 3006 1157 3079 dcto,
1184 3018 1265 3083 post·
1313 3015 1358 3086 32

213 3119 292 3182 quem
307 3111 412 3185 quietae
430 3129 476 3168 res
499 3112 537 3167 ab
557 3111 689 3169 hostibus
711 3120 802 3180 erent,
826 3109 966 3167 celebrari
988 3111 1023 3167 de
1044 3111 1158 3187 integro
1178 3113 1265 3170 iuris·

213 3214 301 3287 dictio,
331 3227 360 3274 et
393 3228 504 3275 tentum
528 3218 630 3274 abesse
650 3236 717 3293 spes
750 3214 857 3273 veteris
877 3214 994 3273 levandi
1014 3215 1132 3287 fenoris,
1159 3228 1191 3273 ut
1212 3217 1265 3274 tri·

213 3320 276 3378 huto
295 3342 404 3381 novum
426 3320 509 3379 fenus
531 3325 748 3380 contraheretur
767 3321 797 3377 in
819 3340 934 3379 murum
955 3340 975 3379 e
994 3322 1163 3381 censoribus
1182 3324 1265 3381 locs·

214 3436 268 3483 tum
287 3447 361 3487 sexo
383 3431 526 3503 quadrato
555 3430 736 3497 faciundum
771 3426 817 3482 cui
844 3428 1033 3484 succumbere
1061 3430 1143 3485 oneri
1163 3442 1294 3499 coacte2

214 3532 313 3606 plebes,
340 3535 418 3610 quie,
446 3553 530 3608 quem
553 3534 686 3593 dilectum
708 3533 889 3608 impedirent,
909 3552 969 3590 non
989 3534 1137 3592 hebebant
1157 3535 1265 3593 tribuni

214 3638 306 3711 plebis.
349 3640 496 3697 Tribunos
518 3639 604 3696 etiarn
625 3638 763 3697 militares
784 3640 922 3715 patricios
941 3658 1042 3697 omnes
1062 3652 1165 3699 coacta
1185 3643 1294 3719 prin-3

215 3744 302 3817 cipum
323 3745 426 3820 opibus
447 3743 530 3815 fecit,
562 3746 594 3803 L.
619 3746 788 3817 AEmilium,
820 3747 856 3807 P.
881 3747 1031 3805 Valerium
1053 3758 1205 3821 quartum,
1228 3747 1263 3810 C.
1275 3744 1441 3799 A·1¹«⁰·³⁷⁷·

216 3846 377 3922 Veturium,
417 3850 480 3911 Ser.
502 3850 676 3927 Sulpicium,
712 3853 748 3912 L.
780 3862 808 3909 et
832 3851 865 3913 C.
889 3852 1039 3926 Quinctios
1069 3852 1264 3913 Cincinnatos.
1275 3814 1310 3865 A'
1318 3812 1431 3870 Ch'm‘

216 3952 314 4013 lisdem
335 3959 438 4034 opibus
451 3958 616 4028 obtinuere,
644 3966 676 4011 ut
696 3957 836 4017 adversus
858 3960 980 4016 Latinos
1000 3960 1193 4037 Volscosque,
1215 3962 1292 4037 quil

217 4062 365 4119 coniunctis
385 4062 547 4137 legionibus
569 4064 608 4121 sd
627 4062 770 4123 Satricum
792 4076 889 4123 castre
903 4066 1058 4137 habebant,
1079 4069 1158 4126 nullo
1172 4071 1263 4145 impe·

217 4163 302 4225 diente
324 4168 456 4226 omnibus
480 4170 639 4227 iunioribus
666 4183 848 4228 sacramento
876 4173 1002 4244 eductis,
1034 4184 1094 4233 tres
1120 4178 1263 4235 exercitus

217 4272 373 4346 scriberent,
394 4294 481 4333 unum
504 4278 542 4334 ud
563 4276 726 4353 praesidium
748 4277 838 4350 urbis,
860 4279 981 4338 alterum
996 4278 1056 4353 qui,
1076 4280 1102 4337 si
1123 4283 1173 4355 qui
1194 4282 1293 4350 ulibi5

239 4382 299 4424 livius
314 4398 336 4424 cr
349 4399 390 4426 ree.
405 4388 505 4436 striduit.
533 4389 556 4429 ll.
1030 4388 1046 4432 3
