3392 5084
466 517 527 577 286
729 512 807 563 Liber
823 513 859 563 v.
896 511 1180 572 (anneto-set.)

373 702 409 758 10
422 703 783 773 noctemexpugnassent.
826 694 1019 756 Collaudatos
1039 712 1166 771 corpora
1186 712 1291 755 curere
1310 703 1467 771 parensque
1511 697 1513 748 ἱ

422 820 486 861 esse
508 810 612 878 quarta
641 800 741 875 vigilia
769 800 858 859 iubet.
909 800 950 859 Et
977 801 1093 869 hostes,
1120 808 1292 863 nocturnum
1319 799 1414 875 fugam
1438 819 1466 857 cx
1511 785 1513 852 i

420 908 532 967 tumulo
554 910 754 965 Romanorum
777 907 871 963 utel>
898 924 935 963 es
955 906 1020 976 vie,
1051 922 1117 979 quae
1149 904 1265 963 ferebat
1285 906 1467 981 Verruginem,
1511 921 1513 956 ῑ

421 1013 621 1083 excluderent,
649 1009 730 1069 fuere
761 1010 854 1079 obvii3
885 1010 1077 1085 praeliumque
1105 1020 1174 1069 ente
1203 1012 1304 1070 lucem
1328 1010 1391 1087 (sed
1414 1011 1467 1066 luna

420 1136 534 1193 pernox
566 1115 641 1191 eret)
675 1114 861 1173 commissum
891 1123 945 1171 est.
1004 1114 1070 1186 [Et]
1103 1115 1185 1173 haud
1214 1115 1354 1173 incertius
1383 1116 1468 1173 dinuo

371 1223 403 1279 11
420 1222 553 1298 proelium
575 1222 644 1289 iuit;
672 1218 724 1275 sed
751 1217 864 1275 clamor
883 1218 1077 1294 Verruginem
1100 1218 1245 1294 perlatam,
1272 1240 1363 1296 quum
1391 1229 1467 1279 casua

419 1329 555 1386 Romane
569 1325 718 1383 crederent
733 1324 907 1399 oppugnari,
928 1331 1041 1381 tanturm
1054 1324 1298 1401 iniecitpavoris,
1311 1335 1354 1395 ut,
1372 1324 1469 1398 nequie-

420 1450 507 1507 quam
529 1431 672 1489 retinente
692 1438 780 1505 etque
803 1430 976 1487 obsecrante
987 1429 1122 1499 AEmilio‚
1142 1431 1308 1489 Tusculum
1332 1429 1418 1506 peleti
1434 1427 1470 1485 iu·

369 1538 405 1595 12
418 1546 527 1613 gerent.
569 1534 643 1593 Inde
663 1533 744 1594 fama
763 1536 890 1594 Romam
912 1534 1027 1609 perlata
1041 1544 1095 1606 est,
1115 1536 1303 1595 Postumium
1318 1534 1469 1593 exercitum·
1511 1571 1513 1574 -

419 1660 476 1717 que
497 1641 635 1701 occisum.
685 1639 761 1713 Qui,
789 1639 839 1697 ubi
868 1639 964 1713 prima
993 1638 1046 1697 lux
1066 1648 1176 1697 metum
1196 1640 1371 1697 insidiarum
1396 1636 1470 1696 elimo
1511 1666 1513 1668 ·

418 1746 604 1820 sequentibus
625 1744 748 1815 sustulit,
771 1762 860 1818 quum
883 1743 1096 1817 perequitasset
1123 1745 1216 1803 aciem
1238 1743 1387 1819 promisse
1403 1761 1470 1817 repe

418 1858 492 1918 tens,
512 1857 624 1907 tautum
645 1849 743 1907 iniecit
763 1848 888 1918 ardoris,
910 1856 942 1905 ut
962 1866 1021 1906 nou
1043 1850 1120 1907 ultre
1140 1848 1332 1909 sustinuerint
1351 1848 1469 1922 impetun

370 1954 521 2028 13AEqui.
565 1952 666 2011 Oetes
692 1953 760 2030 inde
787 1953 974 2029 fugientium,
1001 1954 1096 2028 quelis
1125 1955 1176 2012 ubi
1201 1955 1248 2011 ira
1275 1951 1373 2027 magis
1399 1969 1469 2026 quan

418 2058 525 2117 virtute
545 2076 592 2115 res
613 2058 732 2133 geritur,
754 2059 792 2115 ed
813 2059 970 2135 perniciem
991 2053 1118 2117 hostium
1140 2055 1221 2115 fecte
1235 2066 1297 2125 est;
1319 2058 1471 2127 tristemque

418 2165 456 2224 ab
469 2162 606 2222 'Tusculo
628 2164 777 2234 munuum,
805 2164 1000 2239 nequicquam
1023 2161 1162 2221 exterrita
1181 2163 1319 2236 civitate,
1347 2162 1472 2229 uterer

417 2270 570 2327 Postumio
590 2269 730 2327 laureatae
751 2278 927 2343 sequuntur,
956 2267 1111 2327 victoriam
1138 2268 1240 2343 populi
1261 2268 1392 2327 Romani
1412 2282 1472 2330 0⁸⁸0,

417 2376 583 2448 AEquorum
605 2373 762 2431 exercitum
788 2374 924 2433 deletum.

322 2470 366 2539 29
504 2478 701 2536 Tribunorum
730 2478 822 2553 plebis
853 2478 982 2536 actiones
1005 2477 1076 2552 quie
1101 2477 1231 2535 nondum
1259 2478 1429 2536 invenerant
1444 2475 1470 2531 i-

419 2601 500 2652 uem,
530 2590 559 2639 et
579 2582 661 2657 plebs
680 2584 849 2643 continuere
872 2582 1015 2641 latoribus
1042 2582 1116 2657 legis
1136 2582 1318 2641 tmbunutum
1341 2590 1371 2639 et
1389 2590 1471 2658 petre

419 2688 538 2745 reficere
558 2686 764 2745 intercessores
784 2688 858 2764 legis
886 2687 981 2745 nemsi
1001 2696 1083 2756 sunt3
1112 2688 1164 2745 sed
1191 2688 1257 2764 plus
1279 2688 1343 2747 suis
1365 2684 1469 2745 comitiis
1511 2719 1513 2725 ,

389 2791 502 2867 2plebs
523 2792 629 2863 valuit3
661 2810 746 2867 quem
769 2792 900 2853 dolorem
923 2792 974 2849 ulti
1000 2800 1101 2866 patres
1121 2800 1189 2850 sunt
1209 2800 1333 2851 senatus
1355 2790 1470 2851 consulto
1511 2851 1513 2857 ,

528 2908 559 2953 ut
580 2894 723 2968 consules,
743 2896 854 2955 invisus
874 2896 952 2972 plebi
975 2896 1173 2971 magistratus,
1194 2906 1376 2967 crearentur.
1418 2897 1470 2955 An·

417 3020 485 3059 num
507 3010 575 3077 post
597 3002 727 3076 quintum
751 3002 896 3060 decimum
917 3001 1007 3058 creati
1026 3000 1160 3059 consules
1181 3002 1216 3059 L.
1237 3004 1395 3061 Lucretius
1412 3000 1470 3059 Fla·
1511 3037 1513 3044 »

386 3115 479 3177 avus,
502 3107 565 3167 Ser.
587 3085 731 3181 Sulpicius
754 3105 936 3165 Camerinus.
977 3105 1127 3181 Principio
1141 3106 1228 3163 huius
1247 3106 1470 3171 censeremur,
1511 3138 1513 3186 i

375 3232 379 3239 ·
416 3213 485 3287 quie
503 3223 593 3271 'nemo
622 3230 659 3271 ex
687 3212 810 3287 collegio
836 3212 1044 3270 intercessurus
1074 3220 1152 3281 eret,
1180 3212 1290 3269 coortis
1320 3213 1361 3271 ud
1389 3206 1469 3286 pene

414 3319 535 3377 rendam
556 3318 650 3393 legem
674 3317 797 3375 tribunis
818 3317 927 3392 plebis,
952 3334 1008 3374 nec
1033 3317 1150 3391 segnius
1175 3318 1213 3373 ob
1235 3317 1266 3373 id
1292 3318 1391 3393 ipsum
1410 3332 1469 3373 con·

414 3424 523 3481 sulibus
551 3422 759 3493 resistentibus,
789 3422 926 3495 omnique
955 3422 1073 3480 civitate
1103 3424 1133 3479 in
1160 3438 1252 3481 unem
1285 3440 1352 3480 eam
1383 3436 1467 3480 curam

414 3545 572 3594 conversa,
604 3527 753 3584 Vitelliam
783 3526 927 3583 coloniem
954 3529 1117 3587 Romanam
1145 3526 1177 3584 in
1205 3545 1259 3585 suo
1289 3545 1364 3601 egro
1389 3522 1467 3598 AEqui

385 3639 592 3708 terpugnent.
641 3629 818 3689 Colonorum
845 3650 916 3707 pers
946 3632 1077 3689 maxime
1103 3631 1373 3745 incolumis'uie
1396 3636 1467 3687 nocte

414 3736 578 3811 proditione
599 3735 737 3810 oppidum
760 3745 877 3812 captum
907 3738 1029 3795 liberam
1057 3755 1111 3811 per
1139 3754 1245 3793 eversa
1273 3736 1355 3793 urbis
1380 3734 1466 3808 tugen

385 3841 544 3911 5dederet‚
562 3842 686 3899 Romam
709 3840 873 3916 perfugere.
920 3841 955 3898 L.
978 3840 1114 3899 Lucretio
1138 3841 1251 3899 consuli
1272 3859 1309 3897 ea
1329 3835 1467 3917 provincia

415 3946 519 4005 evenit.
562 3946 594 4003 Is
616 3963 681 4003 cum
705 3946 832 4003 exercitu
847 3943 998 4019 proiectus
1012 3946 1076 4004 scie
1094 3946 1193 4003 hostes
1207 3945 1308 4016 vincit,
1330 3946 1468 4015 victorque

327 4097 329 4103 .
384 4028 538 4111 ortonam
562 4050 600 4107 ud
622 4049 714 4107 maius
737 4050 886 4124 eliquanto
914 4058 1061 4108 certamen
1081 4051 1167 4109 redit.
1220 4051 1296 4109 Dies
1316 4051 1395 4109 dicte
1414 4052 1467 4105 erat

413 4156 534 4215 tribunis
555 4155 648 4230 plebis
671 4153 777 4211 biennii
799 4155 957 4230 superioris
980 4156 1021 4215 A.
1035 4155 1176 4229 Verginio
1199 4164 1228 4212 et
1249 4155 1288 4229 Q.
1304 4151 1467 4231 Pomponio,

414 4277 486 4333 quos
508 4258 623 4316 delendi
651 4267 766 4334 petrum
796 4277 938 4317 consensu
966 4260 1004 4317 nd
1031 4261 1117 4319 fidem
1151 4267 1271 4319 senatus
1301 4259 1467 4337 pertinebat

235 2871 505 2994 lubus
