3392 5084
486 498 525 555 66
722 494 800 544 Liber
816 493 880 544 vn.
924 493 974 558 (Δ.
986 509 1012 544 ιι.
1026 509 1049 545 c.
1061 495 1225 557 ³99-4ol.)

442 680 521 738 haud
551 675 739 736 memorando
771 679 928 756 certamina
948 687 1081 754 captum,
1112 679 1174 736 sive
1202 679 1322 736 duorum
1349 677 1476 736 consulum

443 786 572 862 auspicio
593 785 699 844 bellum
721 785 762 842 ibi
781 794 895 861 gestum
918 793 978 855 est,
1007 793 1040 842 ut
1062 785 1204 860 scripsere
1226 786 1351 860 qnidam,
1373 802 1419 840 seu
1437 803 1477 860 per

441 893 517 950 idem
539 902 653 968 tempus
667 890 921 965 Tarquiniensium
938 908 1054 966 quoque
1075 901 1142 948 sunt
1163 891 1272 948 vastati
1292 891 1355 966 agri
1373 892 1407 952 ab
1427 890 1479 949 Sul-

442 999 518 1076 picio
541 997 673 1067 consule,
704 1015 762 1071 quo
783 995 919 1052 Valerius
941 995 1087 1053 adversus·
1100 997 1237 1055 Tiburtes
1262 997 1387 1072 legiones
1406 995 1481 1052 duxit.

412 1104 533 1161 3Domi
559 1103 654 1160 maius
675 1112 820 1159 certamen
847 1101 1013 1158 consulibus
1039 1120 1104 1160 cum
1125 1103 1210 1179 plebe
1231 1121 1266 1160 ac
1287 1102 1406 1160 tribunis
1425 1109 1481 1158 erat.

442 1209 525 1267 Fidei
546 1210 605 1266 iam
626 1227 703 1278 sua,
734 1227 793 1264 non
819 1207 913 1265 solum
944 1207 1058 1264 virtutis
1088 1208 1234 1266 ducebant
1260 1227 1342 1278 esse,
1368 1216 1399 1265 ut
1418 1225 1481 1264 acce·

441 1315 552 1397 pissent
580 1315 639 1373 duo
668 1313 782 1399 patricii
803 1312 999 1384 consulatum,
1034 1313 1076 1370 ite
1103 1314 1246 1371 ambobus
1272 1314 1401 1390 patriciis
1418 1331 1482 1368 man·
1513 1345 1514 1402 t

412 1422 527 1480 4dare:
549 1421 618 1496 quin
642 1427 693 1476 aut
713 1427 775 1476 totu
796 1418 955 1477 cedendum
978 1437 1051 1489 esse,
1073 1428 1105 1474 ut
1125 1419 1255 1493 plebeius
1276 1419 1338 1477 iam
1354 1419 1483 1494 magistra-
1513 1407 1514 1420 ¹

442 1534 489 1584 tus
504 1527 670 1584 consulatus
684 1527 744 1595 fiat
765 1533 816 1581 aut
835 1534 928 1582 totum
950 1525 1165 1600 possidendum,
1187 1545 1275 1600 quem
1291 1525 1484 1602 pussessionem

413 1632 585 1708 bintegram
608 1651 627 1688 a
647 1630 777 1707 patribus
808 1626 996 1706 accepissent
1044 1631 1150 1689 Plebes
1172 1641 1275 1688 contra
1298 1631 1411 1689 fremit:
1432 1630 1485 1705 qnid

442 1740 602 1807 sensere,
626 1736 744 1813 quidm
766 1744 850 1812 parte
871 1736 977 1792 civium
1000 1736 1119 1806 censeri,
1140 1735 1175 1806 si,
1200 1737 1280 1810 quod
1303 1739 1427 1795 duorum
1444 1738 1485 1792 ho-

442 1843 550 1900 minum
572 1842 686 1912 virtute,
709 1843 744 1899 L
766 1841 859 1901 Sextii
880 1860 914 1899 ac
937 1839 971 1902 G
992 1841 1104 1913 Licinii,
1125 1852 1241 1918 partum
1264 1843 1320 1914 sit,
1346 1843 1376 1900 id
1397 1842 1486 1900 obtine·

414 1955 476 2010 tire
502 1949 629 2006 universi
660 1968 719 2004 non
745 1947 878 2025 possint?
922 1948 979 2004 Vel
1005 1965 1088 2022 reges
1117 1946 1165 2003 vel
1194 1947 1380 2006 decemviros
1406 1945 1487 2006 velsi
1513 2009 1514 2012 ,

416 2055 525 2132 'iquod
545 2055 655 2112 tristius
675 2054 714 2112 sit
733 2054 847 2130 imperii
867 2073 983 2124 nomen,
1004 2054 1172 2130 patiendum
1196 2072 1259 2110 esse
1281 2056 1399 2132 potius,
1418 2073 1486 2130 quam

446 2162 548 2219 ambos
569 2161 706 2237 patricios
737 2161 870 2219 consules
896 2160 1015 2216 videant
1042 2177 1094 2217 nec
1121 2160 1151 2216 in
1179 2139 1273 2218 vicem
1299 2172 1438 2236 pareatur
1456 2169 1487 2216 at-

446 2285 502 2343 que
522 2267 695 2344 imperetur,
725 2268 778 2324 sed
795 2283 865 2342 pers
886 2265 979 2322 altera
1001 2265 1030 2322 in
1053 2275 1159 2323 aeterno
1182 2265 1305 2341 imperio
1329 2268 1425 2326 locata
1442 2267 1488 2343 ple·
1513 2328 1514 2332 ἵ

415 2375 511 2436 8bem
532 2393 675 2448 nusquam
702 2374 759 2431 aliu
781 2382 881 2429 natam
910 2389 996 2445 quam
1019 2370 1057 2427 ud
1088 2371 1271 2427 serviendum
1299 2385 1393 2448 putet.
1435 2375 1489 2431 Nun
1513 2353 1514 2360 ἵ

445 2480 548 2537 desunt
569 2479 677 2536 tribuni
698 2487 831 2536 auctores
854 2478 1000 2534 turbarum
1008 2518 1022 2547 ,.
1048 2453 1100 2534 sed
1120 2476 1196 2533 inter
1217 2477 1384 2536 concitatos
1405 2495 1489 2554 perse

413 2587 544 2642 9omues
566 2584 617 2641 vix
638 2585 725 2641 duces
747 2583 883 2642 eminent.
921 2572 1091 2658 ¹Aliquoties
1114 2581 1224 2639 frustra
1245 2583 1275 2640 in
1298 2603 1435 2660 campum
1453 2583 1488 2638 de
1513 2555 1514 2568 ἵ

443 2708 576 2753 scensum
593 2710 694 2765 quum
726 2698 802 2747 esset
828 2681 976 2763 multique
996 2707 1050 2764 per
1077 2683 1233 2746 seditiones
1266 2691 1328 2748 acti
1350 2689 1488 2748 comitiales
1513 2675 1514 2678 ¹

443 2796 521 2858 dies.
552 2807 699 2872 postremo
721 2795 805 2852 victae
825 2795 1042 2870 perseverantia
1068 2796 1217 2853 consulum
1238 2796 1336 2872 plebis
1369 2815 1403 2854 eo
1424 2795 1514 2864 dolor¹

443 2903 545 2977 erupit,
567 2910 598 2958 ut
618 2902 758 2972 tribunos,
779 2908 876 2958 actum
898 2919 961 2958 esse
982 2901 1018 2958 de
1041 2901 1174 2959 libertate
1202 2899 1402 2959 vociferantes
1421 2900 1488 2958 relin-
1513 2887 1514 2894 ἵ

444 3007 646 3082 quendumque
666 3027 725 3064 non
747 3024 881 3081 campum
903 3007 961 3064 iam
983 3008 1093 3077 solum,
1122 3007 1174 3064 sad
1200 3007 1289 3064 etiem
1311 3008 1414 3064 urbem
1435 3024 1514 3080 cap·

442 3121 503 3170 tum
525 3122 613 3190 atque
635 3131 805 3190 oppressam
826 3132 918 3191 regno
943 3114 1145 3190 patriciorum,
1176 3123 1278 3170 maesta
1299 3113 1385 3189 plebs
1405 3129 1487 3185 seque·

393 3226 529 3280 teretur.
572 3219 712 3278 Consules
733 3218 825 3276 relicti
847 3237 865 3275 a
886 3231 970 3295 purte
990 3219 1104 3297 populi,
1133 3239 1186 3295 per
1210 3197 1434 3296 infrequentiam
1452 3234 1487 3272 co

270 3306 430 3426 {3532}
443 3326 525 3383 mitia
544 3326 634 3384 nihilo
655 3324 771 3401 segnius
792 3324 952 3401 perficiunt.
973 3325 1096 3398 screati
1118 3325 1250 3382 consules
1272 3327 1363 3384 ambo
1385 3321 1488 3401 patricii.

442 3434 484 3494 M.
508 3433 618 3492 Fabius
640 3432 801 3488 Ambustus
824 3431 955 3500 tertium,
986 3432 1023 3492 T.
1047 3431 1208 3504 Quinctius.
1263 3433 1301 3490 Ιιι
1331 3431 1487 3508 quibusdum
1513 3495 1514 3502 ἵ

374 3519 375 3523 ¹
443 3539 594 3596 annalibus
616 3556 669 3613 pro
691 3538 729 3594 T.
752 3536 888 3610 Quinctio
911 3537 954 3594 M.
976 3535 1135 3612 Popillium
1157 3537 1305 3596 consulem
1329 3538 1451 3596 invenio.
1513 3603 1514 3612 χ

283 3669 286 3672 ·
347 3640 389 3709 19
525 3645 595 3700 Duo
622 3641 699 3700 bella
725 3662 760 3700 eo
795 3662 872 3700 anno
902 3661 1041 3718 prospere
1072 3652 1164 3718 gesta.
1225 3642 1301 3701 Cum
1334 3642 1514 3702 Tiburtibus

442 3768 535 3824 usque
556 3749 594 3806 ad
615 3748 789 3805 deditionem
810 3758 979 3824 pugnatum
1023 3747 1145 3808 Sassula
1171 3767 1209 3806 ex
1236 3749 1281 3806 his
1309 3747 1380 3808 urbs
1409 3755 1514 3820 capu,

442 3865 597 3929 ceteraque
608 3833 719 3930 oppida
733 3855 855 3911 eandem
871 3853 1017 3911 fortunam
1032 3852 1210 3924 habuissent,
1230 3853 1261 3910 ni
1276 3855 1413 3912 universa
1429 3865 1514 3927 gens

412 3961 430 4018 2
442 3961 545 4037 positis
574 3961 663 4018 armis
691 3961 720 4016 in
746 3961 833 4017 fidem
865 3961 990 4018 consulis
1018 3960 1152 4017 venisset.
1213 3959 1435 4036 Triumphutum
1458 3956 1484 4011 de

445 4067 630 4136 Tiburtibus3
662 4065 791 4141 alioquin
824 4065 902 4123 mitis
934 4065 1057 4123 victoria
1087 4063 1161 4146 fuit.¹
1208 4065 1243 4123 In
1276 4065 1483 4142 Tarquinienses

444 4175 549 4232 acerbe
577 4171 722 4241 saevitum3
753 4170 850 4228 multis
876 4171 1046 4228 mortalibus
1067 4171 1098 4227 in
1119 4169 1181 4227 scie
1204 4171 1301 4242 caesis,
1329 4191 1366 4228 ex
1394 4164 1483 4244 ingenti
1513 4215 1514 4266 p

445 4279 625 4355 captivorum
646 4295 766 4333 numero
793 4276 914 4333 trecenti
945 4276 1154 4352 quinquaginta
1185 4284 1250 4335 octo
1272 4277 1388 4350 delecti,
1415 4273 1481 4332 nobi·
1511 4347 1512 4360 χ
