3392 5084
481 563 542 619 246
727 531 805 610 uther
823 560 872 609 tv.
909 560 956 622 (a.
971 575 995 608 u.
1008 575 1029 610 c.
1043 563 1204 616 asa-sss.)

438 744 479 812 fit,
502 741 624 816 excepit,
646 743 686 802 M.
709 743 829 817 Papirio
851 743 999 812 Atratino,
1021 741 1055 800 0.
1071 743 1184 802 Nautio
1205 744 1307 801 Rutilo
1330 744 1478 800 oonsulibus.

408 849 504 906 5Iam
524 845 618 904 fames
640 865 728 921 quam
751 848 916 922 pestilentia
947 846 1059 904 tristior
1087 858 1165 917 erat,
1194 850 1241 917 ni,
1273 849 1402 905 dimissis
1428 849 1478 904 ehu

439 969 539 1010 omnes
568 951 691 1027 populos
717 951 838 1026 legatis,
869 953 919 1027 qui
946 953 1102 1011 Etruscum
1132 971 1214 1010 mere
1244 954 1355 1027 quique
1375 954 1477 1009 Tiberin
1510 970 1511 995 ³

439 1057 581 1127 accolunt,
604 1040 641 1114 ad
663 1055 838 1112 frumentum
860 1058 1058 1126 mercandum,
1080 1077 1202 1114 annonae
1223 1057 1304 1114 foret
1324 1060 1478 1114 subventum.
1510 1048 1512 1100 ἶ

409 1161 571 1235 asaperbe
602 1161 640 1218 ab
672 1159 867 1231 Samnitibus,
904 1162 953 1235 qui
985 1159 1119 1237 Capuam
1151 1165 1302 1220 hebebant
1331 1162 1478 1235 Cumasque.

439 1265 527 1338 legati
548 1264 688 1341 prohibiti
710 1267 884 1322 commercio
907 1277 983 1335 sunt,
1004 1277 1106 1325 contra
1127 1288 1163 1325 ea
1184 1270 1311 1344 benigne
1333 1270 1371 1325 ab
1394 1267 1478 1325 Siculo·

439 1389 503 1426 rum
538 1370 668 1445 tyrannis
701 1371 806 1438 adiuti3
844 1373 989 1428 maximos
1021 1383 1199 1430 commeatus
1231 1393 1348 1431 summo
1380 1372 1478 1431 Etruria

408 1477 534 1538 tstudio
557 1475 672 1536 Tiberis
700 1473 825 1531 devexit.
875 1476 1065 1533 Solitudinem
1094 1479 1124 1533 in
1152 1479 1270 1536 civitate
1292 1498 1374 1554 aegra
1394 1475 1479 1552 experti

439 1579 572 1637 consules
593 1587 668 1646 sunt,
692 1595 780 1650 quum
802 1579 832 1636 in
853 1579 1014 1654 legationes
1035 1599 1095 1637 non
1105 1560 1304 1658 plussingulis
1324 1583 1480 1640 senatoribus

410 1684 616 1754 8invenientes
640 1663 740 1740 ¹eoacti
769 1694 837 1741 stunt
864 1684 948 1742 binos
979 1686 1090 1760 equites
1120 1689 1255 1746 adiicere.
1304 1692 1478 1761 Praeterqum

440 1789 477 1846 ab
509 1789 611 1844 morbo
642 1806 817 1862 annonaque
842 1789 914 1846 nihil
942 1809 977 1846 eo
1004 1790 1119 1848 biennio
1140 1793 1268 1848 intestini
1290 1790 1434 1848 externive
1449 1789 1480 1843 in·

440 1895 585 1950 commodi
596 1891 659 1950 fuit.
692 1897 735 1951 At
746 1894 795 1950 ubi
810 1913 852 1950 eae
866 1893 1073 1952 sollicitudines
1087 1897 1247 1965 decessere,
1269 1896 1380 1970 omnia,
1400 1895 1479 1968 quibus

440 1999 551 2056 turbari
573 1998 660 2055 solite
681 2007 744 2056 erat
755 2000 868 2067 civitas,
889 1999 969 2054 dorni
980 2000 1134 2071 discordia,
1143 2065 1147 2074 ἱ
1156 2002 1228 2059 foris
1239 2002 1349 2058 bellum
1364 2012 1479 2057 exortum.

344 2087 408 2155 53'
522 2099 573 2165 Μ’.
595 2104 736 2172 AEmilio‚
765 2102 798 2162 C.
820 2104 942 2162 Valerio
964 2105 1063 2162 Potito
1090 2107 1255 2164 consulibus
1284 2106 1392 2163 bellum
1412 2102 1481 2174 AEqui

260 2177 427 2296 ssffig
439 2208 593 2284 parabant,
615 2209 741 2278 Volscis,
764 2228 931 2284 quanquam
944 2229 1002 2266 nou
1016 2211 1133 2284 publico
1151 2212 1271 2268 consilio
1288 2211 1482 2285 capessentibus

408 2317 531 2384 harma,
553 2313 723 2371 voluntariis
746 2315 877 2371 mercede
898 2315 1003 2371 secutis
1018 2316 1160 2374 militiam.
1195 2317 1244 2372 Ad
1257 2335 1383 2390 quorum
1396 2315 1480 2371 lanan

439 2420 565 2476 hostium
594 2418 665 2489 (iam
695 2419 771 2475 enim
797 2420 827 2475 in
857 2419 992 2475 Latinum
1023 2419 1240 2493 Hernicumque
1267 2422 1481 2478 transcenderant

441 2523 556 2598 agrum)
589 2523 730 2580 delectum
759 2525 914 2580 habentem
936 2523 1088 2580 Valerium
1111 2525 1258 2581 consulem
1281 2526 1429 2582 Menenius
1445 2523 1483 2576 tri·

440 2631 534 2686 hunus
556 2627 658 2703 plebis,
683 2629 754 2704 legis
776 2627 900 2702 agrariae
923 2628 1013 2697 lator,
1032 2632 1124 2702 ‘quum
1147 2630 1315 2704 impediret.
1341 2629 1484 2699 auxilioque

409 2733 548 2794 3tribuni
577 2751 661 2790 nemo
690 2734 797 2790 invitus
826 2741 1009 2789 sacramento
1038 2734 1161 2802 diceret,
1198 2744 1319 2808 repente
1352 2734 1483 2790 nuntiatur,
1510 2757 1512 2785 t

410 2847 537 2900 «larsem
559 2837 774 2896 Carventanam
803 2838 839 2894 ab
867 2839 999 2894 hostibus
1027 2848 1199 2914 occupatam
1227 2858 1300 2896 esse.
1352 2842 1397 2897 Ea
1419 2839 1482 2910 igno·
1510 2860 1511 2887 ς

441 2944 529 3000 minia
552 2955 672 3019 accepta
694 2961 781 3017 quum
808 2943 886 3017 apud
916 2954 1014 3018 patres
1042 2944 1158 3001 invidiae
1172 2945 1316 3002 -Menenio
1346 2944 1412 3011 fuit,
1436 2955 1482 2996 tum
1510 2968 1512 3013 q

441 3049 542 3107 ceteris
554 3048 686 3117 tribunis,
707 3046 765 3102 iam
779 3051 847 3104 ante'
858 3050 1029 3123 proeparatis
1040 3049 1278 3106 intercessoribus
1289 3051 1364 3125 legis
1375 3047 1483 3124 agraria,
1510 3024 1512 3097 l

369 3159 374 3172 “
410 3155 563 3230 5praebuit
583 3153 731 3210 iustiorem
755 3171 873 3210 eausam
896 3155 1048 3210 resistendi
1063 3154 1191 3228 collegae.
1236 3157 1342 3229 ltaque
1357 3167 1485 3228 quumres

440 3258 489 3316 diu
511 3259 598 3317 ducta
619 3278 672 3334 per
694 3258 910 3315 altercationem
933 3268 1017 3327 esset,
1037 3259 1203 3315 oonsulibus
1225 3260 1296 3315 deos
1318 3260 1484 3327 hominesque

439 3365 621 3434 testantibus,
647 3363 784 3439 quiequid
806 3364 843 3419 ab
865 3364 997 3433 hostibus
1018 3365 1109 3421 eladis
1130 3365 1354 3438 ignominiaeque
1375 3374 1420 3420 aut
1439 3361 1484 3415 iam

440 3479 591 3545 acceptum
613 3479 688 3526 esset
710 3478 760 3525 aut
781 3468 957 3537 immineret,
985 3470 1099 3544 eulpam
1128 3487 1215 3544 penes
1237 3469 1402 3526 Menenium
1427 3465 1483 3521 tore.

409 3577 490 3651 equi
512 3575 653 3632 delectum
675 3573 842 3648 impediret,
865 3575 1001 3630 Menenio
1023 3585 1126 3631 contra
1145 3573 1340 3642 vociferante,
1362 3573 1386 3628 si
1405 3566 1484 3627 iniusti

440 3681 548 3737 domini
573 3677 757 3755 possessione
778 3677 841 3752 agri
869 3678 978 3752 publici
1004 3680 1152 3748 cederent,
1181 3698 1213 3735 se
1241 3659 1368 3735 moram‘
1381 3670 1484 3733 delectui

440 3784 631 3853 nonfacere,
654 3784 769 3841 decreto
793 3783 965 3857 interposito
988 3802 1093 3840 novem
1116 3785 1223 3840 tribuni
1241 3784 1418 3867 xsustulerunt
1435 3796 1484 3834 oer-

409 3893 536 3972 ltamen
566 3890 883 3964 pronuntiaveruntque
911 3907 948 3944 ex
981 3888 1095 3963 collegii
1124 3889 1282 3958 sententia,
1320 3887 1354 3947 C.
1381 3882 1483 3942 Valerio

439 3994 549 4051 consuli
561 3989 616 4062 'se,
645 3996 781 4051 damnum
805 3993 951 4067 aliamque
976 3994 1177 4051 coercitionem
1205 3994 1346 4051 adversus
1365 3993 1484 4048 interces-

440 4099 548 4157 sionem
572 4101 689 4174 collegae
711 4099 838 4156 delectus
860 4117 951 4155 cause
965 4100 1191 4156 detrectantibus
1206 4100 1338 4156 militiam
1352 4088 1482 4154 inhibeut‘a

409 4206 426 4261 8
440 4205 549 4261 auxilio
571 4203 685 4261 futuros
707 4223 779 4262 esse.
822 4203 890 4259 Hoc
905 4204 1022 4260 decreto
1037 4203 1138 4261 consul
1153 4213 1283 4260 armatus
1299 4222 1385 4278 quum
1400 4192 1483 4274 paucis

439 4304 652 4384 appellantibus
670 4310 815 4366 tribunum
838 4308 943 4364 collum
959 4309 1100 4377 torsisset,
1122 4316 1199 4364 metu
1214 4311 1302 4364 ceteri
1322 4307 1483 4364 sacramento
1510 4346 1512 4397 1
