3392 5084
499 508 668 578 nuseium.
704 525 987 592 (acuam-eac.)
1181 533 1237 590 123

218 708 319 778 reditu,
344 711 522 785 promissum
543 722 601 781 est,
621 731 718 787 regem
741 722 793 796 qut
814 712 913 770 vivum
935 723 986 771 aut
1008 725 1153 773 mortuum
1175 715 1205 772 in
1227 735 1280 791 po·

218 822 352 870 testatem
375 815 507 876 daturos.
551 817 686 876 Ceterum
707 837 771 875 cum
794 818 911 876 delectis
933 820 1010 894 ipse,
1037 822 1184 896 egregium
1206 820 1311 881 laci-9

217 939 268 976 nus
290 939 398 992 ausus,
427 941 481 996 per
501 923 612 982 medios
633 924 758 1000 erumpit
787 924 886 980 hostes
914 935 944 981 et
973 925 1074 983 ducem
1096 928 1281 986 Lucanorum

217 1027 347 1084 cominus
371 1045 559 1103 congressum
590 1031 758 1097 obtruncat3
790 1030 1019 1104 contrahensque
1047 1049 1116 1088 suos
1144 1053 1181 1090 ex
1210 1032 1282 1108 iuga
1297 1038 1332 1093 10

216 1132 334 1206 palatos
358 1135 491 1208 pervenit
517 1137 556 1192 ad
585 1156 715 1205 amnem,
749 1135 840 1192 ruinis
868 1135 1030 1193 recentibus
1057 1137 1169 1212 pontis,
1194 1157 1279 1212 quem

216 1239 257 1294 ris
285 1228 375 1313 aquae
407 1239 583 1314 abstulerat,
612 1244 786 1301 indicantem
815 1242 878 1298 iter.
934 1242 1027 1315 Quem
1054 1259 1143 1317 quum
1169 1244 1279 1302 incerto
1298 1247 1328 1300 11

215 1343 457 1423 vado-transiret
479 1365 594 1422 agmen,
615 1349 709 1407 lassos
728 1357 808 1406 metu
837 1367 873 1404 ac
893 1347 995 1404 labore
1016 1348 1106 1417 miles,
1128 1348 1280 1425 increpans

215 1469 322 1508 nomen
346 1452 576 1511 abominandum
597 1455 731 1525 fluminis,
758 1456 844 1523 „lure
865 1454 999 1510 Acheros
1019 1455 1153 1510 vocaris“
1177 1454 1279 1530 inquit.

215 1556 302 1629 Quod
321 1557 385 1614 ubi
415 1558 454 1614 ad
485 1579 571 1617 aures
598 1561 703 1618 accidit
728 1561 815 1636 regis,
843 1559 949 1618 adiecit
978 1558 1123 1634 extemplo
1153 1559 1279 1618 animum

213 1661 279 1720 fatis
295 1663 370 1733 suis,
392 1664 578 1739 substititque
591 1666 706 1750 dubius,
726 1687 764 1724 an
784 1665 928 1724 transiret.
969 1666 1047 1722 Tum
1069 1663 1206 1736 Sotimus,
1228 1666 1331 1725 nri-12

213 1769 304 1826 nister
339 1788 377 1826 ex
409 1770 498 1845 regiis
538 1773 651 1846 pueris,
689 1773 768 1847 quid.
789 1773 820 1828 iu
849 1781 943 1829 tanto
964 1770 1128 1828 discrimine
1161 1771 1282 1846 periculi

213 1883 420 1945 cunctaretur,
455 1875 653 1952 interrogans,
687 1879 796 1935 indicet
834 1879 970 1934 Lucanos
1008 1876 1119 1933 insidiis
1153 1896 1281 1952 quarere

212 1977 320 2038 locum.
371 1980 455 2051 Quos
475 1983 526 2038 ubi
545 1986 674 2059 respexit
703 2004 757 2041 rex
782 1981 886 2060 procul
913 1999 1002 2056 grege
1023 1981 1102 2039 facto
1124 1983 1280 2056 venientes,
1299 1986 1331 2042 13

213 2085 331 2160 stringit
354 2085 486 2160 gladium
514 2097 544 2144 et
568 2108 622 2163 per
653 2091 780 2147 medium
811 2106 925 2146 amnem
957 2087 1125 2145 transmittit
1159 2108 1278 2164 equum3

211 2189 334 2265 iamque
366 2191 398 2248 in
432 2192 542 2250 vadum
574 2212 720 2268 egressum
752 2196 863 2253 eminus
896 2203 998 2250 veruto
1033 2194 1170 2251 Lucanus
1198 2195 1281 2252 exsul

172 2362 173 2365 Ἴ
211 2297 369 2371 transfigit.
417 2297 549 2371 Lapsum
576 2299 644 2356 inde
665 2319 731 2359 cum
752 2302 907 2357 inhaerente
929 2299 987 2355 telo
1016 2316 1120 2374 corpus
1148 2300 1281 2356 exanime
1298 2305 1332 2358 14

211 2402 316 2459 detulit
348 2403 444 2460 amuis
464 2405 504 2460 in
524 2405 649 2462 hostium
678 2407 822 2482 praesidia.
867 2402 915 2461 Ibi
942 2402 1022 2460 fede
1049 2404 1187 2462 laceratio
1216 2424 1280 2463 cor-

211 2509 290 2581 poris
313 2507 407 2565 facta
449 2509 589 2585 Namque
609 2513 729 2587 praeciso
758 2511 863 2581 medio,
884 2517 996 2585 partem
1019 2510 1204 2568 Consentiam
1226 2511 1280 2568 mi-

210 2631 283 2682 sere,
306 2632 383 2690 pars
404 2613 477 2689 ipsis
497 2623 610 2672 retenta
632 2618 670 2674 ed
690 2617 858 2685 ludibrium3
881 2633 945 2689 qua
960 2633 1048 2689 quum
1070 2615 1171 2674 iaculis
1187 2617 1280 2674 saxis·
1296 2621 1332 2676 15

211 2737 266 2792 qne
287 2719 399 2798 procul
422 2721 628 2791 incesseretur,
654 2722 757 2779 mulier
778 2740 837 2778 una
857 2720 934 2778 ultra
954 2721 1147 2780 humanarum
1171 2723 1280 2780 irarum

210 2825 297 2882 fidem
318 2825 454 2882 saevienti
476 2829 568 2884 turbas
587 2828 737 2898 immixta,
765 2836 797 2884 ut
824 2845 981 2902 parumper
1001 2827 1187 2898 sustinerent,
1215 2847 1280 2903 pre·

174 2967 175 2972 1
211 2940 286 3000 cata,
310 2933 387 2988 flens
410 2931 460 3003 ait,
482 2933 576 2990 virum
599 2935 654 2990 sibi
674 2933 838 3007 liberosque
860 2941 961 3006 captos
984 2933 1062 3008 apud
1083 2935 1181 2990 hostes
1203 2952 1281 2990 esse:

210 3053 334 3110 sperare
356 3055 483 3112 corpore
504 3041 585 3114 regio
600 3050 744 3113 utcunque
765 3038 891 3095 mulcato
913 3055 946 3094 se
966 3056 1034 3094 suos
1057 3040 1280 3115 redempturum.

209 3142 239 3198 Is
269 3143 341 3200 finis
371 3138 543 3202 lacerationi
566 3144 637 3215 fuit,
664 3143 866 3218 sepultumque
889 3143 1060 3215 Consentia,
1086 3147 1163 3219 quod
1191 3149 1332 3204 mem-16

210 3248 333 3306 brorum
356 3249 503 3322 reliquom
525 3249 594 3318 fuit,
615 3268 685 3306 cura
712 3248 838 3305 molieris
859 3249 958 3319 unius,
980 3267 1104 3323 ossaque
1125 3250 1279 3325 Metapon-
1307 3263 1311 3281 '

209 3364 268 3410 tum
294 3356 335 3412 ad
357 3356 459 3411 hostes
481 3357 616 3426 remissa,
644 3355 710 3411 inde
737 3355 861 3430 Epirum
890 3355 1011 3412 devecta
1032 3354 1070 3410 ad
1092 3352 1277 3430 Cleopatram
1297 3363 1329 3416 17

209 3478 335 3517 uxorem
358 3478 551 3534 sororemque
565 3461 777 3536 Olympiadem,
799 3479 922 3533 quarum
948 3469 1041 3517 mater
1063 3461 1162 3535 magni
1184 3462 1278 3519 Alex-

208 3566 295 3622 andri
330 3567 443 3637 altera,
475 3584 561 3624 soror
591 3567 684 3624 altera
713 3565 776 3624 fuit.
839 3567 912 3623 Haec
943 3567 979 3622 de
1011 3566 1174 3626 Alexandri
1207 3571 1278 3646 Epi·
1297 3569 1336 3666 18ι

209 3672 304 3728 rensis
334 3671 414 3728 tristi
446 3681 566 3742 eventu,
599 3691 766 3746 quanquam
798 3674 932 3730 Romano
964 3672 1040 3730 bello
1072 3671 1191 3740 fortuna
1214 3694 1277 3734 eum

209 3778 364 3843 abstinuit,
396 3787 506 3847 tamem
537 3777 607 3852 quia
635 3778 665 3834 iu
687 3778 775 3835 Italia
804 3778 881 3836 bella
913 3780 1017 3856 gessit,
1039 3780 1140 3854 paucis
1172 3781 1280 3840 dixisse

209 3883 281 3940 satis
307 3884 357 3943 sit.

293 3988 415 4046 Eodem
437 4005 515 4044 anuo
535 3986 739 4044 lectisternium
761 3990 877 4060 Romae,
910 3989 1010 4063 quinto
1038 4000 1107 4066 post
1134 3991 1279 4048 conditam
1329 3985 1374 4053 25

210 4097 325 4164 urbem,
350 4094 466 4160 iisdem,
488 4092 593 4165 quibus
611 4103 688 4161 ante,
708 4092 858 4168 placandis
872 4094 1004 4152 habitum
1019 4104 1063 4152 est
1086 4097 1155 4154 deis
1199 4095 1309 4154 Novi2

210 4201 317 4258 deinde
340 4199 478 4258 consules
499 4199 578 4256 iussu
607 4199 707 4275 populi
739 4217 827 4273 quum
851 4197 1007 4268 misissent,
1040 4203 1091 4275 qui
1122 4203 1281 4261 indicerent

212 4307 398 4364 Samnitibus
438 4302 560 4372 bellum,
608 4302 665 4378 ipsi
704 4305 814 4361 maiore
855 4316 962 4362 conatu
1003 4325 1091 4382 quam
1141 4311 1281 4370 adversus
