3392 5084
456 500 494 557 28
885 497 961 548 Liber
979 498 998 546 1.

414 683 491 747 intre
512 679 707 756 pomoerium,
729 682 817 738 modo
840 683 914 739 inter
934 682 985 741 illu
1005 683 1066 759 pila
1090 692 1119 739 et
1140 684 1233 759 spolia
1254 684 1396 753 hostium,
1425 682 1479 739 vel

415 781 499 847 extra
520 786 710 862 pomoerium,
732 787 819 844 modo
841 789 915 846 inter
936 786 1291 864 sepulcraCurietiornm3
1315 806 1372 862 quo
1395 787 1476 845 enim

309 884 312 898 ¹
416 894 521 951 ducere
546 894 622 950 hunc
648 893 780 949 iuvenem
809 894 948 968 potastis,
980 892 1030 950 ubi
1057 912 1116 949 non
1148 912 1202 951 sua
1233 895 1340 953 decora
1365 912 1433 951 enm
1460 912 1480 949 a

367 1006 401 1061 12
416 1008 498 1057 tanta
524 997 663 1055 foeditate
689 998 821 1073 supplicii
851 998 1033 1057 vindicent?“
1074 1000 1143 1056 Non
1177 1000 1240 1057 tulit
1267 1000 1391 1076 populus
1419 1017 1480 1055 nec

347 1088 351 1095 ’
415 1106 506 1181 patris
520 1105 663 1161 vlacrimas
691 1122 744 1161 nec
773 1103 864 1179 ipsius
886 1124 986 1180 parem
1014 1104 1044 1161 in
1074 1106 1152 1163 omni
1177 1105 1305 1181 periculo
1335 1104 1479 1169 animum,

417 1212 659 1285 absolveruntque
688 1209 879 1267 admiratione
903 1211 995 1285 magis
1022 1210 1136 1268 virtutis
1165 1230 1250 1286 qnam
1278 1211 1340 1268 iure
1362 1228 1478 1277 ceusae3
1536 1236 1537 1259 2

414 1318 512 1392 itaque
541 1325 573 1374 ut
594 1317 686 1373 caedes
707 1314 862 1372 manifesta
885 1316 982 1391 aliquo
1005 1325 1102 1374 temen
1123 1318 1237 1393 piaculo
1259 1318 1395 1384 lueretur,
1419 1315 1478 1371 im·

367 1438 402 1493 13
415 1432 548 1499 peratum
569 1422 655 1497 pat-ri,
677 1430 709 1479 ut
729 1421 819 1477 filium
843 1422 974 1497 expiaret
995 1422 1117 1498 pecunia
1138 1424 1262 1498 publica.
1289 1424 1329 1492 Is,
1352 1420 1479 1496 quibus·

417 1530 484 1587 dam
504 1528 701 1604 piacularibus
728 1526 876 1585 sacrificiis
897 1526 999 1598 lactis,
1032 1548 1096 1603 qum
1118 1530 1220 1587 deinde
1241 1528 1319 1605 genti
1341 1526 1479 1584 Horatiae

415 1637 523 1693 tradite
544 1644 619 1706 sunt,
640 1634 808 1691 transmisso
830 1634 981 1709 perviam
1005 1634 1105 1709 tigillo,
1128 1636 1222 1711 capite
1243 1636 1383 1708 adoperto
1394 1631 1480 1689 velut

417 1733 592 1816 subiugum
613 1740 690 1796 misit
710 1740 851 1798 iuvenem.
895 1739 929 1796 Id
957 1740 1043 1797 hodie
1070 1758 1185 1815 quoque
1217 1741 1333 1818 publice
1359 1756 1479 1812 semper
1536 1706 1537 1759 l

367 1848 554 1909 rarefactum
579 1854 690 1915 menet3
713 1845 855 1902 sororium
877 1844 998 1919 tigillum
1011 1856 1126 1903 vocant.
1157 1848 1288 1905 Horatiae
1301 1845 1479 1921 sepulcrum,

418 1974 476 2029 quo
497 1954 562 2019 loco
584 1960 733 2008 corruerat
752 1952 819 2019 icta,
842 1958 1036 2007 constructum
1058 1959 1101 2007 est
1122 1938 1199 2009 saxo¹
1222 1952 1377 2026 quadrato.
1536 1934 1537 1973 ¹

319 2059 364 2128 27
499 2061 564 2118 Nec
586 2060 634 2115 diu
656 2076 715 2133 pax
738 2056 856 2114 Albana
881 2056 996 2112 mansit.
1025 2030 1154 2114 'Invidia
1175 2057 1264 2131 vulgi,
1287 2058 1365 2134 quod
1380 2057 1476 2115 tribus

417 2166 555 2223 militibus
577 2163 693 2221 fortuna
724 2162 841 2238 publica
867 2162 1022 2219 commisse
1050 2160 1160 2233 fuerat,
1189 2182 1295 2221 vanum
1325 2164 1476 2239 ingenium
1536 2218 1537 2239 ,

419 2273 567 2330 dictatoris
593 2271 729 2346 corrupit,
749 2278 786 2335 et,
809 2267 945 2343 quoniam
968 2277 1048 2325 recta
1070 2270 1189 2326 consilia
1210 2270 1288 2327 haud
1310 2270 1384 2326 bene
1407 2288 1477 2325 eve·
1536 2244 1537 2321 l

388 2388 536 2447 2nerant,
563 2377 662 2453 pravis
685 2374 873 2433 reconciliare
893 2375 1076 2449 popularium
1098 2376 1210 2434 animos
1232 2375 1336 2450 eoepit.
1380 2373 1479 2448 Igitur

417 2494 449 2541 ut
471 2484 551 2560 prius
572 2483 602 2540 in
621 2480 697 2539 bello
719 2498 831 2555 pacem,
853 2481 894 2537 sic
914 2480 943 2537 iu
959 2498 1032 2554 pace
1046 2481 1152 2539 bellum
1171 2499 1311 2556 quaerens,
1335 2479 1478 2554 quiasuae

418 2589 527 2646 civitati
548 2588 708 2644 animorum
730 2585 796 2661 plus
818 2604 906 2658 quem
927 2586 1031 2642 virium
1053 2589 1188 2644 cernebat
1210 2606 1283 2652 esse,
1308 2586 1345 2643 ad
1367 2584 1475 2643 bellum

418 2694 515 2770 palem
538 2703 625 2767 atque
647 2711 684 2748 ex
705 2691 800 2748 edicto
819 2690 975 2764 gerendum
1000 2691 1072 2748 alios
1094 2692 1220 2750 concitat
1241 2691 1380 2768 populos,
1414 2690 1476 2747 suis

388 2805 471 2875 3per
491 2799 616 2874 speciem
638 2796 785 2855 societatis
806 2796 998 2871 proditionem
1022 2809 1161 2857 reservet.
1206 2799 1372 2868 Fidenates,
1395 2796 1476 2853 colo·

419 2906 468 2961 nia
487 2907 631 2972 Romane,
652 2902 822 2959 Veientibus
845 2902 930 2959 sociis
956 2904 1066 2961 consilii
1088 2905 1252 2980 assumptis,
1273 2913 1361 2979 pacto
1380 2912 1476 2960 trans·

386 3010 514 3072 titionis
542 3010 725 3067 Albanorum
748 3009 785 3065 ad
807 3008 914 3065 bellum
944 3018 1032 3083 atque
1053 3030 1135 3069 erma
1166 3011 1330 3069 incitantur.
1377 3010 1476 3082 Quum

418 3116 535 3173 Fidenae
557 3124 656 3190 aperte
678 3114 849 3182 descissent,
877 3114 990 3189 Tullus,
1013 3117 1114 3174 Mettio
1137 3119 1323 3190 exercituque
1353 3115 1415 3171 eius
1438 3117 1476 3171 ab

419 3223 499 3281 Alba
521 3222 622 3290 accito,
645 3230 746 3278 contra
770 3222 869 3278 hostes
892 3220 980 3281 ducit.
1025 3222 1084 3281 Ubi
1111 3224 1255 3281 Anienem
1281 3221 1414 3285 transiit,
1436 3221 1475 3277 ad

419 3331 592 3387 confluentes
614 3327 737 3386 collocat
758 3335 863 3383 castra.
894 3328 974 3384 Inter
995 3345 1059 3383 eum
1081 3329 1177 3386 locum
1189 3339 1218 3385 et
1227 3328 1354 3385 Fidenas
1368 3326 1477 3383 Veien-

388 3436 490 3491 5tium
512 3436 654 3492 exercitus
675 3432 805 3491 Tiberim
826 3432 988 3489 transierat.
1031 3431 1072 3488 Hi
1099 3440 1128 3487 et
1155 3432 1185 3487 in
1214 3432 1275 3489 acie
1303 3450 1396 3507 prope
1422 3433 1476 3489 flu·

419 3558 484 3596 men
513 3549 629 3597 tenuere
662 3540 795 3596 dextrum
828 3556 931 3607 cornu3
965 3538 994 3594 in
1022 3537 1136 3595 sinistro
1169 3536 1326 3593 Fidenates
1355 3538 1477 3612 propius

418 3656 530 3704 montes
551 3646 719 3702 consistunt.
761 3644 864 3702 Tullus
895 3645 1034 3701 adversus
1056 3642 1208 3699 Veientem
1237 3644 1349 3699 hostem
1378 3643 1477 3717 dirigit
1536 3622 1537 3715 l

418 3770 495 3822 suos,
519 3752 651 3809 Albanos
673 3761 775 3807 contra
795 3749 936 3825 legionem
960 3749 1142 3807 Fidenatium
1174 3749 1307 3807 collocat.
1356 3749 1477 3807 Albano
1536 3746 1537 3821 f

418 3877 476 3914 non
496 3858 562 3933 plus
584 3857 672 3913 animi
692 3865 756 3913 arat
777 3875 863 3930 quam
886 3856 960 3913 fidei.
993 3856 1056 3914 Nec
1077 3874 1194 3911 manere
1215 3872 1285 3928 ergo
1307 3871 1359 3909 neo
1381 3864 1477 3911 trans-
1536 3858 1537 3905 1

388 3964 460 4020 dire
481 3972 581 4039 aperte
603 3981 690 4020 ausus
717 3962 822 4019 sensim
852 3962 889 4019 ad
916 3972 1027 4019 montes
1049 3961 1189 4029 succedit;
1216 3962 1297 4030 inde,
1326 3960 1375 4026 ubi
1406 3959 1476 4017 satis

419 4070 530 4127 subisse
551 4087 615 4126 sese
638 4077 797 4136 natusest,
819 4068 903 4143 erigit
921 4077 1011 4125 totam
1033 4066 1122 4124 aciem
1146 4067 1346 4141 fluctuansque
1368 4067 1476 4134 animo,
1536 4052 1537 4127 i

419 4184 451 4233 ut
474 4184 579 4232 tereret
600 4151 722 4250 tempus,
745 4174 860 4232 ordines
881 4174 1015 4249 explicat.
1058 4170 1217 4229 Consilium
1239 4183 1311 4247 erat,
1334 4191 1396 4246 qua
1416 4171 1478 4229 ior·
1536 4142 1537 4181 ³

388 4284 491 4338 ltnna
511 4300 571 4338 rem
594 4282 690 4351 daret,
713 4300 747 4339 ea
767 4280 906 4337 inclinare
926 4279 1013 4356 sires.
1057 4279 1199 4336 Miraculo
1221 4278 1315 4354 primo
1338 4296 1402 4335 esse
1417 4280 1477 4337 Ro-
