3392 5084
580 479 658 532 Liber
675 477 711 534 X.
753 480 801 542 (A.
816 478 862 530 Oh.
877 478 948 544 296.)
1193 482 1252 542 215

240 665 375 724 exsilium
398 667 588 726 conscivere.“
637 665 879 742 Approbantibns
910 666 1018 724 cunctis
1039 667 1077 724 ad
1100 667 1325 744 Murgantiam3

240 773 369 830 validam
390 775 491 830 urbem
518 772 741 848 oppugnandam
766 771 857 842 ducit3
885 780 1040 846 tantusque
1068 773 1155 830 ardor
1175 773 1295 833 militnm
1380 813 1385 818 -

240 877 295 936 fuit
318 887 347 936 et
368 878 488 937 caritate
509 879 588 936 ducis
603 885 631 935 et
652 894 704 953 spe
718 878 836 936 maioris
859 897 946 953 quarn
967 897 1003 936 ex
1024 879 1184 953 agrestibus
1203 899 1295 955 popu-

238 983 397 1042 lationibus
418 982 530 1060 praedae,
561 991 592 1038 ut
613 999 670 1039 uno
694 983 740 1040 die
761 983 790 1040 vi
812 994 899 1059 atque
921 984 1009 1042 armis
1030 987 1130 1044 urbem
1153 995 1295 1061 caperent.

238 1091 288 1148 Ibi
317 1091 375 1148 duo
408 1089 498 1148 millia
524 1088 696 1176 Samnitium
729 1097 897 1154 etcertum
924 1094 1089 1166 pugnantes
1112 1091 1326 1155 circumventil

239 1193 392 1271 captique,
422 1206 450 1253 et
472 1195 534 1253 alia
550 1193 648 1270 prada
675 1195 775 1271 ingens
803 1206 890 1273 capta
918 1206 969 1254 est.
1024 1197 1096 1270 Quae
1116 1217 1153 1254 ne
1175 1198 1295 1274 impedi-

238 1302 344 1358 mentis
376 1303 513 1377 gravibus
545 1316 648 1376 agmen
681 1311 829 1374 oneraret,
863 1302 1018 1360 convocari
1052 1302 1156 1360 milites
1187 1302 1296 1360 Decius

236 1408 328 1467 iubet.
387 1407 536 1477 „Hacine“
569 1408 661 1482 inquit
690 1407 830 1476 ,victoria
857 1409 921 1465 sola
949 1416 999 1466 aut
1027 1409 1082 1468 hac
1103 1409 1201 1485 praeda
1225 1413 1325 1467 con-5

237 1513 311 1570 tenti
333 1513 400 1570 estis
417 1511 526 1571 futuri?
568 1513 664 1570 Vultis
685 1530 738 1572 vos
759 1533 813 1590 pro
832 1514 939 1571 virtute
959 1533 1025 1589 spes
1046 1513 1164 1590 gerere?
1186 1513 1294 1570 Omnes

238 1618 413 1678 Samnitium
431 1609 526 1677 'urbes
552 1617 731 1694 fortunaeque
759 1619 788 1676 in
815 1619 934 1676 urbibus
960 1619 1066 1677 relictae
1091 1629 1194 1678 vestrae
1221 1629 1295 1689 sunt,

237 1724 357 1799 quando
378 1724 506 1799 legiones
528 1743 626 1782 eorum
648 1733 692 1781 tot
713 1725 821 1801 proeliis
842 1725 923 1782 fusas
944 1734 1092 1818 ppstremo
1113 1725 1216 1783 finibus
1245 1745 1294 1783 ex-

233 1829 363 1906 pulistis.
407 1830 531 1888 Venditc
551 1832 607 1888 ista
628 1838 657 1888 et
681 1830 779 1888 illicite
794 1831 879 1924 lucro
894 1841 1092 1902 mercatorem,
1113 1843 1145 1889 ut
1158 1837 1324 1906 aequaturi

235 1954 360 2011 agmen3
383 1955 437 2012 ego
460 1936 580 1994 subinde
601 1953 764 2012 suggeram,
786 1955 849 2010 qnae
870 1938 1010 1995 vendatis.
1052 1939 1103 1996 Ad
1123 1939 1293 1996 Romuleam

233 2043 341 2100 urbem
364 2042 430 2100 hinc
451 2061 560 2112 eamus,
589 2041 639 2100 ubi
666 2059 719 2098 vos
744 2042 829 2099 labor
850 2043 929 2100 hand
952 2043 1054 2115 maior,
1084 2045 1182 2119 praeda
1203 2045 1296 2101 maior

235 2153 368 2206 manet.“
412 2147 569 2206 Divendita
588 2149 697 2222 praeda,
726 2147 802 2206 ultro
825 2148 1013 2206 adhortantes
1033 2149 1236 2224 imperatorem
1258 2150 1324 2209 ad?

233 2255 409 2312 Romuleam
431 2263 564 2330 pergunt.
610 2253 657 2311 Ibi
687 2272 803 2329 quoque
831 2254 893 2311 sine
922 2272 1023 2330 opere,
1055 2255 1116 2312 sine
1137 2255 1295 2325 tormentis,

233 2362 325 2420 simul
356 2361 474 2419 admota
506 2367 572 2416 sunt
600 2359 699 2435 signa,
731 2359 810 2416 nulla
836 2360 867 2416 vi
900 2361 1027 2418 deterriti
1052 2380 1070 2417 a
1100 2361 1205 2431 muris,
1237 2380 1296 2435 qua

234 2469 344 2542 cuique
366 2466 529 2542 proximum
550 2464 614 2536 fuit,
635 2465 721 2523 scalis
740 2465 846 2541 raptim
865 2467 990 2524 admotis
1003 2467 1034 2524 iu
1049 2443 1154 2524 moenia
1168 2486 1295 2524 evasere.

234 2573 365 2650 Captum
389 2573 526 2650 oppidum
554 2589 588 2628 ac
610 2571 751 2647 direptum
779 2582 835 2642 est3
869 2572 906 2628 ad
935 2572 992 2629 duo
1020 2572 1109 2629 millia
1130 2581 1158 2628 et
1177 2571 1326 2629 trecenti8

234 2679 327 2738 occisi
362 2688 390 2736 et
416 2697 468 2736 sex
495 2677 585 2735 millia
606 2678 753 2735 hominnm
785 2688 886 2754 capta,
922 2690 949 2735 et
970 2678 1049 2735 miles
1069 2678 1177 2753 ingenti
1197 2679 1296 2753 praeda

233 2785 358 2862 potitus,
380 2803 467 2860 quam
481 2785 615 2855 vendere,
636 2785 709 2841 sicut
723 2783 860 2859 priorem,
875 2794 1007 2853 coactns,
1020 2783 1204 2841 Ferentinum
1219 2784 1324 2854 indat)

235 2907 407 2966 quanquam
440 2889 510 2947 nihil
550 2890 653 2965 quietis
689 2891 827 2963 dabatur,
866 2900 963 2948 tamen
1002 2908 1116 2946 summa
1147 2889 1296 2947 alacritate

233 2998 351 3054 ductus.
397 2995 532 3054 Ceterum
552 2997 593 3054 ibi
613 2997 678 3073 plus
701 2997 810 3054 laboris
832 3016 867 3054 ac
888 2995 1007 3070 periculi
1027 2994 1094 3065 fnit3
1127 3005 1156 3053 et
1176 2995 1295 3053 defensa
1311 2998 1345 3052 10

234 3119 354 3161 summa
377 3103 406 3160 vi
433 3102 539 3160 moenia
562 3111 644 3172 sunt,
676 3113 704 3160 et
730 3104 811 3161 locus
839 3112 902 3161 erat
929 3101 1104 3160 munimento
1135 3110 1296 3176 naturaque

234 3218 334 3278 tntus3
356 3209 406 3265 sed
427 3208 513 3266 evicit
533 3207 630 3265 omnia
645 3217 776 3266 assuetus
798 3209 903 3284 praedae
923 3208 1014 3265 miles.
1058 3207 1109 3265 Ad
1128 3208 1186 3264 tria
1207 3206 1296 3263 millia

234 3313 365 3372 hostium
388 3315 463 3372 circa
485 3331 582 3371 muros
604 3331 695 3381 caasa;
716 3314 815 3389 praeda
836 3314 932 3371 militis
954 3312 1017 3374 fuit.
1065 3313 1160 3369 Huius
1183 3331 1294 3388 oppug-
1310 3315 1342 3369 ll

234 3427 372 3476 natarum
403 3421 517 3478 urbium
550 3419 661 3478 decoris
689 3437 758 3493 pars
780 3417 874 3475 maior
898 3419 928 3474 in
952 3417 1121 3492 quibusdam
1145 3419 1295 3475 annalibus

236 3525 278 3584 ad
300 3524 460 3582 Maximum
482 3525 617 3596 trahitur;
641 3525 836 3599 Murgantiam
860 3525 896 3582 ab
911 3525 1014 3594 Decio,
1037 3543 1054 3580 a
1075 3524 1169 3581 Fabio
1187 3525 1295 3581 Feren-

235 3632 331 3688 tinum
355 3631 584 3708 Romuleamque
604 3641 787 3708 oppugnatas
809 3631 936 3690 tradunt.
979 3631 1061 3702 Sunt,
1083 3630 1133 3703 qui
1153 3649 1293 3687 novorum
1310 3628 1345 3684 12

235 3735 389 3796 consulum
417 3737 492 3796 hauc
518 3739 641 3815 gloriam
663 3737 787 3808 faciant,
815 3737 931 3812 quidam
961 3755 1018 3792 non
1046 3738 1212 3807 amborum,
1244 3736 1294 3794 scd

237 3843 367 3913 alterius,
390 3844 425 3901 L.
446 3845 609 3902 Volumnii:
632 3845 659 3902 ei
681 3843 831 3904 Samnium
852 3842 1029 3918 provinciam
1055 3842 1192 3898 evenisse.

324 3947 420 4022 Quum
454 3968 490 4007 ea
520 3951 550 4007 in
582 3949 719 4021 Samnio,
755 3949 949 4022 cuiuscunque
980 3948 1066 4005 ductu
1099 3945 1294 4022 auspicioque,
1347 3938 1388 4006 18

236 4063 428 4158 gererentur',
448 4053 587 4110 Romanis
608 4054 637 4111 in
659 4054 776 4112 Etruria
803 4041 921 4112 interim
944 4053 1048 4111 bellum
1077 4053 1177 4129 ingens
1199 4052 1294 4109 multis

238 4173 277 4219 ex
298 4161 431 4235 gentibus
452 4158 596 4230 concitur,
624 4158 704 4216 cuius
729 4170 831 4218 auctor
852 4159 965 4220 Gellius
987 4158 1130 4233 Egnatius
1151 4177 1188 4215 ex
1209 4156 1293 4216 Sam-

237 4264 346 4324 nitibus
368 4273 437 4323 erat.
479 4263 569 4325 Tusci
592 4263 653 4322 fere
674 4282 772 4322 omnes
794 4265 993 4324 consciverant
1014 4263 1132 4334 bellum;
1165 4262 1324 4320 traxerat2
