3392 5084
481 573 538 631 ¹80
702 623 704 634 ,
776 571 855 621 luber
870 569 918 621 111.
954 571 1001 633 (s.
1018 587 1043 621 u.
1057 571 1162 635 aeos.)

438 773 528 830 quum
560 745 634 813 tanti
665 754 720 812 viri
747 755 889 832 supplicio
916 767 1030 813 suamet
1059 756 1138 832 plebi
1168 757 1228 814 iam¹
1258 757 1348 816 nimia
1376 759 1473 816 libertas

430 861 601 948 fidenates,
629 860 659 917 in
688 879 831 919 carcerem
861 870 906 920 est
936 861 1096 931 coniectus3
1124 862 1256 920 tribunus
1284 865 1311 922 ei
1331 865 1405 922 diem
1422 885 1473 941 pro·

438 965 520 1029 dixit.
1205 971 1207 975 ’

408 1081 423 1135 'l
521 1073 601 1132 Inter
622 1073 683 1130 brec
705 1074 742 1131 ab
773 1071 885 1131 Latinis
916 1082 944 1130 et
972 1072 1106 1131 Hernicis
1134 1073 1224 1148 legati
1254 1074 1425 1149 gratulatum
1447 1075 1473 1130 de

439 1177 594 1236 concordia
614 1187 729 1255 patrum
754 1196 797 1263 ac*
809 1177 902 1253 plebis
930 1180 1056 1237 Romam
1085 1189 1239 1250 venerunt,
1267 1181 1428 1255 donumque
1447 1182 1474 1236 ob
1513 1204 1515 1215 ,

425 1285 503 1341 'eam
532 1284 598 1342 Iovi
630 1283 739 1358 optimo
771 1283 900 1341 maximo
931 1302 1070 1340 coronam
1103 1303 1221 1342 auream
1257 1285 1286 1341 in
1319 1283 1473 1360 Capitolium

438 1391 529 1449 tulere
558 1388 643 1466 parvi
667 1389 818 1466 ponderis,
847 1400 937 1466 prout
962 1410 1009 1447 res
1030 1390 1109 1447 haud
1139 1377 1282 1466 opulenta}
1312 1402 1393 1448 erant
1417 1392 1473 1448 cola

406 1495 601 1571 8banturque
621 1495 774 1571 religiones
790 1495 842 1572 ¹pie
864 1495 958 1571 magis
981 1515 1068 1571 quarn
1095 1496 1254 1572 magnifica
1298 1497 1403 1555 lisdem
1422 1516 1474 1554 auc·

438 1603 549 1660 toribus
578 1601 723 1676 cognitum
753 1610 813 1672 est,
843 1603 961 1677 AEquos
982 1602 1166 1677 Volscosque
1186 1621 1300 1660 summa
1330 1605 1360 1661 vi
1388 1603 1475 1660 bellun
1513 1654 1515 1663 ,

406 1710 593 1784 θαρρατατθ.
651 1709 756 1782 Itaque
790 1707 893 1783 partiri
925 1707 1091 1783 provincias
1131 1709 1262 1777 consules
1293 1710 1376 1767 iussi.
1423 1710 1473 1766 llo
1513 1742 1515 1746 ·

437 1813 512 1871 ratio
546 1813 660 1884 Sabini,
692 1813 812 1871 Valerio
844 1813 938 1888 AEqui
970 1832 1099 1871 evenere.
1157 1814 1254 1888 Quum
1287 1815 1326 1872 ad
1354 1835 1389 1872 ea
1416 1815 1475 1872 bella

437 1898 578 1977 delectum
613 1919 784 1990 edixissent,
815 1917 918 1977 favore
944 1918 1037 1994 plebis
1063 1939 1124 1977 non
1152 1921 1279 1978 iuniores
1309 1923 1410 1993 modo,
1436 1921 1474 1978 sed

438 2025 563 2084 emeritis
585 2026 671 2083 etiam
691 2025 840 2101 stipendiis
861 2044 931 2102 pars
951 2043 1058 2100 magua
1073 2026 1304 2084 voluntariorum
1325 2029 1364 2085 ad
1377 2029 1475 2086 nomina

438 2133 535 2191 danda
555 2140 661 2209 praesto
681 2130 772 2202 luere,
793 2149 887 2205 eoque
906 2149 965 2188 non
982 2132 1068 2207 copia
1090 2133 1187 2204 modo,
1208 2133 1261 2190 sed
1281 2151 1387 2209 genere
1405 2135 1474 2191 etiam

388 2238 568 2309 lominum,
599 2237 743 2296 veteranis
777 2236 929 2308 admixtis,
963 2238 1074 2295 firmior
1101 2239 1244 2296 exercitus
1275 2238 1339 2297 init.
1391 2241 1475 2298 Prius·

437 2365 525 2422 quam
554 2346 627 2404 urbe
654 2342 872 2420 egrederentur,
899 2343 978 2418 leges
1010 2344 1229 2416 decemvirales,
1262 2347 1367 2421 quibus
1388 2345 1475 2404 tabulis
1513 2392 1514 2395 η

437 2451 588 2511 duodecim
610 2459 654 2508 est
673 2468 793 2519 nomen,
821 2448 852 2506 in
879 2468 919 2508 as
942 2448 1049 2514 incisas
1076 2449 1106 2506 in
1126 2450 1243 2526 publico
1271 2461 1474 2528 proposuerunt
1513 2498 1514 2501 η

437 2559 525 2628 Sunt,
560 2557 611 2632 qui
644 2555 724 2613 iussu
759 2555 939 2613 tribunorum
975 2554 1071 2612 ediles
1113 2556 1229 2615 functos
1264 2576 1299 2615 eo
1335 2555 1476 2616 ministerio
1512 2592 1515 2600 ·

436 2665 571 2747 scribant.

339 2770 387 2837 58
520 2767 553 2829 Ο.
580 2766 737 2840 ClaudiuS,
753 2831 754 2836 η
769 2767 818 2842 qui
838 2783 961 2842 perosus
982 2767 1211 2846 decemvirqrum
1233 2767 1344 2825 scelera
1372 2777 1400 2826 et
1423 2777 1476 2824 ante

437 2892 538 2933 omnes
564 2873 663 2932 fratris
691 2873 742 2930 filii
771 2872 913 2948 superbiae
934 2872 1059 2932 infestus
1089 2874 1250 2950 Regillum,
1282 2874 1428 2949 antiquam
1452 2873 1474 2927 iu

435 2980 560 3057 patriam
582 2997 614 3038 se
637 2978 813 3050 contulerat,
839 2979 865 3035 is
886 2997 993 3054 magno
1013 2979 1072 3036 iam
1091 2989 1171 3049 natu,
1195 2999 1283 3054 quum
1305 2981 1344 3037 ad
1365 2978 1474 3057 pericula

408 3146 411 3155 ,
435 3087 496 3146 eius
519 3086 702 3163 deprecanda
722 3085 858 3156 redisset,
889 3085 970 3142 cuius
991 3066 1063 3142 vitia
1082 3084 1211 3161 fugerat,
1239 3085 1405 3144 sordidatus
1424 3104 1474 3142 cun

434 3190 587 3266 gentilibus
609 3191 818 3266 clientibusque
837 3190 868 3248 in
889 3190 955 3248 foro
979 3192 1137 3266 prensabat
1166 3189 1295 3266 singulos
1321 3193 1474 3265 orabatque

402 3304 470 3361 bne
491 3297 619 3356 Olaudiae
640 3297 718 3374 genti
740 3315 804 3354 eam
825 3296 951 3354 inustam
972 3297 1115 3354 maculam
1137 3296 1253 3367 vellent,
1274 3305 1307 3354 ut
1327 3315 1436 3355 carcere
1452 3305 1474 3350 et

433 3405 554 3462 vinculis
577 3404 743 3462 viderentur
768 3401 856 3478 digni.
879 3421 881 3426 ·
902 3402 1006 3460 Virum
1032 3402 1263 3460 honoratissimae
1288 3403 1420 3479 imaginis
1437 3400 1473 3459 iu·

433 3518 529 3566 turum
552 3510 590 3567 ad
604 3499 760 3586 posteros,
780 3509 877 3585 legum
899 3508 1020 3565 latorem
1043 3507 1279 3582 conditoremque
1299 3509 1423 3566 Romani
1439 3507 1473 3562 iu·

402 3615 482 3686 aris,
503 3615 598 3674 iacere
618 3615 745 3674 vinctum
767 3615 842 3672 inter
865 3613 945 3671 fures
974 3623 1131 3671 nocturnos
1152 3629 1188 3668 ac
1208 3611 1348 3670 latrones.
1392 3615 1473 3671 Aver-

432 3729 525 3779 terent
543 3723 580 3780 ab
600 3723 646 3781 ira
659 3741 816 3800 parumper
829 3721 867 3778 ad
882 3719 1075 3794 cognitionem
1091 3707 1354 3794 cogitatioriemque
1368 3720 1473 3777 animos.

433 3836 462 3884 et
483 3828 580 3903 potius
601 3849 688 3886 unum
713 3837 757 3886 tot
778 3824 908 3886 Claudiis
929 3825 1151 3900 deprecantibus
1172 3825 1379 3897 condonarent,
1400 3843 1470 3901 quam

398 3943 549 4009 ⁴ipropter
580 3934 664 3991 nnius
699 3933 796 3990 odium
832 3931 987 3990 multorum
1023 3948 1125 4017 preces
1159 3943 1392 4008 aspernarentur.
1441 3931 1471 3989 se

368 4049 370 4060 ’
432 4056 547 4113 quoque
576 4039 606 4096 id
637 4037 736 4114 generi
765 4037 940 4108 aoenomini
967 4037 1038 4095 dare
1065 4055 1119 4097 nec
1148 4055 1213 4094 cum
1244 4057 1280 4095 eo
1304 4040 1335 4097 in
1363 4038 1468 4116 graden

430 4144 548 4214 redisse,
570 4145 650 4202 cuius
666 4144 795 4200 adversae
815 4142 939 4201 fortuna
954 4144 1024 4201 velit
1045 4162 1223 4202 succursum.
1265 4145 1381 4204 Virtute
1399 4145 1470 4201 liber·
1513 4156 1515 4189 ἑ

430 4259 518 4307 tatem
543 4261 743 4325 recuperatam
765 4225 842 4319 esse3
864 4249 1014 4307 clememia
1036 4250 1221 4308 concordiam
1243 4251 1376 4312 ordinum
1396 4247 1470 4308 stabi-
1513 4230 1515 4271 t

398 4355 474 4412 sliri
509 4373 602 4430 posse.
657 4355 766 4426 Erant,
797 4375 870 4430 quos
891 4367 1022 4414 moveret
1051 4376 1105 4415 sua
1134 4359 1227 4434 magis
1258 4359 1367 4432 pietate
1397 4376 1470 4433 quan
