3392 5084
469 529 529 588 264
714 527 794 578 Liber
813 527 847 577 V.
885 526 932 590 (Δ.
949 542 976 580 u.
994 542 1018 576 c.
1035 528 1199 591 861-862.)

421 709 522 780 iiouec,
543 711 688 770 revocetis
709 710 739 768 in
761 711 871 768 curiam
893 710 1034 785 patribus,
1056 718 1175 770 senams
1195 712 1358 770 consultum
1378 709 1472 770 uero

372 816 408 872 12
421 826 475 889 est,
496 825 528 876 ut
551 817 657 875 tribuni
680 816 819 875 militares
841 815 978 876 contione
999 815 1147 874 advocata
1164 817 1311 892 pediu'bffi
1330 814 1472 891 equote
1517 846 1518 855 κ

422 942 479 998 que
499 922 610 997 gratias
631 931 769 998 agerent,
799 939 956 979 memorem
985 920 1103 994 pietatis
1133 941 1234 980 eorum
1264 907 1339 996 erga
1361 918 1473 994 patriam
1517 952 1518 955 ¹

421 1029 549 1088 dicerent
570 1037 702 1086 senatum
716 1028 796 1098 iore3
818 1027 934 1104 piscare
948 1034 1057 1096 autem,
1077 1028 1212 1086 omnibus
1226 1028 1272 1086 his
1294 1026 1475 1084 voluntariam

421 1143 505 1192 extre
537 1134 667 1192 ordinem
699 1131 839 1208 professis
876 1129 1007 1188 militium
1039 1149 1100 1190 esre
1130 1133 1304 1208 procedere3
1339 1141 1370 1188 et
1399 1130 1474 1204 equiti

374 1241 407 1296 1³
421 1247 516 1297 certus
537 1253 674 1296 numerus
696 1236 761 1294 oeris
788 1244 833 1292 est
854 1236 1031 1310 assignatus.
1080 1239 1157 1295 Tum
1179 1238 1305 1313 primum
1327 1237 1410 1311 equis
1428 1235 1475 1292 suis

421 1362 531 1402 merere
556 1343 668 1418 equites
690 1350 847 1417 coeperunt.
891 1340 1084 1400 Voluntariue
1105 1343 1209 1400 ductus
1233 1341 1475 1402 exordinaverat

420 1469 479 1508 non
510 1448 619 1508 amissa
647 1447 735 1505 modo
764 1445 889 1504 restituit
917 1463 1024 1520 opera,
1051 1446 1105 1502 sed
1133 1465 1213 1504 nova
1241 1449 1331 1506 etiem
1358 1447 1476 1505 instituit

423 1556 472 1614 Ab
504 1555 576 1612 urbe
607 1560 787 1610 commeatus
817 1551 974 1608 intentiore
1008 1569 1098 1626 quam
1132 1560 1220 1608 antea
1256 1553 1382 1611 subvehi
1411 1569 1477 1617 cura

423 1679 459 1717 ne
481 1659 552 1734 quid
572 1667 633 1715 tam
654 1658 728 1716 bene
750 1657 854 1714 merito
875 1656 1015 1714 exercitui
1039 1657 1078 1714 sd
1101 1675 1185 1714 usum
1207 1657 1332 1716 deesoet.

328 1741 351 1809 8
506 1765 668 1838 Insequens
704 1779 797 1819 annus
838 1762 970 1820 tribunos
1011 1761 1133 1819 miiitum
1165 1763 1313 1820 consulari
1348 1752 1479 1839 §cuncte

240 1826 524 1946 ijffissssjuarun
546 1867 580 1928 c.
607 1867 759 1928 sewinum
782 1867 911 1924 annam
934 1868 1059 1938 ereum,
1081 1867 1118 1940 Q.
1139 1866 1306 1938 Servitium,
1328 1868 1364 1925 n.
1389 1867 1479 1942 negr-

422 1975 511 2045 ninm,
534 1974 570 2047 Q.
597 1973 766 2048 Sulpicium,
789 1973 828 2030 Α.
851 1971 993 2029 Manlium
1013 1972 1128 2041 iterum,
1150 1972 1201 2031 M’.
1223 1971 1359 2048 Sergium
1380 1973 1479 2032 iterum

390 2074 477 2138 2His
496 2080 632 2150 tribunis,
662 2079 730 2136 dom
753 2095 824 2136 cura
844 2077 974 2134 omnium
995 2077 1026 2134 in
1046 2076 1155 2134 Veiens
1177 2077 1284 2136 beilum
1306 2078 1420 2136 intente
1438 2087 1480 2144 ωε,

420 2185 582 2261 neglectum
605 2183 721 2242 Anxuri
743 2181 908 2257 praesidium
929 2182 1134 2240 vacationibus
1161 2183 1286 2242 militum
1315 2193 1347 2242 et
1366 2184 1480 2242 Volscos

421 2298 597 2349 mercatores
611 2288 700 2363 vulgo
715 2285 902 2362 receptando,
921 2285 1044 2360 proditis
1058 2296 1179 2362 repente
1192 2297 1344 2364 portarum
1366 2289 1480 2346 custodi·

391 2389 474 2453 ³bus
497 2409 668 2470 oppressum
690 2399 742 2448 est.
787 2390 885 2448 Minus
907 2389 1029 2448 militum
1051 2393 1152 2467 periit,
1179 2394 1250 2468 quia
1269 2403 1378 2470 preter
1400 2413 1480 2470 agros

421 2501 547 2559 lixarum
568 2499 598 2556 in
618 2497 736 2554 modum
759 2514 860 2554 omnes
881 2513 934 2570 per
951 2513 1039 2570 agros
1060 2497 1229 2572 vicinasque
1251 2500 1340 2557 urbes
1360 2500 1479 2574 negotia·

391 2601 536 2664 4bentor.
568 2603 633 2661 Nec
654 2601 736 2658 Veiis
758 2599 861 2658 melius
885 2608 969 2674 gesta
989 2619 1046 2671 res,
1068 2603 1148 2676 qnod
1169 2611 1229 2660 tum
1253 2613 1343 2680 ceput
1364 2606 1479 2663 omniun

421 2727 555 2768 curarum
577 2705 757 2783 publicarum
781 2717 857 2775 eret;
878 2723 947 2777 nem
969 2714 999 2762 et
1019 2707 1107 2764 duces
1128 2709 1255 2766 Romani
1275 2709 1344 2784 plus
1363 2709 1438 2768 iuter
1454 2725 1480 2764 se

420 2814 529 2872 irarum
552 2831 641 2889 quem
664 2811 803 2869 adversus
824 2812 925 2866 hostes
946 2810 1036 2867 animi
1057 2812 1236 2884 habuerunt,
1258 2823 1289 2872 et
1310 2824 1427 2872 auctum
1444 2822 1481 2872 eat

390 2915 528 2976 5bellum
553 2917 680 2974 adventu
707 2916 861 2991 repentino
883 2912 1075 2988 Capenatium
1099 2926 1187 2992 atque
1207 2919 1403 2980 Faliscorum.
1447 2918 1480 2976 Hi

420 3024 478 3081 duo
500 3023 626 3082 Etruriae
647 3020 757 3096 populi,
780 3021 849 3095 quie
870 3018 997 3094 proximi
1018 3022 1137 3094 regione
1158 3032 1250 3094 erant,
1273 3023 1396 3082 devictis
1409 3023 1480 3081 Veiis

390 3124 496 3189 tirello
530 3145 652 3203 quoque)
672 3128 807 3184 Romano
842 3141 875 3181 se
908 3123 1059 3198 proximos
1093 3123 1158 3182 iore
1189 3127 1352 3198 credentes,
1383 3126 1480 3186 Falisci

419 3234 539 3312 proprie
561 3233 647 3290 etiam
671 3247 761 3288 causa
782 3228 888 3299 infesti,
911 3229 990 3302 qnod
1011 3228 1146 3287 Fidenati
1168 3229 1245 3287 bello
1268 3250 1302 3288 se
1322 3233 1384 3290 iam
1405 3241 1481 3289 sous

417 3341 649 3409 immiscuerunt,
685 3356 738 3413 per
759 3333 872 3409 legatos
902 3333 980 3390 ultro
1002 3333 1133 3408 citroque
1156 3335 1261 3394 missos
1281 3337 1347 3395 inre
1368 3335 1481 3395 iurando

418 3445 493 3502 inter
516 3463 547 3500 ee
569 3442 706 3519 obligati,
735 3457 800 3498 cum
825 3437 1000 3496 exercitibus
1021 3440 1196 3514 necopinato
1217 3441 1257 3497 ad
1278 3441 1373 3499 Veios
1393 3459 1481 3500 acom-

388 3549 491 3606 isere.
539 3549 631 3605 Forte
667 3563 703 3602 en
723 3544 852 3618 regione,
883 3560 943 3618 qua
971 3543 1023 3602 Μ’.
1053 3543 1173 3620 Sergius
1202 3545 1338 3602 mmnnus
1368 3547 1478 3604 militum

365 3668 368 3672 ·
417 3661 555 3728 praerat,
587 3660 684 3708 castra
714 3650 809 3707 adorti
839 3658 922 3720 sunt,
950 3649 1156 3724 ingentemque
1178 3659 1320 3709 terrorem
1360 3651 1479 3716 intulere,

417 3758 486 3832 quia
507 3756 655 3814 Etruriam
690 3773 803 3811 omnem
836 3755 962 3812 excitam
983 3755 1101 3813 sedibus
1134 3773 1243 3829 magna
1274 3754 1353 3812 mole
1383 3755 1476 3812 adesse

417 3861 543 3918 Romani
571 3857 762 3918 crediderunt.
810 3859 923 3916 Eadem
952 3860 1050 3936 opinio
1073 3859 1210 3916 Veientes
1237 3858 1268 3917 in
1296 3862 1371 3918 urbe
1391 3856 1476 3918 conci·

387 3963 498 4026 stavia
552 3964 601 4022 Ite
636 3964 754 4040 ancipiti
785 3964 889 4038 proelio
925 3974 1023 4022 caetra
1054 3965 1191 4022 Romane
1226 3965 1477 4039 oppugnabantur3

416 4079 679 4145 concursantesque
701 4087 789 4144 quum
811 4069 868 4126 huc
889 4078 979 4142 atque
999 4067 1068 4125 illuc
1089 4069 1174 4144 signa
1194 4068 1404 4132 transferrent.
1431 4084 1479 4122 uec

417 4175 569 4244 Veientem
591 4174 662 4232 satis
682 4173 829 4232 cohibere‘
841 4173 920 4231 intra
941 4173 1114 4231 munitiones
1142 4191 1196 4231 nec
1217 4173 1278 4230 suis
1303 4168 1478 4230 munimentis

386 4277 517 4335 9ercsre
551 4279 610 4335 vim
640 4296 675 4336 ac
704 4277 779 4334 tueri
810 4294 842 4332 se
871 4277 908 4333 ab
939 4276 1083 4334 exteriore
1111 4286 1249 4351 poterant
1275 4278 1373 4338 hoste.
1419 4276 1479 4336 Une
