3392 5084
541 565 618 614 Liber
629 565 679 617 111.
716 566 762 629 (A.
777 564 824 616 cu.
838 565 912 627 aaa.)
1150 569 1206 626 165

205 748 373 804 tutabantur.
395 721 400 727 Ι
423 748 520 808 Maius
544 749 684 824 flagitium
713 751 741 807 in
763 749 887 826 Algido,
917 749 1011 808 maior
1039 750 1125 806 etiam
1154 749 1281 812 clades5

205 862 327 928 accepta3
365 863 464 911 castm
500 873 614 930 qnoque
650 855 757 912 amissa
788 847 896 926 erant,
923 863 1084 930 exutusque
1119 855 1251 913 omnibus

205 953 375 1016 umnsilibus'
394 961 476 1018 miles
498 961 654 1019 Tusculum
677 981 724 1030 se,
754 963 811 1019 lide
833 961 1107 1035 misericordiaque¹
1124 959 1251 1019 victurus

203 1066 349 1139 hospitum,
375 1085 440 1140 quae
454 1075 551 1124 tomen
565 1085 622 1124 non
636 1059 808 1139 fefellerunt,
829 1067 999 1126 contulerat.
1041 1068 1165 1124 Romam
1180 1065 1253 1123 tenti
1265 1073 1283 1128 6

204 1179 274 1226 erant
294 1165 437 1249 'terrores¹
451 1172 545 1241 allati,
567 1183 608 1248 ut,
630 1175 726 1250 posito
747 1174 806 1232 iam
829 1151 1021 1231 decemiirali'
1042 1163 1124 1241 odio,
1154 1179 1252 1246 patres

200 1277 304 1350 vigilias
325 1277 361 1333 in
391 1277 463 1333 urbe
490 1278 638 1336 habendas
666 1290 828 1350 censerent,
857 1297 970 1348 omnes,
1000 1279 1049 1353 qui
1066 1297 1125 1354 per¹
1139 1287 1252 1336 atatem

202 1401 273 1439 arma
294 1381 377 1442 ferre
399 1392 531 1457 possent,
561 1385 704 1442 custodire
731 1385 837 1442 moenia
859 1403 974 1460 adpro
995 1384 1086 1460 portis
1114 1384 1252 1443 stationes

202 1507 277 1562 agere
297 1488 452 1556 iuberent,
474 1507 556 1546 arma
573 1490 731 1549 Tusculum
755 1511 788 1548 ac
809 1493 1038 1569 supplementum
1060 1491 1282 1560 decernerentr

200 1595 450 1669 decemvirosque·
466 1595 502 1650 ab
532 1614 598 1654 arce
619 1597 739 1656 Tusculi
768 1597 919 1672 degressos
944 1596 975 1653 in
1003 1597 1105 1654 castris
1134 1595 1253 1652 militem

200 1701 311 1770 habere3
347 1702 447 1756 castra
477 1699 535 1755 alia
566 1719 584 1756 a
608 1701 726 1760 Fidenis
755 1702 784 1758 in
810 1699 949 1759 Sabinum
972 1720 1073 1777 agrum
1094 1699 1253 1769 transferri,

199 1807 325 1882 belloque
342 1805 422 1862 ultro
437 1800 587 1865 inferendo
603 1807 739 1864 deterreri
759 1808 858 1866 hostes
874 1827 892 1866 a
913 1809 1032 1867 consilio
1047 1807 1125 1864 urbis
1140 1825 1254 1883 oppug-

199 1913 304 1969 nandae.
1020 1900 1023 1907 ¹

271 2019 323 2076 Ad
358 2016 457 2074 clades
491 2018 528 2073 ab
551 2017 681 2076 hostibus
714 2027 847 2093 acceptas
879 2018 936 2074 duo
965 2017 1091 2074 nefanda
1121 2016 1253 2076 facinore
1304 2009 1348 2078 43

199 2123 349 2187 decemviri
381 2121 449 2180 belli
484 2123 619 2198 domique
652 2123 796 2181 adiiciunt.
849 2122 885 2178 L.
915 2121 1038 2180 Siccium
1069 2123 1099 2180 in
1128 2121 1282 2194 Sabinis,2
1353 2119 1362 2135 '

199 2248 242 2302 per
261 2229 407 2285 invidiam
432 2222 651 2286 decemviralem
666 2230 844 2316 tribunorum
868 2228 1056 2284 creandorum
1072 2227 1254 2285 secessionis·

199 2352 246 2407 que
266 2335 434 2392 mentiones
449 2335 486 2390 ad
508 2334 612 2408 vulgus
630 2334 750 2392 militum
767 2334 946 2392 sermonibus
968 2333 1087 2390 occultis
1105 2343 1254 2401 serentem,

199 2440 438 2515 prospeculatum·
464 2441 514 2496 ad
532 2439 625 2497 locum
659 2439 760 2497 castris
788 2439 959 2514 capiendum
985 2439 1110 2497 mittunt.
1159 2437 1283 2496 Datur3

202 2547 342 2621 negotium
367 2545 520 2617 militibus,
550 2565 622 2621 quos
650 2546 788 2602 miserant
818 2544 1008 2620 expeditionis
1042 2542 1103 2602 eius
1126 2544 1254 2615 comites,

200 2659 225 2704 ut
254 2669 319 2708 eum
354 2645 519 2726 opportuno
554 2651 648 2708 adorti
679 2652 744 2708 loco
768 2652 967 2710 interficerent.
1015 2651 1105 2707 Hand
1133 2650 1285 2707 multumt

201 2753 382 2826 interfecere3
416 2776 483 2814 nam
511 2759 588 2815 circa
616 2767 823 2833 repugnantem
847 2755 958 2830 aliquot
978 2756 1160 2813 insidiatores
1182 2756 1255 2813 ceci·

206 2859 273 2931 dere,
305 2882 399 2938 quum
421 2863 486 2937 ipse
508 2883 539 2920 se
567 2861 750 2938 praevelidus‚
770 2861 835 2936 pari
856 2861 965 2918 viribus
994 2862 1105 2932 animo,
1134 2862 1254 2919 circum-

203 2978 293 3024 venum
318 2976 474 3026 tutaretur.
521 2969 666 3026 Nuntiant
686 2968 715 3024 in
739 2955 834 3024 castra
859 2967 961 3037 ceteri,
989 2967 1195 3042 praecipitatum
1225 2967 1285 3024 inb

202 3070 313 3130 insidias
325 3083 418 3142 jesse;
449 3073 573 3132 Siccium
598 3075 712 3150 egregie
733 3079 919 3150 pugnantem·
932 3071 1093 3146 militesque
1114 3073 1254 3148 quosdam

201 3195 257 3234 rum
293 3198 331 3235 eo
368 3179 502 3238 amissos.
560 3181 661 3237 Primo
693 3181 764 3237 fides
796 3177 993 3235 nuntiantibus
1025 3176 1093 3247 suin
1124 3177 1307 3252 profectad¹

200 3282 297 3340 deinde
327 3286 433 3342 cohors
463 3286 501 3341 ad
530 3285 718 3360 sepeliendos,
747 3285 796 3359 qui
826 3283 1001 3352 ceciderant,
1029 3281 1255 3339 decemvirorum

201 3390 349 3458 permissu,
373 3399 531 3466 postquam
552 3391 660 3448 nullum
691 3389 846 3465 spoliatum
875 3388 914 3445 ibi
944 3406 1048 3463 corpus
1075 3385 1256 3461 Sicciumque

201 3489 224 3547 in
248 3488 347 3552 medio
368 3497 511 3552 iacentem
541 3505 751 3571 annulumque,
774 3495 906 3553 omnibus
934 3494 964 3550 in
985 3513 1049 3550 eum
1078 3495 1170 3550 versis
1192 3512 1281 3574 cor-¹

200 3601 333 3670 poribus,
364 3601 479 3671 videre,
516 3601 642 3658 hostium
673 3619 767 3676 neque
796 3619 900 3675 corpus
930 3599 1021 3656 ullum
1047 3617 1100 3656 nec
1133 3600 1256 3674 vestigia

202 3702 379 3774 abeuntium,
402 3705 535 3781 profecto
558 3708 595 3763 ab
626 3706 684 3763 suis
706 3706 885 3764 interfectum
915 3714 1106 3761 memorantes
1133 3705 1257 3761 retulere

199 3825 314 3884 corpus.
360 3811 542 3886 Invidiaeque
562 3812 649 3886 plena
671 3820 766 3868 cestra
788 3821 884 3881 erant,
905 3820 934 3868 et
954 3813 1077 3868 Romam
1100 3809 1168 3894 {eni
1189 3823 1285 3885 pro-7
1337 3874 1339 3884 Ι

203 3913 274 3970 tinus
298 3915 423 3974 Siccium
446 3917 591 3992 placebat,
615 3917 644 3974 ni
668 3897 822 3974 decemviri
845 3915 932 3974 funus
953 3916 1075 3973 militare
1096 3916 1122 3972 ei
1142 3915 1257 3991 publica

200 4017 332 4094 impensa
352 4021 449 4079 facere
463 4030 666 4080 maturassent.
710 4023 844 4098 Sepultus
859 4022 968 4096 ingenti
981 4021 1101 4078 militum
1115 4022 1257 4092 maestitia,

202 4127 329 4196 pessima
348 4121 577 4184 decemvirorum
599 4127 627 4184 in
649 4127 752 4202 vulgus
772 4125 852 4184 lama
872 4135 925 4183 est.

285 4229 421 4306 Sequitur
443 4231 522 4288 aliud
544 4233 573 4288 in
606 4219 677 4290 urbe
704 4231 800 4303 nefas,
834 4231 870 4290 ab
896 4231 1014 4290 libidine
1041 4241 1150 4301 ortum,
1176 4231 1254 4288 houd
1307 4230 1349 4298 44

204 4335 298 4391 minus
320 4334 396 4394 foedo
418 4348 538 4406 eventu,
567 4357 653 4413 quam
676 4338 754 4412 quod
775 4357 828 4413 per
850 4345 980 4412 stuprum
1009 4337 1172 4409 caedemque
1193 4337 1254 4417 Lu-
