3392 5084
542 540 620 591 user
636 540 682 589 vr.
719 540 764 602 (s.
784 538 832 590 ch.
847 504 926 600 sesi
986 576 989 582 .
1175 543 1213 597 <ts

197 740 238 785 tus
270 728 303 784 in
339 728 417 785 hanc
445 725 506 784 fere
534 726 704 783 sententiam
739 743 810 785 esse.
869 724 991 798 „Neque
1023 742 1130 781 norum
1163 695 1287 799 uedued

197 834 380 909 inopinatum
402 833 473 891 mihi
496 832 541 900 sit,
569 830 705 904 Quirites,
735 830 768 897 si,
797 830 875 904 quod
903 849 992 887 unum
1012 830 1130 888 familias
1150 840 1256 887 nostra

197 958 310 1015 semper
332 938 479 997 obiectum
501 947 544 995 est
565 937 602 994 ab
624 936 767 993 seditiosis
789 935 928 1017 tribunis,
955 936 986 992 id
1005 939 1082 993 nun‘c
1104 955 1159 1011 ego
1184 955 1256 1011 quo·

198 1064 246 1119 que
269 1044 406 1115 audiam,
429 1042 557 1102 Claudiis
582 1042 739 1117 gentilem
766 1041 833 1098 inde
855 1043 893 1098 ab
916 1041 998 1098 initio
1019 1042 1090 1098 nihil
1112 1041 1256 1116 antiquius

195 1152 266 1207 inre
288 1150 415 1225 publica
435 1160 552 1225 patrum
575 1149 726 1205 maiestate
740 1147 838 1217 fuisse,
860 1165 976 1222 semper
989 1147 1083 1222 plebis
1098 1148 1257 1205 commodis

195 1257 373 1313 adversatos
400 1273 472 1313 esse.
527 1254 656 1328 Quorum
682 1254 804 1312 alterum
826 1272 919 1327 neque
941 1272 1015 1328 nego
1036 1272 1130 1328 neque
1149 1251 1288 1311 infitias4

195 1380 234 1427 eo,
251 1379 324 1431 nos,
340 1378 382 1417 ex
396 1379 455 1435 quo
469 1360 573 1417 adsciti
586 1376 684 1417 sumus
699 1358 784 1416 simul
797 1360 827 1416 in
842 1360 988 1417 civitatem
1003 1367 1031 1416 et
1044 1369 1151 1435 patres,
1174 1360 1257 1416 enixe

195 1486 312 1541 operam
351 1464 483 1541 dedisse,
519 1475 551 1521 ut
580 1484 633 1541 per
663 1482 717 1521 nos
750 1475 837 1523 auctu
868 1465 964 1540 potius
993 1483 1079 1539 quam
1106 1467 1258 1523 imminuta

193 1573 332 1629 maiestas
356 1590 457 1629 aarum
488 1570 630 1645 gentium,
661 1569 736 1627 inter
764 1590 837 1647 quas
864 1590 918 1628 nos
942 1590 1005 1629 esse
1026 1572 1173 1642 voluistis,
1199 1571 1258 1628 dici

193 1696 254 1735 vere
277 1686 405 1755 posset;
428 1676 499 1735 illud
521 1676 643 1733 alterum
663 1695 717 1751 pro
742 1696 787 1733 rna
810 1677 1026 1751 maioribusque
1048 1678 1118 1734 meis
1140 1677 1288 1734 conten-5

193 1786 254 1843 dere
273 1784 390 1855 ausim,
412 1782 550 1857 Quirites,
573 1781 638 1851 nisi,
653 1800 716 1856 quae
729 1802 783 1859 pro
795 1783 932 1839 universa
945 1803 977 1840 rs
991 1782 1108 1858 publica
1121 1783 1201 1850 fiant,
1223 1800 1259 1837 ea

191 1892 265 1966 plebi
305 1898 452 1964 tanquam
484 1888 572 1945 aliam
607 1887 744 1945 incolenti
776 1890 876 1947 urbem
909 1890 1033 1946 adversa
1068 1888 1132 1962 quis
1167 1895 1258 1962 putet,

191 1997 255 2054 nihil
292 2013 356 2053 nos
389 2012 484 2068 neque
510 1971 641 2068 privatos
668 2010 761 2066 neque
788 1993 817 2050 in
846 1992 1077 2068 magistratibus,
1107 1992 1185 2067 quod
1215 1991 1258 2047 in·

191 2102 385 2159 commodum
407 2099 485 2174 plebi
514 2109 602 2168 esset,
634 2098 755 2155 scientes
787 2098 903 2169 fecisse,
937 2118 991 2157 uec
1022 2100 1111 2156 ullum
1149 2097 1258 2154 factum

190 2210 342 2267 dictumve
380 2216 511 2263 nostrum
549 2213 650 2263 contra
681 2203 833 2261 utilitatem
866 2214 1009 2274 vestram,
1041 2206 1095 2262 etsi
1126 2203 1258 2279 quaedam

190 2327 291 2374 contra
323 2313 507 2371 voluntatem
528 2310 657 2380 ,fuerint
692 2330 760 2367 vere
785 2309 887 2367 referri
909 2328 1003 2385 posse.
1050 2314 1100 2370 An
1129 2310 1198 2379 hoo,
1234 2307 1290 2364 sib

191 2422 326 2481 Claudias
352 2417 473 2476 familiae
494 2434 552 2473 non
574 2416 627 2472 sim
649 2435 702 2474 nec
724 2436 761 2473 ex
781 2417 905 2492 patricio
928 2417 1067 2491 sanguine
1092 2424 1186 2483 ortus,
1208 2413 1258 2469 sed

190 2547 258 2585 unus
287 2523 456 2600 Quiritium
478 2521 605 2597 quilibet,
628 2522 677 2596 qui
699 2523 785 2580 modo
808 2542 854 2579 me
875 2524 987 2580 dnobus
1009 2520 1141 2596 ingenuis
1164 2529 1258 2576 ortum

191 2646 215 2691 et
235 2636 346 2691 vivere
373 2630 404 2687 in
425 2628 518 2685 libera
546 2628 662 2685 civitate
690 2628 796 2699 sciam,
825 2629 946 2687 reticere
969 2628 1095 2704 possim,
1125 2628 1159 2685 L.
1179 2625 1289 2685 illumr

192 2740 328 2798 Sextium
360 2744 392 2793 et
413 2733 446 2793 C.
470 2733 627 2802 Licinium,
655 2744 825 2809 perpetuos,
852 2736 878 2793 si
905 2736 959 2792 diis
980 2735 1092 2810 placet,
1118 2734 1262 2799 tribunos,

192 2854 304 2903 tantum
330 2840 459 2899 licentiae
479 2859 585 2896 novem
613 2839 709 2910 annis,
743 2840 846 2915 quibus
868 2851 1004 2916 regnant,
1033 2841 1198 2915 sumpsisse,
1230 2848 1263 2893 ut

191 2953 272 3009 vobis
307 2957 422 3023 negent
450 2953 622 3022 potestatem
649 2944 771 3007 liberam
793 2945 939 3022 suffragii,
974 2966 1032 3004 nou
1064 2948 1094 3004 in
1130 2943 1260 3011 comitiis,

191 3076 244 3113 nou
267 3058 303 3115 in
329 3053 446 3129 legibus
468 3051 609 3121 iubendis,
631 3046 875 3126 sepermissuros
895 3052 977 3110 esse?
1015 3053 1096 3122 „Sub
1118 3051 1292 3111 condicio-8

191 3168 241 3220 ue“
266 3160 376 3236 inquit
399 3176 471 3229 „nos
493 3156 626 3214 reficietis
648 3157 788 3214 decimum
811 3159 970 3217 tribunos.“
1020 3160 1098 3233 Quid
1120 3166 1163 3214 est
1184 3155 1262 3212 aliud
1318 3216 1327 3225 ,

191 3269 302 3327 dicere:
331 3264 441 3338 „Quod
454 3271 556 3339 petunt
572 3261 630 3332 alii,
652 3280 705 3319 nos
720 3263 794 3321 adeo
808 3263 981 3336 fastidimus,
1002 3276 1035 3323 ut
1048 3266 1110 3323 sine
1131 3260 1262 3319 mercede
1317 3280 1321 3287 ·

192 3393 303 3453 magna
335 3390 397 3427 nou
420 3366 648 3444 accipiamus.“?
696 3368 755 3426 Sed
777 3388 840 3444 quae
862 3372 979 3429 tandem
1000 3372 1058 3429 ista
1078 3360 1188 3427 meroes
1210 3375 1291 3436 est,9

192 3499 247 3555 qua
275 3496 340 3538 vos
370 3494 484 3550 semper
511 3474 642 3531 tribunos
662 3474 754 3555 plebis
776 3476 958 3535 habeamus?
996 3478 1056 3546 „Ut
1077 3473 1260 3550 rogationes“

191 3586 286 3660 inquit
317 3590 465 3653 „nostras
486 3598 538 3637 seu
559 3580 674 3654 placent
695 3598 745 3637 seu
767 3582 925 3658 displicent,
947 3601 997 3642 seu
1020 3581 1102 3638 utiles
1126 3599 1176 3636 sen
1197 3579 1262 3635 inu-

193 3694 254 3750 tiles
278 3700 371 3759 sunt,
397 3704 497 3744 omnes
527 3684 698 3744 coniunctim
721 3688 896 3762 accipiatis.“
946 3686 1075 3744 Obsecro
1103 3702 1165 3753 vos,
1187 3684 1314 3741 Tar-10

194 3801 285 3875 quinii
328 3794 439 3853 tribuni
469 3792 579 3868 plebis,
613 3800 713 3866 putate
743 3810 790 3848 me
821 3812 858 3849 ex
887 3794 983 3850 medie
1010 3791 1143 3850 contione
1174 3808 1262 3846 unum

194 3908 288 3965 civem
323 3902 517 3960 succlamare:
547 3898 651 3967 „Bona
679 3897 765 3954 venia
785 3908 884 3956 vestra
906 3899 992 3957 liceat
1012 3918 1049 3957 ex
1070 3898 1114 3956 his
1135 3872 1274 3970 rogatio,

195 4016 281 4071 nibus
313 4011 430 4083 legere,
464 4022 536 4079 quas
564 4002 694 4061 salubres
723 4004 807 4061 nobis
835 3988 983 4064 censemus
1005 4025 1083 4075 esse,
1112 4004 1264 4078 antiquare

195 4121 303 4178 alias.“
355 4115 462 4187 „Non“
486 4108 581 4185 inquit
597 4108 719 4182 „licebit
741 4120 773 4167 ut
795 4111 831 4168 de
852 4112 952 4171 fenore
967 4122 1054 4186 atque
1076 4111 1162 4187 agris,
1186 4108 1263 4184 quod
1279 4112 1312 4167 ll

196 4228 232 4284 ad
263 4244 326 4283 vos
355 4236 457 4280 omnes
487 4216 625 4292 pertinet,
654 4215 769 4287 iubeas,
805 4225 834 4273 et
854 4222 910 4278 hoc
934 4221 1058 4296 portenti
1079 4239 1137 4277 non
1162 4220 1214 4275 fiat
1234 4216 1263 4272 in

195 4338 269 4394 urbe
294 4333 442 4399 Romana,
479 4329 521 4386 uti
543 4327 578 4383 L.
600 4324 729 4383 Sextium
758 4332 845 4399 atque
873 4328 948 4383 hunc
971 4324 1004 4383 C.
1024 4326 1164 4383 Licinium
1181 4343 1264 4383 ‚con-
