<?xml version="1.0" encoding="UTF-8"?>
<!DOCTYPE html PUBLIC "-//W3C//DTD XHTML 1.0 Transitional//EN"
    "http://www.w3.org/TR/xhtml1/DTD/xhtml1-transitional.dtd">
<html xmlns="http://www.w3.org/1999/xhtml" xml:lang="en" lang="en">
 <head>
  <title>
</title>
<meta http-equiv="Content-Type" content="text/html;charset=utf-8" />
  <meta name='ocr-system' content='tesseract 3.04.00' />
  <meta name='ocr-capabilities' content='ocr_page ocr_carea ocr_par ocr_line ocrx_word'/>
</head>
<body>
  <div class='ocr_page' id='page_1' title='image "./titiliviihistor03ussigoog_0300.png"; bbox 0 0 3392 5084; ppageno 0'>
   <div class='ocr_carea' id='block_1_1' title="bbox 470 541 1175 626">
    <p class='ocr_par' dir='ltr' id='par_1_1' title="bbox 470 541 1175 626">
     <span class='ocr_line' id='line_1_1' title="bbox 470 541 1175 626; baseline -0.01 -26"><span class='ocrx_word' id='word_1_1' title='bbox 470 541 531 602; x_wconf 76' lang='lat'>262</span> <span class='ocrx_word' id='word_1_2' title='bbox 772 544 852 594; x_wconf 83' lang='lat' dir='ltr'>Liber</span> <span class='ocrx_word' id='word_1_3' title='bbox 869 543 906 598; x_wconf 78' lang='lat' dir='ltr'>V.</span> <span class='ocrx_word' id='word_1_4' title='bbox 935 544 1136 608; x_wconf 79' lang='lat' dir='ltr'>[A.u.c.ss1.)</span> <span class='ocrx_word' id='word_1_5' title='bbox 1169 622 1175 626; x_wconf 24' lang='grc' dir='ltr'>Ι</span> 
     </span>
    </p>
   </div>
   <div class='ocr_carea' id='block_1_2' title="bbox 320 723 1520 4271">
    <p class='ocr_par' dir='ltr' id='par_1_2' title="bbox 392 723 1520 1011">
     <span class='ocr_line' id='line_1_2' title="bbox 392 723 1478 798; baseline 0.006 -18"><span class='ocrx_word' id='word_1_6' title='bbox 392 723 553 782; x_wconf 79' lang='lat' dir='ltr'>dmeiores</span> <span class='ocrx_word' id='word_1_7' title='bbox 574 740 643 782; x_wconf 87' lang='lat' dir='ltr'>suos</span> <span class='ocrx_word' id='word_1_8' title='bbox 672 744 797 787; x_wconf 73' lang='lat' dir='ltr'>messe.</span> <span class='ocrx_word' id='word_1_9' title='bbox 847 729 921 786; x_wconf 79' lang='lat' dir='ltr'>Hero</span> <span class='ocrx_word' id='word_1_10' title='bbox 951 728 1057 786; x_wconf 83' lang='lat' dir='ltr'>virtute</span> <span class='ocrx_word' id='word_1_11' title='bbox 1086 729 1208 786; x_wconf 86' lang='lat' dir='ltr'>militurn</span> <span class='ocrx_word' id='word_1_12' title='bbox 1229 739 1408 798; x_wconf 84' lang='lat' dir='ltr'>vestrorum,</span> <span class='ocrx_word' id='word_1_13' title='bbox 1428 731 1478 786; x_wconf 66' lang='lat' dir='ltr'><strong><em>m</em></strong></span> 
     </span>
     <span class='ocr_line' id='line_1_3' title="bbox 429 829 1479 908; baseline 0.004 -22"><span class='ocrx_word' id='word_1_14' title='bbox 429 829 565 888; x_wconf 69' lang='lat' dir='ltr'>Romew</span> <span class='ocrx_word' id='word_1_15' title='bbox 587 831 703 890; x_wconf 83' lang='lat' dir='ltr'>nomine</span> <span class='ocrx_word' id='word_1_16' title='bbox 730 841 797 890; x_wconf 89' lang='lat' dir='ltr'>sunt</span> <span class='ocrx_word' id='word_1_17' title='bbox 818 831 923 908; x_wconf 83' lang='lat' dir='ltr'>digno,</span> <span class='ocrx_word' id='word_1_18' title='bbox 947 851 1007 890; x_wconf 90' lang='lat' dir='ltr'>non</span> <span class='ocrx_word' id='word_1_19' title='bbox 1028 833 1120 891; x_wconf 81' lang='lat' dir='ltr'>Veios</span> <span class='ocrx_word' id='word_1_20' title='bbox 1140 837 1254 892; x_wconf 78' lang='lat' dir='ltr'>tanum</span> <span class='ocrx_word' id='word_1_21' title='bbox 1276 853 1330 891; x_wconf 90' lang='lat' dir='ltr'>nee</span> <span class='ocrx_word' id='word_1_22' title='bbox 1349 836 1407 892; x_wconf 90' lang='lat' dir='ltr'>boc</span> <span class='ocrx_word' id='word_1_23' title='bbox 1430 833 1479 890; x_wconf 88' lang='lat' dir='ltr'>bel·</span> 
     </span>
     <span class='ocr_line' id='line_1_4' title="bbox 423 922 1520 1011; baseline 0 -19"><span class='ocrx_word' id='word_1_24' title='bbox 423 932 484 992; x_wconf 79' lang='lat' dir='ltr'>lum</span> <span class='ocrx_word' id='word_1_25' title='bbox 498 933 611 1006; x_wconf 71' lang='lat' dir='ltr'>intueri</span> <span class='ocrx_word' id='word_1_26' title='bbox 626 937 705 1011; x_wconf 89' lang='lat' dir='ltr'>quod</span> <span class='ocrx_word' id='word_1_27' title='bbox 720 937 819 1004; x_wconf 77' lang='lat' dir='ltr'>instet,</span> <span class='ocrx_word' id='word_1_28' title='bbox 833 939 885 996; x_wconf 89' lang='lat' dir='ltr'>sed</span> <span class='ocrx_word' id='word_1_29' title='bbox 898 937 1009 995; x_wconf 81' lang='lat' dir='ltr'>fornum</span> <span class='ocrx_word' id='word_1_30' title='bbox 1023 947 1053 995; x_wconf 88' lang='lat' dir='ltr'>et</span> <span class='ocrx_word' id='word_1_31' title='bbox 1066 939 1106 996; x_wconf 79' lang='lat' dir='ltr'>od</span> <span class='ocrx_word' id='word_1_32' title='bbox 1119 938 1179 995; x_wconf 81' lang='lat' dir='ltr'>elie</span> <span class='ocrx_word' id='word_1_33' title='bbox 1194 939 1271 996; x_wconf 80' lang='lat' dir='ltr'>belle</span> <span class='ocrx_word' id='word_1_34' title='bbox 1284 949 1315 995; x_wconf 88' lang='lat' dir='ltr'>et</span> <span class='ocrx_word' id='word_1_35' title='bbox 1327 939 1367 994; x_wconf 80' lang='lat' dir='ltr'>ed</span> <span class='ocrx_word' id='word_1_36' title='bbox 1381 945 1478 995; x_wconf 79' lang='lat' dir='ltr'>eeteros</span> <span class='ocrx_word' id='word_1_37' title='bbox 1518 922 1520 975; x_wconf 54' lang='lat'>5</span> 
     </span>
    </p>

    <p class='ocr_par' dir='ltr' id='par_1_3' title="bbox 393 1039 1520 1327">
     <span class='ocr_line' id='line_1_5' title="bbox 393 1039 1520 1117; baseline -0.004 -18"><span class='ocrx_word' id='word_1_38' title='bbox 393 1039 551 1114; x_wconf 77' lang='lat' dir='ltr'>lpopulos</span> <span class='ocrx_word' id='word_1_39' title='bbox 571 1041 601 1098; x_wconf 90' lang='lat' dir='ltr'>in</span> <span class='ocrx_word' id='word_1_40' title='bbox 623 1052 771 1117; x_wconf 85' lang='lat' dir='ltr'>posterum</span> <span class='ocrx_word' id='word_1_41' title='bbox 795 1059 935 1116; x_wconf 82' lang='lat' dir='ltr'>quoerere.</span> <span class='ocrx_word' id='word_1_42' title='bbox 977 1043 1030 1100; x_wconf 82' lang='lat' dir='ltr'>An</span> <span class='ocrx_word' id='word_1_43' title='bbox 1050 1043 1195 1100; x_wconf 74' lang='lat' dir='ltr'>mediocre</span> <span class='ocrx_word' id='word_1_44' title='bbox 1222 1043 1380 1100; x_wconf 78' lang='lat' dir='ltr'>discrimen</span> <span class='ocrx_word' id='word_1_45' title='bbox 1400 1043 1478 1117; x_wconf 88' lang='lat' dir='ltr'>opini-</span> <span class='ocrx_word' id='word_1_46' title='bbox 1518 1062 1520 1094; x_wconf 81' lang='lat'>1</span> 
     </span>
     <span class='ocr_line' id='line_1_6' title="bbox 425 1145 1479 1221; baseline -0.001 -20"><span class='ocrx_word' id='word_1_47' title='bbox 425 1145 489 1202; x_wconf 89' lang='lat' dir='ltr'>onis</span> <span class='ocrx_word' id='word_1_48' title='bbox 510 1155 677 1205; x_wconf 86' lang='lat' dir='ltr'>secuturum</span> <span class='ocrx_word' id='word_1_49' title='bbox 699 1166 736 1204; x_wconf 86' lang='lat' dir='ltr'>ex</span> <span class='ocrx_word' id='word_1_50' title='bbox 756 1148 813 1204; x_wconf 87' lang='lat' dir='ltr'>hac</span> <span class='ocrx_word' id='word_1_51' title='bbox 833 1165 866 1204; x_wconf 88' lang='lat' dir='ltr'>re</span> <span class='ocrx_word' id='word_1_52' title='bbox 881 1147 1013 1221; x_wconf 83' lang='lat' dir='ltr'>putetis,</span> <span class='ocrx_word' id='word_1_53' title='bbox 1039 1160 1135 1205; x_wconf 89' lang='lat' dir='ltr'>utrum</span> <span class='ocrx_word' id='word_1_54' title='bbox 1156 1149 1277 1206; x_wconf 71' lang='lat' dir='ltr'>tandem</span> <span class='ocrx_word' id='word_1_55' title='bbox 1304 1145 1418 1204; x_wconf 84' lang='lat' dir='ltr'>finitimi</span> <span class='ocrx_word' id='word_1_56' title='bbox 1436 1165 1479 1220; x_wconf 89' lang='lat' dir='ltr'>pc·</span> 
     </span>
     <span class='ocr_line' id='line_1_7' title="bbox 423 1239 1520 1327; baseline -0.004 -19"><span class='ocrx_word' id='word_1_57' title='bbox 423 1249 524 1326; x_wconf 87' lang='lat' dir='ltr'>pulum</span> <span class='ocrx_word' id='word_1_58' title='bbox 545 1253 712 1309; x_wconf 79' lang='lat' dir='ltr'>Romanum</span> <span class='ocrx_word' id='word_1_59' title='bbox 733 1270 798 1308; x_wconf 88' lang='lat' dir='ltr'>eum</span> <span class='ocrx_word' id='word_1_60' title='bbox 822 1269 886 1308; x_wconf 88' lang='lat' dir='ltr'>esse</span> <span class='ocrx_word' id='word_1_61' title='bbox 907 1259 1024 1326; x_wconf 85' lang='lat' dir='ltr'>putent,</span> <span class='ocrx_word' id='word_1_62' title='bbox 1049 1251 1132 1310; x_wconf 90' lang='lat' dir='ltr'>cuius</span> <span class='ocrx_word' id='word_1_63' title='bbox 1151 1253 1178 1310; x_wconf 89' lang='lat' dir='ltr'>si</span> <span class='ocrx_word' id='word_1_64' title='bbox 1199 1271 1258 1327; x_wconf 85' lang='lat' dir='ltr'>que</span> <span class='ocrx_word' id='word_1_65' title='bbox 1276 1239 1347 1308; x_wconf 87' lang='lat' dir='ltr'>urbs</span> <span class='ocrx_word' id='word_1_66' title='bbox 1368 1253 1478 1327; x_wconf 85' lang='lat' dir='ltr'>primun</span> <span class='ocrx_word' id='word_1_67' title='bbox 1518 1300 1520 1303; x_wconf 90' lang='lat'>.</span> 
     </span>
    </p>

    <p class='ocr_par' dir='ltr' id='par_1_4' title="bbox 349 1353 1479 1532">
     <span class='ocr_line' id='line_1_8' title="bbox 349 1353 1478 1437; baseline 0 -25"><span class='ocrx_word' id='word_1_68' title='bbox 349 1353 351 1358; x_wconf 81' lang='grc'><strong>’</strong></span> <span class='ocrx_word' id='word_1_69' title='bbox 425 1356 505 1414; x_wconf 87' lang='lat' dir='ltr'>illum</span> <span class='ocrx_word' id='word_1_70' title='bbox 528 1356 691 1414; x_wconf 85' lang='lat' dir='ltr'>brevissimi</span> <span class='ocrx_word' id='word_1_71' title='bbox 712 1357 853 1432; x_wconf 85' lang='lat' dir='ltr'>temporis</span> <span class='ocrx_word' id='word_1_72' title='bbox 874 1357 1041 1414; x_wconf 71' lang='lat' dir='ltr'>sustinuerit</span> <span class='ocrx_word' id='word_1_73' title='bbox 1060 1357 1217 1437; x_wconf 84' lang='lat' dir='ltr'>impetum,</span> <span class='ocrx_word' id='word_1_74' title='bbox 1237 1356 1311 1414; x_wconf 85' lang='lat' dir='ltr'>nibil</span> <span class='ocrx_word' id='word_1_75' title='bbox 1331 1357 1433 1414; x_wconf 82' lang='lat' dir='ltr'>deinde</span> <span class='ocrx_word' id='word_1_76' title='bbox 1450 1356 1478 1412; x_wconf 88' lang='lat' dir='ltr'>ti·</span> 
     </span>
     <span class='ocr_line' id='line_1_9' title="bbox 394 1461 1479 1532; baseline 0.001 -15"><span class='ocrx_word' id='word_1_77' title='bbox 394 1462 513 1530; x_wconf 78' lang='lat' dir='ltr'>liment,</span> <span class='ocrx_word' id='word_1_78' title='bbox 536 1479 573 1518; x_wconf 83' lang='lat' dir='ltr'>un</span> <span class='ocrx_word' id='word_1_79' title='bbox 595 1461 642 1517; x_wconf 86' lang='lat' dir='ltr'>bic</span> <span class='ocrx_word' id='word_1_80' title='bbox 664 1461 701 1519; x_wconf 88' lang='lat' dir='ltr'>sit</span> <span class='ocrx_word' id='word_1_81' title='bbox 715 1470 810 1518; x_wconf 88' lang='lat' dir='ltr'>terror</span> <span class='ocrx_word' id='word_1_82' title='bbox 828 1463 954 1520; x_wconf 80' lang='lat' dir='ltr'>nominis</span> <span class='ocrx_word' id='word_1_83' title='bbox 974 1463 1076 1532; x_wconf 88' lang='lat' dir='ltr'>nostri,</span> <span class='ocrx_word' id='word_1_84' title='bbox 1096 1472 1131 1519; x_wconf 86' lang='lat' dir='ltr'>ut</span> <span class='ocrx_word' id='word_1_85' title='bbox 1150 1462 1309 1520; x_wconf 83' lang='lat' dir='ltr'>exercitum</span> <span class='ocrx_word' id='word_1_86' title='bbox 1328 1464 1479 1520; x_wconf 72' lang='lat' dir='ltr'>Romanum</span> 
     </span>
    </p>

    <p class='ocr_par' dir='ltr' id='par_1_5' title="bbox 320 1565 1520 3010">
     <span class='ocr_line' id='line_1_10' title="bbox 425 1565 1480 1642; baseline 0 -18"><span class='ocrx_word' id='word_1_87' title='bbox 425 1586 483 1624; x_wconf 88' lang='lat' dir='ltr'>uon</span> <span class='ocrx_word' id='word_1_88' title='bbox 505 1565 621 1624; x_wconf 82' lang='lat' dir='ltr'>taedium</span> <span class='ocrx_word' id='word_1_89' title='bbox 643 1565 808 1642; x_wconf 68' lang='lat' dir='ltr'>longinque</span> <span class='ocrx_word' id='word_1_90' title='bbox 830 1568 1071 1642; x_wconf 68' lang='lat' dir='ltr'><strong>oppugnationis,</strong></span> <span class='ocrx_word' id='word_1_91' title='bbox 1088 1587 1149 1625; x_wconf 90' lang='lat' dir='ltr'>non</span> <span class='ocrx_word' id='word_1_92' title='bbox 1169 1568 1214 1624; x_wconf 85' lang='lat' dir='ltr'>vis</span> <span class='ocrx_word' id='word_1_93' title='bbox 1235 1567 1341 1624; x_wconf 84' lang='lat' dir='ltr'>hiemis</span> <span class='ocrx_word' id='word_1_94' title='bbox 1363 1569 1401 1624; x_wconf 84' lang='lat' dir='ltr'>cb</span> <span class='ocrx_word' id='word_1_95' title='bbox 1421 1569 1480 1624; x_wconf 85' lang='lat' dir='ltr'>urbe</span> 
     </span>
     <span class='ocr_line' id='line_1_11' title="bbox 426 1671 1480 1747; baseline -0.002 -17"><span class='ocrx_word' id='word_1_96' title='bbox 426 1672 617 1730; x_wconf 76' lang='lat' dir='ltr'>circumsessa</span> <span class='ocrx_word' id='word_1_97' title='bbox 632 1671 721 1728; x_wconf 87' lang='lat' dir='ltr'>semel</span> <span class='ocrx_word' id='word_1_98' title='bbox 744 1689 882 1730; x_wconf 84' lang='lat' dir='ltr'>emovere</span> <span class='ocrx_word' id='word_1_99' title='bbox 901 1673 1004 1747; x_wconf 88' lang='lat' dir='ltr'>possit,</span> <span class='ocrx_word' id='word_1_100' title='bbox 1024 1692 1080 1730; x_wconf 88' lang='lat' dir='ltr'>nee</span> <span class='ocrx_word' id='word_1_101' title='bbox 1099 1675 1185 1730; x_wconf 87' lang='lat' dir='ltr'>finem</span> <span class='ocrx_word' id='word_1_102' title='bbox 1207 1672 1299 1729; x_wconf 87' lang='lat' dir='ltr'>ullum</span> <span class='ocrx_word' id='word_1_103' title='bbox 1323 1673 1411 1729; x_wconf 81' lang='lat' dir='ltr'>sbum</span> <span class='ocrx_word' id='word_1_104' title='bbox 1424 1672 1480 1728; x_wconf 84' lang='lat' dir='ltr'>beli</span> 
     </span>
     <span class='ocr_line' id='line_1_12' title="bbox 427 1775 1520 1854; baseline -0.001 -20"><span class='ocrx_word' id='word_1_105' title='bbox 427 1795 515 1852; x_wconf 81' lang='lat' dir='ltr'>quam</span> <span class='ocrx_word' id='word_1_106' title='bbox 538 1775 691 1832; x_wconf 83' lang='lat' dir='ltr'>victorium</span> <span class='ocrx_word' id='word_1_107' title='bbox 713 1777 840 1846; x_wconf 86' lang='lat' dir='ltr'>noverit,</span> <span class='ocrx_word' id='word_1_108' title='bbox 862 1797 918 1836; x_wconf 89' lang='lat' dir='ltr'>nec</span> <span class='ocrx_word' id='word_1_109' title='bbox 937 1779 1046 1854; x_wconf 86' lang='lat' dir='ltr'>impetu</span> <span class='ocrx_word' id='word_1_110' title='bbox 1068 1779 1165 1854; x_wconf 88' lang='lat' dir='ltr'>potios</span> <span class='ocrx_word' id='word_1_111' title='bbox 1186 1777 1264 1834; x_wconf 81' lang='lat' dir='ltr'>belle</span> <span class='ocrx_word' id='word_1_112' title='bbox 1285 1795 1375 1852; x_wconf 81' lang='lat' dir='ltr'>quum</span> <span class='ocrx_word' id='word_1_113' title='bbox 1395 1795 1479 1852; x_wconf 86' lang='lat' dir='ltr'>perse·</span> <span class='ocrx_word' id='word_1_114' title='bbox 1518 1802 1520 1833; x_wconf 94' lang='grc'>;</span> 
     </span>
     <span class='ocr_line' id='line_1_13' title="bbox 393 1879 1479 1958; baseline -0.005 -16"><span class='ocrx_word' id='word_1_115' title='bbox 393 1881 559 1943; x_wconf 64' lang='lat' dir='ltr'>{lucrantia</span> <span class='ocrx_word' id='word_1_116' title='bbox 580 1879 681 1955; x_wconf 80' lang='lat' dir='ltr'>geret?</span> <span class='ocrx_word' id='word_1_117' title='bbox 708 1880 780 1954; x_wconf 78' lang='lat' dir='ltr'>Ques</span> <span class='ocrx_word' id='word_1_118' title='bbox 801 1882 831 1938; x_wconf 91' lang='lat' dir='ltr'>in</span> <span class='ocrx_word' id='word_1_119' title='bbox 853 1883 932 1940; x_wconf 89' lang='lat' dir='ltr'>omni</span> <span class='ocrx_word' id='word_1_120' title='bbox 952 1885 1068 1958; x_wconf 89' lang='lat' dir='ltr'>quidem</span> <span class='ocrx_word' id='word_1_121' title='bbox 1091 1902 1196 1958; x_wconf 87' lang='lat' dir='ltr'>genere</span> <span class='ocrx_word' id='word_1_122' title='bbox 1218 1882 1344 1952; x_wconf 79' lang='lat' dir='ltr'>m&#39;ditiae,</span> <span class='ocrx_word' id='word_1_123' title='bbox 1366 1883 1479 1939; x_wconf 73' lang='lat' dir='ltr'>maxime</span> 
     </span>
     <span class='ocr_line' id='line_1_14' title="bbox 424 1985 1519 2063; baseline 0 -21"><span class='ocrx_word' id='word_1_124' title='bbox 424 1997 523 2044; x_wconf 78' lang='lat' dir='ltr'>tumen</span> <span class='ocrx_word' id='word_1_125' title='bbox 541 1987 571 2042; x_wconf 89' lang='lat' dir='ltr'>in</span> <span class='ocrx_word' id='word_1_126' title='bbox 595 1985 761 2042; x_wconf 85' lang='lat' dir='ltr'>obsidendis</span> <span class='ocrx_word' id='word_1_127' title='bbox 782 1987 904 2043; x_wconf 76' lang='lat' dir='ltr'>urbibus</span> <span class='ocrx_word' id='word_1_128' title='bbox 923 1988 1090 2045; x_wconf 78' lang='lat' dir='ltr'>necessario</span> <span class='ocrx_word' id='word_1_129' title='bbox 1112 2000 1169 2059; x_wconf 90' lang='lat' dir='ltr'>est,</span> <span class='ocrx_word' id='word_1_130' title='bbox 1192 2007 1317 2063; x_wconf 86' lang='lat' dir='ltr'>querum</span> <span class='ocrx_word' id='word_1_131' title='bbox 1339 1988 1480 2063; x_wconf 80' lang='lat' dir='ltr'>pleresque</span> <span class='ocrx_word' id='word_1_132' title='bbox 1518 2040 1519 2043; x_wconf 73' lang='grc'>,</span> 
     </span>
     <span class='ocr_line' id='line_1_15' title="bbox 424 2091 1479 2166; baseline 0 -18"><span class='ocrx_word' id='word_1_133' title='bbox 424 2091 630 2149; x_wconf 79' lang='lat' dir='ltr'>munitionibus</span> <span class='ocrx_word' id='word_1_134' title='bbox 652 2110 687 2148; x_wconf 86' lang='lat' dir='ltr'>ec</span> <span class='ocrx_word' id='word_1_135' title='bbox 708 2092 834 2150; x_wconf 80' lang='lat' dir='ltr'>naturali</span> <span class='ocrx_word' id='word_1_136' title='bbox 854 2091 911 2148; x_wconf 88' lang='lat' dir='ltr'>situ</span> <span class='ocrx_word' id='word_1_137' title='bbox 930 2091 1172 2166; x_wconf 77' lang='lat' dir='ltr'>inexpugnabiles</span> <span class='ocrx_word' id='word_1_138' title='bbox 1191 2093 1271 2150; x_wconf 81' lang='lat' dir='ltr'>inme</span> <span class='ocrx_word' id='word_1_139' title='bbox 1293 2093 1400 2166; x_wconf 78' lang='lat' dir='ltr'>sitique</span> <span class='ocrx_word' id='word_1_140' title='bbox 1418 2102 1479 2148; x_wconf 86' lang='lat' dir='ltr'>ten·</span> 
     </span>
     <span class='ocr_line' id='line_1_16' title="bbox 374 2196 1480 2282; baseline -0.005 -26"><span class='ocrx_word' id='word_1_141' title='bbox 374 2202 410 2256; x_wconf 79' lang='lat'>¹0</span> <span class='ocrx_word' id='word_1_142' title='bbox 424 2214 480 2272; x_wconf 86' lang='lat' dir='ltr'>pus</span> <span class='ocrx_word' id='word_1_143' title='bbox 499 2197 706 2272; x_wconf 81' lang='lat' dir='ltr'>ipsum.vincit</span> <span class='ocrx_word' id='word_1_144' title='bbox 727 2207 816 2282; x_wconf 75' lang='lat' dir='ltr'>atque</span> <span class='ocrx_word' id='word_1_145' title='bbox 837 2207 996 2272; x_wconf 80' lang='lat' dir='ltr'>expugnat,</span> <span class='ocrx_word' id='word_1_146' title='bbox 1017 2198 1099 2255; x_wconf 85' lang='lat' dir='ltr'>sicut·</span> <span class='ocrx_word' id='word_1_147' title='bbox 1112 2199 1203 2256; x_wconf 90' lang='lat' dir='ltr'>Veios</span> <span class='ocrx_word' id='word_1_148' title='bbox 1225 2197 1414 2273; x_wconf 80' lang='lat' dir='ltr'>expugnabit,</span> <span class='ocrx_word' id='word_1_149' title='bbox 1433 2196 1480 2251; x_wconf 88' lang='lat' dir='ltr'>nisi</span> 
     </span>
     <span class='ocr_line' id='line_1_17' title="bbox 425 2299 1520 2378; baseline -0.003 -18"><span class='ocrx_word' id='word_1_150' title='bbox 425 2303 541 2360; x_wconf 79' lang='lat' dir='ltr'>auxilio</span> <span class='ocrx_word' id='word_1_151' title='bbox 567 2303 699 2362; x_wconf 79' lang='lat' dir='ltr'>hostibus</span> <span class='ocrx_word' id='word_1_152' title='bbox 731 2303 839 2362; x_wconf 86' lang='lat' dir='ltr'>tribuni</span> <span class='ocrx_word' id='word_1_153' title='bbox 866 2303 961 2378; x_wconf 88' lang='lat' dir='ltr'>plebis</span> <span class='ocrx_word' id='word_1_154' title='bbox 991 2299 1115 2371; x_wconf 82' lang='lat' dir='ltr'>fuerint,</span> <span class='ocrx_word' id='word_1_155' title='bbox 1143 2311 1172 2360; x_wconf 90' lang='lat' dir='ltr'>et</span> <span class='ocrx_word' id='word_1_156' title='bbox 1200 2305 1305 2361; x_wconf 77' lang='lat' dir='ltr'>Romoe</span> <span class='ocrx_word' id='word_1_157' title='bbox 1331 2302 1479 2360; x_wconf 82' lang='lat' dir='ltr'>invenerint</span> <span class='ocrx_word' id='word_1_158' title='bbox 1518 2331 1520 2363; x_wconf 67' lang='lat'><strong>5</strong></span> 
     </span>
     <span class='ocr_line' id='line_1_18' title="bbox 375 2408 1520 2485; baseline -0.001 -18"><span class='ocrx_word' id='word_1_159' title='bbox 375 2410 559 2485; x_wconf 82' lang='lat' dir='ltr'>llpraesidia</span> <span class='ocrx_word' id='word_1_160' title='bbox 579 2409 728 2480; x_wconf 74' lang='lat' dir='ltr'>Veientes,</span> <span class='ocrx_word' id='word_1_161' title='bbox 751 2427 819 2484; x_wconf 81' lang='lat' dir='ltr'>quse</span> <span class='ocrx_word' id='word_1_162' title='bbox 836 2408 1030 2482; x_wconf 80' lang='lat' dir='ltr'>nequicquam</span> <span class='ocrx_word' id='word_1_163' title='bbox 1051 2408 1083 2463; x_wconf 92' lang='lat' dir='ltr'>in</span> <span class='ocrx_word' id='word_1_164' title='bbox 1102 2408 1222 2466; x_wconf 78' lang='lat' dir='ltr'>Etruria</span> <span class='ocrx_word' id='word_1_165' title='bbox 1250 2417 1393 2482; x_wconf 71' lang='lat' dir='ltr'>quierunt.</span> <span class='ocrx_word' id='word_1_166' title='bbox 1437 2408 1478 2464; x_wconf 79' lang='lat' dir='ltr'>An</span> <span class='ocrx_word' id='word_1_167' title='bbox 1518 2435 1520 2466; x_wconf 84' lang='lat'><strong>:</strong></span> 
     </span>
     <span class='ocr_line' id='line_1_19' title="bbox 423 2510 1520 2590; baseline -0.002 -20"><span class='ocrx_word' id='word_1_168' title='bbox 423 2523 467 2570; x_wconf 90' lang='lat' dir='ltr'>est</span> <span class='ocrx_word' id='word_1_169' title='bbox 489 2513 653 2588; x_wconf 81' lang='lat' dir='ltr'>quicquam,</span> <span class='ocrx_word' id='word_1_170' title='bbox 677 2515 754 2588; x_wconf 91' lang='lat' dir='ltr'>quod</span> <span class='ocrx_word' id='word_1_171' title='bbox 772 2514 944 2572; x_wconf 84' lang='lat' dir='ltr'>Veientibus</span> <span class='ocrx_word' id='word_1_172' title='bbox 959 2522 1090 2588; x_wconf 72' lang='lat' dir='ltr'>optatum</span> <span class='ocrx_word' id='word_1_173' title='bbox 1109 2532 1192 2587; x_wconf 78' lang='lat' dir='ltr'>teque</span> <span class='ocrx_word' id='word_1_174' title='bbox 1206 2515 1374 2588; x_wconf 81' lang='lat' dir='ltr'>contingere</span> <span class='ocrx_word' id='word_1_175' title='bbox 1389 2510 1477 2590; x_wconf 71' lang='lat' dir='ltr'>possit,</span> <span class='ocrx_word' id='word_1_176' title='bbox 1518 2551 1520 2574; x_wconf 84' lang='lat'>.</span> 
     </span>
     <span class='ocr_line' id='line_1_20' title="bbox 424 2607 1520 2694; baseline -0.003 -20"><span class='ocrx_word' id='word_1_177' title='bbox 424 2637 511 2693; x_wconf 80' lang='lat' dir='ltr'>quem</span> <span class='ocrx_word' id='word_1_178' title='bbox 533 2628 566 2676; x_wconf 90' lang='lat' dir='ltr'>ut</span> <span class='ocrx_word' id='word_1_179' title='bbox 587 2607 777 2676; x_wconf 80' lang='lat' dir='ltr'>seditionibus</span> <span class='ocrx_word' id='word_1_180' title='bbox 798 2617 924 2694; x_wconf 85' lang='lat' dir='ltr'>primum</span> <span class='ocrx_word' id='word_1_181' title='bbox 945 2620 1016 2675; x_wconf 86' lang='lat' dir='ltr'>urbs</span> <span class='ocrx_word' id='word_1_182' title='bbox 1037 2620 1189 2689; x_wconf 72' lang='lat' dir='ltr'>Romans,</span> <span class='ocrx_word' id='word_1_183' title='bbox 1217 2619 1323 2674; x_wconf 82' lang='lat' dir='ltr'>deinde</span> <span class='ocrx_word' id='word_1_184' title='bbox 1354 2618 1429 2674; x_wconf 81' lang='lat' dir='ltr'>velut</span> <span class='ocrx_word' id='word_1_185' title='bbox 1447 2631 1478 2670; x_wconf 82' lang='lat' dir='ltr'>ex</span> <span class='ocrx_word' id='word_1_186' title='bbox 1518 2671 1520 2678; x_wconf 83' lang='grc'><strong>,</strong></span> 
     </span>
     <span class='ocr_line' id='line_1_21' title="bbox 320 2723 1520 2799; baseline -0.004 -19"><span class='ocrx_word' id='word_1_187' title='bbox 320 2729 325 2736; x_wconf 85' lang='grc'><em>’</em></span> <span class='ocrx_word' id='word_1_188' title='bbox 376 2729 409 2788; x_wconf 79' lang='lat'>12</span> <span class='ocrx_word' id='word_1_189' title='bbox 424 2724 596 2798; x_wconf 81' lang='lat' dir='ltr'>contagione</span> <span class='ocrx_word' id='word_1_190' title='bbox 618 2734 714 2782; x_wconf 77' lang='lat' dir='ltr'>cestra</span> <span class='ocrx_word' id='word_1_191' title='bbox 743 2724 939 2799; x_wconf 80' lang='lat' dir='ltr'>impleantur?</span> <span class='ocrx_word' id='word_1_192' title='bbox 968 2727 1012 2782; x_wconf 83' lang='lat' dir='ltr'>At</span> <span class='ocrx_word' id='word_1_193' title='bbox 1033 2723 1150 2780; x_wconf 90' lang='lat' dir='ltr'>hercule</span> <span class='ocrx_word' id='word_1_194' title='bbox 1172 2723 1251 2797; x_wconf 87' lang='lat' dir='ltr'>apud</span> <span class='ocrx_word' id='word_1_195' title='bbox 1278 2723 1380 2780; x_wconf 86' lang='lat' dir='ltr'>hostes</span> <span class='ocrx_word' id='word_1_196' title='bbox 1407 2730 1478 2777; x_wconf 77' lang='lat' dir='ltr'>toute</span> <span class='ocrx_word' id='word_1_197' title='bbox 1518 2778 1520 2784; x_wconf 64' lang='grc'>,</span> 
     </span>
     <span class='ocr_line' id='line_1_22' title="bbox 423 2821 1520 2901; baseline 0.003 -15"><span class='ocrx_word' id='word_1_198' title='bbox 423 2829 567 2886; x_wconf 83' lang='lat' dir='ltr'>modestis</span> <span class='ocrx_word' id='word_1_199' title='bbox 598 2839 656 2900; x_wconf 87' lang='lat' dir='ltr'>est,</span> <span class='ocrx_word' id='word_1_200' title='bbox 682 2837 721 2886; x_wconf 86' lang='lat' dir='ltr'>ut</span> <span class='ocrx_word' id='word_1_201' title='bbox 747 2848 806 2886; x_wconf 88' lang='lat' dir='ltr'>non</span> <span class='ocrx_word' id='word_1_202' title='bbox 839 2821 999 2886; x_wconf 88' lang='lat' dir='ltr'>obsidionis</span> <span class='ocrx_word' id='word_1_203' title='bbox 1027 2829 1128 2898; x_wconf 76' lang='lat' dir='ltr'>tedio,</span> <span class='ocrx_word' id='word_1_204' title='bbox 1163 2845 1222 2884; x_wconf 90' lang='lat' dir='ltr'>non</span> <span class='ocrx_word' id='word_1_205' title='bbox 1252 2828 1378 2901; x_wconf 88' lang='lat' dir='ltr'>denique</span> <span class='ocrx_word' id='word_1_206' title='bbox 1406 2827 1479 2900; x_wconf 82' lang='lat' dir='ltr'>regni</span> <span class='ocrx_word' id='word_1_207' title='bbox 1518 2856 1520 2889; x_wconf 78' lang='grc'>;</span> 
     </span>
     <span class='ocr_line' id='line_1_23' title="bbox 424 2932 1520 3010; baseline 0.003 -20"><span class='ocrx_word' id='word_1_208' title='bbox 424 2933 579 3008; x_wconf 79' lang='lat' dir='ltr'>quiequam</span> <span class='ocrx_word' id='word_1_209' title='bbox 612 2935 690 3010; x_wconf 82' lang='lat' dir='ltr'>apud</span> <span class='ocrx_word' id='word_1_210' title='bbox 722 2951 773 2991; x_wconf 90' lang='lat' dir='ltr'>eos</span> <span class='ocrx_word' id='word_1_211' title='bbox 808 2943 949 2991; x_wconf 78' lang='lat' dir='ltr'>novatum</span> <span class='ocrx_word' id='word_1_212' title='bbox 985 2934 1037 3003; x_wconf 88' lang='lat' dir='ltr'>sit,</span> <span class='ocrx_word' id='word_1_213' title='bbox 1072 2952 1130 2990; x_wconf 89' lang='lat' dir='ltr'>uon</span> <span class='ocrx_word' id='word_1_214' title='bbox 1162 2942 1271 3008; x_wconf 80' lang='lat' dir='ltr'>negate</span> <span class='ocrx_word' id='word_1_215' title='bbox 1307 2932 1415 2991; x_wconf 79' lang='lat' dir='ltr'>auxilio</span> <span class='ocrx_word' id='word_1_216' title='bbox 1445 2932 1478 2988; x_wconf 83' lang='lat' dir='ltr'>ub</span> <span class='ocrx_word' id='word_1_217' title='bbox 1517 2960 1520 2993; x_wconf 61' lang='lat' dir='ltr'><strong><em>z</em></strong></span> 
     </span>
    </p>

    <p class='ocr_par' dir='ltr' id='par_1_6' title="bbox 374 3038 1520 3113">
     <span class='ocr_line' id='line_1_24' title="bbox 374 3038 1520 3113; baseline 0.003 -18"><span class='ocrx_word' id='word_1_218' title='bbox 374 3047 410 3102; x_wconf 80' lang='lat'>13</span> <span class='ocrx_word' id='word_1_219' title='bbox 422 3038 553 3096; x_wconf 82' lang='lat' dir='ltr'>Etruscis</span> <span class='ocrx_word' id='word_1_220' title='bbox 574 3039 750 3096; x_wconf 80' lang='lat' dir='ltr'>irritaverint</span> <span class='ocrx_word' id='word_1_221' title='bbox 773 3039 900 3108; x_wconf 82' lang='lat' dir='ltr'>enim0s3</span> <span class='ocrx_word' id='word_1_222' title='bbox 921 3040 1062 3096; x_wconf 83' lang='lat' dir='ltr'>morietur</span> <span class='ocrx_word' id='word_1_223' title='bbox 1087 3038 1163 3096; x_wconf 87' lang='lat' dir='ltr'>enim</span> <span class='ocrx_word' id='word_1_224' title='bbox 1184 3039 1349 3113; x_wconf 82' lang='lat' dir='ltr'>extemplo,</span> <span class='ocrx_word' id='word_1_225' title='bbox 1372 3039 1478 3112; x_wconf 83' lang='lat' dir='ltr'>quicun-</span> <span class='ocrx_word' id='word_1_226' title='bbox 1518 3062 1520 3099; x_wconf 71' lang='lat' dir='ltr'>t</span> 
     </span>
    </p>

    <p class='ocr_par' dir='ltr' id='par_1_7' title="bbox 424 3143 1479 3219">
     <span class='ocr_line' id='line_1_25' title="bbox 424 3143 1479 3219; baseline -0.005 -19"><span class='ocrx_word' id='word_1_227' title='bbox 424 3162 480 3218; x_wconf 91' lang='lat' dir='ltr'>que</span> <span class='ocrx_word' id='word_1_228' title='bbox 502 3143 556 3201; x_wconf 89' lang='lat' dir='ltr'>erit</span> <span class='ocrx_word' id='word_1_229' title='bbox 578 3145 725 3202; x_wconf 82' lang='lat' dir='ltr'>seditionis</span> <span class='ocrx_word' id='word_1_230' title='bbox 747 3151 859 3214; x_wconf 83' lang='lat' dir='ltr'>auctor,</span> <span class='ocrx_word' id='word_1_231' title='bbox 880 3163 933 3202; x_wconf 89' lang='lat' dir='ltr'>nec</span> <span class='ocrx_word' id='word_1_232' title='bbox 955 3145 1091 3219; x_wconf 85' lang='lat' dir='ltr'>cuiquem</span> <span class='ocrx_word' id='word_1_233' title='bbox 1113 3144 1209 3201; x_wconf 87' lang='lat' dir='ltr'>dicere</span> <span class='ocrx_word' id='word_1_234' title='bbox 1229 3163 1266 3201; x_wconf 85' lang='lat' dir='ltr'>ee</span> <span class='ocrx_word' id='word_1_235' title='bbox 1282 3143 1397 3213; x_wconf 84' lang='lat' dir='ltr'>licebit,</span> <span class='ocrx_word' id='word_1_236' title='bbox 1422 3159 1479 3215; x_wconf 78' lang='lat' dir='ltr'>que</span> 
     </span>
    </p>

    <p class='ocr_par' dir='ltr' id='par_1_8' title="bbox 375 3247 1477 3325">
     <span class='ocr_line' id='line_1_26' title="bbox 375 3247 1477 3325; baseline -0.005 -19"><span class='ocrx_word' id='word_1_237' title='bbox 375 3253 409 3307; x_wconf 82' lang='grc'>14</span> <span class='ocrx_word' id='word_1_238' title='bbox 423 3250 501 3325; x_wconf 81' lang='lat' dir='ltr'>apud</span> <span class='ocrx_word' id='word_1_239' title='bbox 523 3267 576 3307; x_wconf 88' lang='lat' dir='ltr'>vos</span> <span class='ocrx_word' id='word_1_240' title='bbox 606 3250 724 3325; x_wconf 89' lang='lat' dir='ltr'>impune</span> <span class='ocrx_word' id='word_1_241' title='bbox 751 3249 892 3308; x_wconf 87' lang='lat' dir='ltr'>dicuutur.</span> <span class='ocrx_word' id='word_1_242' title='bbox 946 3249 1135 3306; x_wconf 83' lang='lat' dir='ltr'>Fustuerium</span> <span class='ocrx_word' id='word_1_243' title='bbox 1157 3256 1298 3318; x_wconf 86' lang='lat' dir='ltr'>meretur,</span> <span class='ocrx_word' id='word_1_244' title='bbox 1329 3248 1380 3322; x_wconf 89' lang='lat' dir='ltr'>qui</span> <span class='ocrx_word' id='word_1_245' title='bbox 1404 3247 1477 3320; x_wconf 78' lang='lat' dir='ltr'>signs</span> 
     </span>
    </p>

    <p class='ocr_par' dir='ltr' id='par_1_9' title="bbox 422 3351 1479 3531">
     <span class='ocr_line' id='line_1_27' title="bbox 422 3351 1479 3429; baseline -0.008 -16"><span class='ocrx_word' id='word_1_246' title='bbox 422 3355 558 3429; x_wconf 84' lang='lat' dir='ltr'>relinquit</span> <span class='ocrx_word' id='word_1_247' title='bbox 587 3363 638 3412; x_wconf 85' lang='lat' dir='ltr'>aut</span> <span class='ocrx_word' id='word_1_248' title='bbox 659 3353 794 3428; x_wconf 86' lang='lat' dir='ltr'>praesidio</span> <span class='ocrx_word' id='word_1_249' title='bbox 825 3354 952 3420; x_wconf 80' lang='lat' dir='ltr'>decedit;</span> <span class='ocrx_word' id='word_1_250' title='bbox 984 3366 1117 3413; x_wconf 81' lang='lat' dir='ltr'>auctores</span> <span class='ocrx_word' id='word_1_251' title='bbox 1139 3355 1223 3429; x_wconf 86' lang='lat' dir='ltr'>signa</span> <span class='ocrx_word' id='word_1_252' title='bbox 1249 3351 1427 3424; x_wconf 86' lang='lat' dir='ltr'>relinquendi</span> <span class='ocrx_word' id='word_1_253' title='bbox 1452 3358 1479 3404; x_wconf 89' lang='lat' dir='ltr'>et</span> 
     </span>
     <span class='ocr_line' id='line_1_28' title="bbox 423 3454 1476 3531; baseline -0.005 -15"><span class='ocrx_word' id='word_1_254' title='bbox 423 3461 572 3518; x_wconf 82' lang='lat' dir='ltr'>deserendi</span> <span class='ocrx_word' id='word_1_255' title='bbox 594 3468 692 3517; x_wconf 78' lang='lat' dir='ltr'>cestra</span> <span class='ocrx_word' id='word_1_256' title='bbox 711 3477 770 3516; x_wconf 88' lang='lat' dir='ltr'>non</span> <span class='ocrx_word' id='word_1_257' title='bbox 792 3459 842 3516; x_wconf 87' lang='lat' dir='ltr'>uni</span> <span class='ocrx_word' id='word_1_258' title='bbox 863 3459 1014 3516; x_wconf 80' lang='lat' dir='ltr'>sutelteri</span> <span class='ocrx_word' id='word_1_259' title='bbox 1035 3460 1128 3531; x_wconf 87' lang='lat' dir='ltr'>militi,</span> <span class='ocrx_word' id='word_1_260' title='bbox 1148 3461 1199 3516; x_wconf 90' lang='lat' dir='ltr'>sed</span> <span class='ocrx_word' id='word_1_261' title='bbox 1218 3457 1363 3516; x_wconf 85' lang='lat' dir='ltr'>universis</span> <span class='ocrx_word' id='word_1_262' title='bbox 1379 3454 1476 3512; x_wconf 82' lang='lat' dir='ltr'>exerci-</span> 
     </span>
    </p>

    <p class='ocr_par' dir='ltr' id='par_1_10' title="bbox 372 3562 1476 3643">
     <span class='ocr_line' id='line_1_29' title="bbox 372 3562 1476 3643; baseline -0.007 -21"><span class='ocrx_word' id='word_1_263' title='bbox 372 3567 409 3622; x_wconf 87' lang='lat'>15</span> <span class='ocrx_word' id='word_1_264' title='bbox 423 3565 500 3622; x_wconf 86' lang='lat' dir='ltr'>tibus</span> <span class='ocrx_word' id='word_1_265' title='bbox 527 3565 624 3641; x_wconf 83' lang='lat' dir='ltr'>palam</span> <span class='ocrx_word' id='word_1_266' title='bbox 654 3564 684 3620; x_wconf 89' lang='lat' dir='ltr'>in</span> <span class='ocrx_word' id='word_1_267' title='bbox 715 3564 848 3621; x_wconf 88' lang='lat' dir='ltr'>contione</span> <span class='ocrx_word' id='word_1_268' title='bbox 879 3565 1049 3625; x_wconf 84' lang='lat' dir='ltr'>audiuntur:</span> <span class='ocrx_word' id='word_1_269' title='bbox 1078 3566 1163 3636; x_wconf 79' lang='lat' dir='ltr'>adeo,</span> <span class='ocrx_word' id='word_1_270' title='bbox 1197 3563 1336 3643; x_wconf 81' lang='lat' dir='ltr'>quioquid</span> <span class='ocrx_word' id='word_1_271' title='bbox 1356 3562 1476 3620; x_wconf 82' lang='lat' dir='ltr'>tribunus</span> 
     </span>
    </p>

    <p class='ocr_par' dir='ltr' id='par_1_11' title="bbox 422 3663 1475 3849">
     <span class='ocr_line' id='line_1_30' title="bbox 422 3663 1475 3746; baseline -0.003 -20"><span class='ocrx_word' id='word_1_272' title='bbox 422 3670 500 3746; x_wconf 88' lang='lat' dir='ltr'>plebi</span> <span class='ocrx_word' id='word_1_273' title='bbox 520 3669 664 3743; x_wconf 87' lang='lat' dir='ltr'>loquitur,</span> <span class='ocrx_word' id='word_1_274' title='bbox 694 3669 747 3726; x_wconf 85' lang='lat' dir='ltr'>etsi</span> <span class='ocrx_word' id='word_1_275' title='bbox 775 3669 933 3743; x_wconf 76' lang='lat' dir='ltr'>prodente</span> <span class='ocrx_word' id='word_1_276' title='bbox 952 3671 1055 3745; x_wconf 82' lang='lat' dir='ltr'>petriae</span> <span class='ocrx_word' id='word_1_277' title='bbox 1078 3663 1329 3743; x_wconf 72' lang='lat' dir='ltr'>dissoluendoeque</span> <span class='ocrx_word' id='word_1_278' title='bbox 1349 3668 1393 3726; x_wconf 84' lang='lat' dir='ltr'>rei</span> <span class='ocrx_word' id='word_1_279' title='bbox 1413 3665 1475 3741; x_wconf 88' lang='lat' dir='ltr'>pub·</span> 
     </span>
     <span class='ocr_line' id='line_1_31' title="bbox 422 3771 1475 3849; baseline -0.006 -17"><span class='ocrx_word' id='word_1_280' title='bbox 422 3776 484 3834; x_wconf 81' lang='lat' dir='ltr'>lices</span> <span class='ocrx_word' id='word_1_281' title='bbox 515 3783 575 3844; x_wconf 87' lang='lat' dir='ltr'>est,</span> <span class='ocrx_word' id='word_1_282' title='bbox 604 3773 741 3830; x_wconf 81' lang='lat' dir='ltr'>assuestis</span> <span class='ocrx_word' id='word_1_283' title='bbox 771 3774 861 3849; x_wconf 88' lang='lat' dir='ltr'>quieti</span> <span class='ocrx_word' id='word_1_284' title='bbox 890 3774 994 3831; x_wconf 80' lang='lat' dir='ltr'>audire</span> <span class='ocrx_word' id='word_1_285' title='bbox 1024 3785 1053 3832; x_wconf 87' lang='lat' dir='ltr'>et</span> <span class='ocrx_word' id='word_1_286' title='bbox 1073 3775 1224 3834; x_wconf 79' lang='lat' dir='ltr'>dulcedine</span> <span class='ocrx_word' id='word_1_287' title='bbox 1250 3774 1404 3849; x_wconf 70' lang='lat' dir='ltr'>potestatis</span> <span class='ocrx_word' id='word_1_288' title='bbox 1422 3771 1475 3827; x_wconf 85' lang='lat' dir='ltr'>eius</span> 
     </span>
    </p>

    <p class='ocr_par' dir='ltr' id='par_1_12' title="bbox 374 3868 1474 3956">
     <span class='ocr_line' id='line_1_32' title="bbox 374 3868 1474 3956; baseline 0.004 -20"><span class='ocrx_word' id='word_1_289' title='bbox 374 3881 409 3938; x_wconf 82' lang='lat'>16</span> <span class='ocrx_word' id='word_1_290' title='bbox 422 3880 500 3956; x_wconf 85' lang='lat' dir='ltr'>cepti</span> <span class='ocrx_word' id='word_1_291' title='bbox 522 3879 656 3953; x_wconf 77' lang='lat' dir='ltr'>quoslibet</span> <span class='ocrx_word' id='word_1_292' title='bbox 684 3880 738 3936; x_wconf 90' lang='lat' dir='ltr'>sub</span> <span class='ocrx_word' id='word_1_293' title='bbox 769 3899 805 3936; x_wconf 82' lang='lat' dir='ltr'>ee</span> <span class='ocrx_word' id='word_1_294' title='bbox 836 3879 953 3936; x_wconf 81' lang='lat' dir='ltr'>seelerc&#39;</span> <span class='ocrx_word' id='word_1_295' title='bbox 975 3879 1067 3936; x_wconf 76' lang='lat' dir='ltr'>latere</span> <span class='ocrx_word' id='word_1_296' title='bbox 1092 3881 1195 3940; x_wconf 85' lang='lat' dir='ltr'>sinitis.</span> <span class='ocrx_word' id='word_1_297' title='bbox 1247 3868 1403 3953; x_wconf 78' lang='lat' dir='ltr'>Reliquum</span> <span class='ocrx_word' id='word_1_298' title='bbox 1430 3882 1474 3940; x_wconf 63' lang='lat'>0⁸¹2</span> 
     </span>
    </p>

    <p class='ocr_par' dir='ltr' id='par_1_13' title="bbox 422 3982 1474 4167">
     <span class='ocr_line' id='line_1_33' title="bbox 422 3982 1474 4072; baseline -0.007 -28"><span class='ocrx_word' id='word_1_299' title='bbox 422 3995 464 4056; x_wconf 92' lang='lat' dir='ltr'>ut,</span> <span class='ocrx_word' id='word_1_300' title='bbox 497 4003 562 4060; x_wconf 84' lang='lat' dir='ltr'>quae</span> <span class='ocrx_word' id='word_1_301' title='bbox 582 3985 629 4042; x_wconf 91' lang='lat' dir='ltr'>hic</span> <span class='ocrx_word' id='word_1_302' title='bbox 649 3983 861 4054; x_wconf 72' lang='lat' dir='ltr'>vociferentur,</span> <span class='ocrx_word' id='word_1_303' title='bbox 895 3985 996 4042; x_wconf 82' lang='lat' dir='ltr'>eedem</span> <span class='ocrx_word' id='word_1_304' title='bbox 1030 3985 1060 4041; x_wconf 90' lang='lat' dir='ltr'>in</span> <span class='ocrx_word' id='word_1_305' title='bbox 1087 3987 1190 4043; x_wconf 83' lang='lat' dir='ltr'>cestris</span> <span class='ocrx_word' id='word_1_306' title='bbox 1218 3996 1247 4042; x_wconf 93' lang='lat' dir='ltr'>et</span> <span class='ocrx_word' id='word_1_307' title='bbox 1276 3986 1357 4072; x_wconf 74' lang='lat' dir='ltr'>apud</span> <span class='ocrx_word' id='word_1_308' title='bbox 1383 3982 1474 4040; x_wconf 81' lang='lat' dir='ltr'>milites</span> 
     </span>
     <span class='ocr_line' id='line_1_34' title="bbox 423 4088 1473 4167; baseline -0.004 -19"><span class='ocrx_word' id='word_1_309' title='bbox 423 4101 513 4167; x_wconf 82' lang='lat' dir='ltr'>agant</span> <span class='ocrx_word' id='word_1_310' title='bbox 540 4102 569 4149; x_wconf 90' lang='lat' dir='ltr'>et</span> <span class='ocrx_word' id='word_1_311' title='bbox 590 4092 733 4148; x_wconf 85' lang='lat' dir='ltr'>exercitus</span> <span class='ocrx_word' id='word_1_312' title='bbox 755 4099 944 4164; x_wconf 80' lang='lat' dir='ltr'>corrumpent</span> <span class='ocrx_word' id='word_1_313' title='bbox 969 4089 1148 4165; x_wconf 88' lang='lat' dir='ltr'>ducibusque</span> <span class='ocrx_word' id='word_1_314' title='bbox 1169 4109 1273 4166; x_wconf 79' lang='lat' dir='ltr'>perere</span> <span class='ocrx_word' id='word_1_315' title='bbox 1293 4109 1354 4147; x_wconf 88' lang='lat' dir='ltr'>non</span> <span class='ocrx_word' id='word_1_316' title='bbox 1372 4088 1473 4165; x_wconf 79' lang='lat' dir='ltr'>petisn-</span> 
     </span>
    </p>

    <p class='ocr_par' dir='ltr' id='par_1_14' title="bbox 363 4183 1472 4271">
     <span class='ocr_line' id='line_1_35' title="bbox 363 4183 1472 4271; baseline -0.002 -21"><span class='ocrx_word' id='word_1_317' title='bbox 363 4183 407 4250; x_wconf 82' lang='lat' dir='ltr'>&#39;ll</span> <span class='ocrx_word' id='word_1_318' title='bbox 424 4205 480 4265; x_wconf 86' lang='lat' dir='ltr'>tur,</span> <span class='ocrx_word' id='word_1_319' title='bbox 503 4197 639 4271; x_wconf 79' lang='lat' dir='ltr'>quoniam</span> <span class='ocrx_word' id='word_1_320' title='bbox 663 4215 698 4252; x_wconf 86' lang='lat' dir='ltr'>ec</span> <span class='ocrx_word' id='word_1_321' title='bbox 718 4197 833 4254; x_wconf 85' lang='lat' dir='ltr'>demum</span> <span class='ocrx_word' id='word_1_322' title='bbox 855 4196 959 4253; x_wconf 75' lang='lat' dir='ltr'>Rome</span> <span class='ocrx_word' id='word_1_323' title='bbox 978 4193 1098 4252; x_wconf 78' lang='lat' dir='ltr'>libertus</span> <span class='ocrx_word' id='word_1_324' title='bbox 1119 4202 1173 4264; x_wconf 85' lang='lat' dir='ltr'>est,</span> <span class='ocrx_word' id='word_1_325' title='bbox 1193 4205 1404 4265; x_wconf 84' lang='lat' dir='ltr'>nonsenetum,</span> <span class='ocrx_word' id='word_1_326' title='bbox 1424 4208 1472 4248; x_wconf 86' lang='lat' dir='ltr'>nou</span> 
     </span>
    </p>
   </div>
   <div class='ocr_carea' id='block_1_3' title="bbox 0 0 1700 5084">
    <p class='ocr_par' dir='ltr' id='par_1_15' title="bbox 0 0 1700 5084">
     <span class='ocr_line' id='line_1_36' title="bbox 0 0 1700 5084; baseline 0 0"><span class='ocrx_word' id='word_1_327' title='bbox 0 0 1700 5084; x_wconf 95' lang='lat' dir='ltr'> </span> 
     </span>
    </p>
   </div>
  </div>
 </body>
</html>
