3392 5084
503 499 581 550 Liber
598 501 646 550 lv.
684 501 732 564 (A.
747 500 968 562 ch.411-4oe.]
1169 504 1228 558 247

210 684 309 740 dixere.
359 685 473 742 Ductus
495 684 638 741 exereitus
658 685 696 741 ad
721 683 936 742 Carventanam
961 701 1072 750 aream,
1103 687 1301 757 quanquam9

209 787 310 844 invisus
331 787 515 862 infestusque
537 788 647 846 consuli
670 797 741 859 erat,
762 788 886 863 impigre
906 788 1002 862 primo
1024 787 1121 844 statim
1144 788 1270 846 adventu

209 892 334 954 deiectis,
359 892 460 967 quiin
483 894 618 968 prasidio
640 902 736 963 erent,
764 913 860 952 arcem
882 893 1007 968 reoepit3
1033 892 1212 968 praedatores
1233 912 1271 951 ex

209 996 334 1069 prasidio
358 1017 412 1072 per
433 999 637 1074 negligentiam
661 998 766 1072 dilapsi
785 997 968 1056 occasionem
994 1015 1134 1072 apernere
1161 997 1199 1053 ad
1226 998 1269 1054 in·

209 1102 396 1159 vadendum..
421 1105 534 1160 Praedae
555 1122 591 1160 ex
614 1103 737 1161 assiduis
759 1103 1006 1178 populationibus,
1028 1101 1107 1175 quod
1123 1101 1222 1158 omnia
1239 1100 1269 1156 in
1285 1099 1320 1152 to

208 1208 293 1264 locum
314 1216 412 1264 tutum
435 1217 575 1282 congesta
597 1215 694 1278 erant,
725 1206 780 1264 fuit
801 1208 993 1282 aliquantum.
1036 1206 1195 1264 Venditum
1215 1207 1269 1263 sub

208 1313 283 1368 hesta
303 1313 410 1369 consul
430 1313 459 1368 in
482 1311 615 1369 serarium
636 1313 768 1387 redigere
790 1323 948 1387 quaereres
969 1311 1062 1378 iussit,
1084 1320 1144 1368 tum
1165 1311 1269 1386 prtedi·

208 1435 266 1474 osns
291 1418 469 1494 participem
499 1417 604 1491 praedes
629 1417 693 1476 fore
722 1420 896 1488 exereitum,
929 1437 1018 1492 quum
1049 1414 1180 1472 militiam
1211 1434 1270 1472 non
1370 1477 1375 1485 ,

209 1521 356 1580 abnuisset.
406 1523 513 1580 Auetae
539 1521 607 1579 inde
635 1523 728 1598 plebis
759 1543 793 1582 ao
825 1524 946 1582 militum
976 1523 1007 1580 in
1036 1519 1182 1579 consulem
1209 1521 1268 1576 irae
1285 1520 1317 1574 11

208 1626 301 1699 ltaque
317 1645 411 1700 quum
426 1644 464 1682 ex
481 1628 740 1686 senatusconsulto
757 1631 859 1686 urbem
878 1645 970 1686 ovans
988 1624 1129 1693 introiret,
1151 1625 1269 1682 alternis

208 1729 335 1788 inconditi
362 1749 465 1788 versus
487 1730 605 1789 militari
625 1732 742 1790 lieentia
762 1733 873 1806 iactati,
896 1732 1001 1806 quibus
1024 1730 1125 1789 eonsnl
1144 1729 1320 1805 intrepi-12

208 1845 260 1904 tus,
287 1837 421 1894 Menenii
443 1837 555 1894 celebre
576 1856 681 1896 nomen
704 1838 838 1896 laudibus
866 1838 936 1908 fuit,
965 1855 1053 1910 quum
1086 1834 1122 1891 ad
1154 1854 1269 1894 omnem

208 1941 374 1999 mentionem
411 1942 519 2000 tribuni
550 1941 636 1999 favor
671 1943 884 2002 circumstantis
916 1943 1016 2018 populi
1047 1941 1210 2016 plausuque
1241 1951 1269 1997 et

208 2062 316 2102 assensu
347 2065 414 2103 eum
439 2047 560 2104 vocibus
582 2045 703 2104 militum
726 2059 859 2109 certaret.
902 2049 1033 2122 Plusque
1054 2066 1091 2104 ea
1111 2064 1158 2102 res
1179 2065 1267 2119 qnam
1284 2044 1319 2100 13

208 2169 287 2224 pmpe
310 2153 462 2209 sollemnis
492 2152 614 2208 militum
639 2152 768 2222 ,lascivia
795 2153 825 2210 in
856 2153 1005 2210 consulem
1032 2170 1108 2209 rurae
1136 2151 1268 2225 patribus

207 2253 305 2326 iniecit;
334 2266 366 2314 et
390 2266 529 2330 tanquam
552 2259 631 2314 haud
654 2255 758 2312 dubius
779 2257 855 2314 inter
875 2258 1008 2314 tribunos
1030 2255 1152 2313 militum
1174 2256 1267 2312 honos

207 2358 335 2429 llenenii,
359 2361 383 2416 si
406 2371 525 2436 peteret,
545 2362 745 2420 consularibus
767 2361 891 2420 comitiis
914 2372 959 2418 est
981 2361 1125 2418 exclusus.

279 2464 383 2524 Creati
411 2467 543 2524 eonsules
576 2477 643 2524 sunt
671 2466 724 2526 Gn.
754 2467 907 2526 Cornelius
934 2465 1060 2536 Cossus,
1096 2466 1131 2522 L.
1161 2464 1268 2522 Furius
1317 2461 1361 2528 54

207 2567 375 2628 Medullinus
404 2571 517 2632 iterum.
562 2573 631 2630 Non
660 2573 733 2630 elias
760 2573 865 2648 aegrius
891 2573 973 2647 plebs
1002 2570 1082 2639 tulit,
1114 2570 1296 2628 tribunicia2

208 2675 314 2732 comitia
334 2675 391 2732 sibi
414 2695 471 2733 non
496 2677 659 2734 commissa.
702 2679 778 2736 Eum
794 2673 936 2737 ‘dolorem
959 2677 1121 2752 quaestoriis
1142 2675 1266 2733 comitiis
1281 2655 1442 2704 A·¹¹'⁰·³⁴⁵·

208 2778 281 2835 simul
302 2780 432 2837 ostendit
453 2791 482 2838 et
503 2781 564 2838 ult-a
593 2791 651 2852 est,
681 2795 749 2841 tune
775 2784 901 2858 primum
928 2783 1050 2858 plebeiis
1075 2782 1266 2856 quoestoribus
1279 2721 1436 2773 &cmm

208 2885 317 2956 creatis,
349 2885 393 2942 ita
420 2895 452 2942 ut
481 2885 510 2942 in
540 2895 681 2960 quattuor
703 2889 836 2945 creandis
864 2889 916 2945 nni
940 2888 1079 2963 patricio,
1104 2887 1144 2944 Κ.
1170 2887 1296 2950 Fabio3

207 2987 356 3052 Ambusto,
380 2990 591 3065 relinqueretur
612 2991 702 3059 loeus,
725 3002 782 3050 tres
801 2993 917 3067 plebeii,
939 2993 976 3066 Q.
990 2993 1088 3060 Silius,
1109 2993 1145 3050 P.
1157 2992 1266 3059 AElins,

209 3091 236 3145 P.
256 3094 387 3169 Pupius,
416 3096 640 3170 clarissimarum
669 3097 845 3155 familiarum
873 3099 1026 3156 iuvenibus
1052 3095 1264 3170 praeferrentur.

208 3196 344 3256 ductores
366 3198 456 3258 fuisse
477 3209 537 3257 tem
559 3201 641 3258 liberi
663 3203 772 3278 populo
794 3203 927 3279 suffragii
948 3203 1046 3260 Ieilios
1069 3201 1197 3275 accipio,
1228 3211 1294 3262 ext

208 3297 308 3360 familia
329 3303 519 3362 infestissime
540 3307 671 3380 patribus
693 3317 751 3366 tres
773 3309 802 3366 in
824 3327 889 3365 eum
906 3325 1013 3364 annum
1028 3306 1159 3363 tribunos
1172 3305 1265 3379 plebis

208 3415 327 3477 creatos,
358 3408 514 3466 multarum
535 3429 766 3486 magnarumque
787 3431 884 3469 rerum
906 3412 1013 3468 molem
1035 3411 1204 3491 avidissimo
1227 3410 1265 3466 ad

209 3526 237 3563 ee
254 3513 364 3588 populo
386 3503 573 3586 ostentantes,
596 3535 683 3590 quum
708 3516 912 3587 affirmassent,
934 3517 1006 3575 nihil
1026 3535 1058 3573 se
1079 3524 1218 3580 moturos,
1240 3512 1295 3579 si5

209 3629 238 3667 ne
258 3619 419 3689 quaestoriis
442 3620 557 3692 quidem
580 3623 719 3692 comitiis,
750 3643 813 3698 quse
835 3624 899 3680 sola
920 3624 1088 3698 promiscua
1112 3620 1190 3696 plebi
1211 3638 1264 3693 pa·

210 3719 347 3797 tribusque
367 3724 532 3798 reliquisset
555 3736 686 3796 senatus,
714 3729 785 3784 satis
808 3730 897 3786 animi
919 3729 1028 3803 popolo
1056 3736 1132 3784 esset
1159 3725 1197 3782 ad
1226 3725 1265 3784 id,

212 3827 277 3895 quod
298 3838 358 3886 tam
383 3830 432 3886 din
455 3829 562 3886 vellent
585 3840 615 3887 et
635 3851 688 3907 per
710 3834 788 3907 leges
811 3835 919 3892 liceret.
963 3834 1025 3892 Pro
1043 3833 1152 3907 ingenti
1165 3833 1296 3906 itaqueb

212 3929 320 3992 vietoria
341 3935 371 3990 id
394 3934 449 3992 fuit
470 3935 563 4010 plebi,
594 3947 827 4013 quaesturamque
854 3957 919 3994 eam
948 3956 1006 3993 non
1034 3937 1153 3994 honoris
1174 3934 1264 4012 ipsius

212 4033 257 4092 fine
276 4041 476 4110 estimabant,
505 4041 556 4097 sed
589 4041 751 4115 patefactus
778 4045 816 4100 ad
843 4044 1025 4101 consulatum
1046 4061 1082 4098 ae
1103 4042 1264 4116 triumphos

211 4137 279 4198 loeus
310 4146 394 4202 novis
425 4146 590 4203 hominibus
624 4146 785 4204 videbatur.
843 4150 948 4207 Patres
985 4157 1087 4204 eontra
1120 4163 1177 4201 uon
1209 4155 1293 4220 prol

213 4251 429 4318 communicatis,
452 4252 503 4307 sed
525 4269 579 4326 pro
605 4251 718 4308 amissis
744 4253 904 4309 honoribus
930 4252 1069 4320 fremere3
1093 4269 1215 4324 negare,
1240 4250 1264 4304 ai
