3392 5084
558 557 635 610 Liber
652 561 686 610 V.
722 561 768 622 (A.
779 558 826 612 Ch.
839 565 912 621 4⁰8.)
1161 563 1218 628 26¹

215 738 317 796 ferendo
331 740 409 798 bello
431 741 555 811 adimus,
576 761 645 802 num
665 743 799 802 oblivisci
818 761 874 802 nos
887 745 950 802 hee
970 753 1031 802 tarn
1051 747 1156 804 erebra
1176 745 1264 804 Etru·

215 845 254 900 rin
271 844 391 902 concilia
418 847 455 904 de
481 847 628 906 mittendis
651 849 743 906 Veios
775 849 892 908 auxiliis
918 849 1086 925 patiuntur?
1117 851 1161 910 Ut
1187 855 1295 910 nnncd

215 968 251 1005 res
268 968 296 1006 se
315 952 422 1022 hebet,
443 951 511 1010 irati
533 961 609 1023 sunt,
639 955 777 1025 oderunt,
805 965 915 1030 negant
937 955 1094 1028 missuros;
1122 964 1263 1030 quantum
1301 945 1304 949 ’

214 1055 302 1112 inillis
323 1067 377 1125 est,
402 1075 508 1132 capere
529 1058 621 1116 Veios
643 1058 718 1116 licet.
767 1059 840 1134 Quis
862 1070 915 1131 est,
932 1060 985 1135 qui
1004 1060 1165 1135 spondeat,
1192 1079 1264 1118 eun·

212 1161 273 1231 dem,
291 1162 315 1218 si
336 1160 473 1220 differtur
495 1163 612 1234 bellum,
634 1165 762 1223 animum
784 1165 990 1242 posteriore,
1012 1183 1111 1241 quum,
1133 1164 1159 1221 si
1179 1165 1264 1222 laxa·
1279 1172 1317 1228 10

213 1277 320 1324 mentum
346 1268 474 1339 dederis,
496 1269 591 1328 maior
612 1268 849 1346 frequentiorque
870 1270 980 1346 legatio
1000 1270 1078 1328 iture
1099 1269 1151 1340 sit,
1173 1288 1263 1344 quum

212 1369 246 1441 id,
270 1373 345 1447 quod
367 1392 447 1431 nunc
477 1371 598 1431 offendit
624 1375 776 1446 Etruscos,
805 1395 860 1433 rex
888 1385 1005 1434 creatus
1030 1374 1129 1443 Veiis,
1156 1374 1264 1431 mutari

212 1479 289 1550 spatio
308 1477 484 1553 interposito
512 1479 605 1554 possit
631 1479 679 1537 vel
706 1498 848 1538 consensu
875 1480 1017 1552 civitatis,
1044 1489 1076 1538 nt
1097 1499 1133 1537 eo
1161 1497 1263 1537 meon·

212 1582 290 1640 edient
308 1583 438 1642 Etruriae
459 1585 582 1655 animos,
602 1585 651 1643 vel
671 1585 761 1660 ipsius
782 1585 934 1644 voluntate
952 1586 1046 1661 regis,
1073 1585 1125 1660 qni
1145 1585 1264 1642 obstare

211 1706 311 1760 regnum
345 1708 433 1747 suum
466 1690 553 1746 saluti
575 1689 680 1748 civium
702 1689 794 1748 nolit?
826 1690 948 1761 Videte,
979 1699 1052 1764 quot
1079 1708 1141 1759 res,
1174 1707 1263 1764 quem
1280 1691 1314 1744 ll

211 1791 306 1850 inutiles
334 1803 499 1877 sequantur
522 1795 602 1853 illem
625 1797 704 1854 viam
733 1794 861 1866 consilii,
888 1795 1004 1853 iactura
1033 1814 1156 1871 operum
1180 1803 1263 1852 tanto

211 1897 293 1956 labore
318 1899 484 1970 factorum,
515 1901 642 1958 vastatio
668 1900 820 1958 imminens
841 1899 942 1956 finium
963 1908 1147 1971 nostrornm
1174 1901 1263 1958 Etru·

211 2021 274 2060 scum
294 2006 405 2062 beilum
427 2023 483 2080 pro
499 1999 621 2062 Veiente
636 2005 819 2064 concitatum.
864 2005 937 2063 Heec
957 2014 1034 2075 sunt,
1054 2005 1173 2076 tribuni,
1194 2005 1315 2064 con-12

210 2107 262 2164 silis
280 2120 396 2181 vestra,
423 2129 483 2166 non
505 2111 621 2166 hercule
643 2109 795 2167 dissimilia
815 2109 900 2167 acsi
926 2111 979 2185 qni
1003 2129 1102 2185 aegro,
1136 2111 1188 2184 qni
1212 2129 1263 2168 cu·

210 2215 256 2270 reri
284 2235 315 2272 se
352 2215 470 2274 fortiter
505 2233 609 2290 passus
641 2214 787 2290 extemplo
825 2214 1029 2302 eonyalescere
1063 2215 1172 2289 possit,
1207 2215 1265 2277 cibi

209 2321 288 2392 gratia
312 2321 468 2397 praesentis
493 2328 544 2376 ant
570 2319 697 2396 potionis
725 2321 917 2395 longinquum
945 2329 975 2376 et
999 2319 1124 2377 forsitan
1144 2321 1264 2377 insana-

210 2425 280 2482 bilem
316 2429 455 2484 morbum
492 2423 609 2484 efficiat.
667 2425 716 2494 si,
753 2425 967 2493 mediusfidius,
1002 2426 1040 2483 ed
1070 2427 1128 2482 hoc
1154 2425 1263 2482 bellum

210 2530 266 2587 nihii
284 2532 452 2606 pertineret,
476 2531 513 2586 ad
527 2529 709 2605 disciplinam
725 2539 803 2593 certe
817 2530 927 2587 milities
947 2530 1103 2605 plurimum
1117 2530 1265 2600 intererat,

210 2635 357 2694 insuescere
390 2635 508 2693 militem
533 2644 664 2692 nostrum
693 2655 753 2692 non
783 2637 878 2694 solum
906 2645 1012 2711 parata
1042 2635 1166 2693 victorie
1197 2634 1265 2706 frui,

210 2744 257 2812 sed,
287 2744 311 2799 si
331 2741 424 2800 ¹etiarn
446 2759 493 2798 res
520 2740 626 2798 lentior
653 2739 707 2811 sit,
739 2741 803 2816 pati
828 2741 946 2799 taedinm
974 2752 1004 2798 at
1029 2741 1164 2815 quamvis
1192 2741 1295 2798 seras2

209 2847 258 2918 spei
278 2848 388 2905 exitum
412 2855 582 2920 exspectare
604 2854 641 2915 et,
663 2845 688 2902 si
710 2846 829 2921 nonsit
851 2857 951 2905 astate
972 2847 1133 2923 perfeetum
1147 2847 1265 2917 bellum,

209 2950 316 3010 hiemem
340 2950 471 3028 opperiri
491 2970 553 3021 neo,
575 2951 649 3008 sicut
669 2950 881 3023 menrasense,
905 2953 1004 3010 statim
1025 2961 1166 3010 autumno
1187 2961 1265 3010 tecta

211 3067 401 3116 ac'rscessum
422 3057 651 3132 circumspicere.
695 3055 826 3114 Obsecro
841 3075 909 3113 vos:
932 3056 1059 3114 venandi
1079 3056 1205 3114 studium
1228 3057 1294 3113 aci

209 3163 330 3238 voluptas
359 3163 493 3220 homines
522 3181 575 3237 per
607 3161 689 3218 nives
715 3181 750 3218 ac
778 3161 898 3238 pruinas
925 3162 955 3218 in
982 3170 1095 3218 montes
1116 3160 1264 3236 silvasque

209 3268 283 3341 rspit3
312 3269 384 3326 beili
412 3267 633 3324 necessitatibus
662 3285 727 3322 eam
759 3265 929 3341 patientiam
960 3284 1020 3322 non
1052 3265 1263 3337 adhibebimus,

209 3389 283 3446 quem
310 3375 359 3431 vei
389 3371 470 3428 lusus
495 3391 530 3428 ac
551 3373 687 3452 voluptas
708 3369 811 3426 elicere
832 3368 927 3426 soleti
951 3370 1077 3427 Adeone
1097 3367 1294 3430 effeminatad

209 3493 320 3553 corpore
343 3477 467 3536 miiitum
489 3485 654 3534 nostrorum
678 3493 742 3532 esse
760 3483 906 3550 putemus,
928 3476 1004 3533 adeo
1018 3473 1121 3531 molles
1141 3475 1264 3548 animos,

209 3593 234 3635 nt
254 3583 375 3640 hiemem
398 3599 485 3639 unern
508 3581 614 3639 durare
635 3581 665 3638 in
686 3581 798 3650 cast-ris,
820 3579 923 3636 abesse
945 3579 983 3635 ab
1004 3579 1092 3637 domo
1114 3600 1173 3637 non
1195 3600 1265 3657 pos·

209 3685 273 3744 sint?
305 3697 502 3761 numnquam
529 3687 635 3744 navale
662 3685 771 3742 bellurn
799 3684 1020 3760 tempestatibus
1050 3687 1203 3761 captandis
1235 3696 1265 3745 et

209 3791 381 3848 observando
404 3799 535 3866 tempore
559 3791 627 3848 anni
652 3799 769 3866 gerent,
791 3809 849 3847 non
870 3799 973 3859 metue,
994 3809 1054 3846 non
1073 3790 1185 3866 frigore
1202 3792 1265 3866 peti

210 3895 326 3964 possint?
349 3895 534 3954 Erubescent
553 3894 696 3970 profecto,
717 3895 742 3952 si
763 3896 828 3969 quis
850 3895 892 3952 eis
910 3896 973 3952 hac
993 3896 1122 3967 obiiciat,
1144 3902 1296 3956 conten-5

210 3997 334 4075 dentque,
356 4012 386 4058 et
401 4000 505 4057 animis
524 4009 553 4057 et
568 4002 739 4077 corporibus
753 4001 814 4059 suis
835 4000 947 4058 virilem
969 4001 1140 4075 patientiam
1160 4001 1265 4071 inesse,

210 4111 280 4162 etse
300 4107 384 4176 iuxta
412 4106 506 4162 hieme
538 4115 627 4182 atque
654 4116 754 4164 metato
782 4105 861 4164 bella
888 4125 989 4180 gerere
1016 4123 1118 4180 posse,
1151 4123 1205 4162 neo
1233 4123 1265 4162 sc

211 4212 391 4278 patrocinium
417 4212 547 4270 mollitiae
565 4214 734 4287 inertiaque
756 4211 914 4269 mandasse
940 4210 1077 4279 tribunis,
1107 4216 1136 4266 et
1163 4209 1264 4266 memi·
1315 4201 1325 4226 ⁹

211 4312 291 4387 nisse,
321 4318 397 4374 hanc
425 4315 521 4392 ipsam
552 4325 726 4392 potestatam
757 4335 815 4374 non
834 4315 875 4374 ¹in
903 4317 1008 4386 umbre
1036 4331 1090 4372 nec
1120 4315 1150 4370 in
1183 4308 1266 4372 tectis
