3392 5084
481 529 540 584 23⁰
781 521 861 572 Liber
878 523 913 572 Χ.
948 512 1035 587 (aa.
1045 538 1068 573 e.
1076 522 1151 608 tta.)

437 708 583 765 incassum
609 707 719 764 iactare
747 706 820 776 talea
851 716 968 782 torpere
993 706 1113 780 quidam
1134 715 1165 764 et
1191 725 1248 763 nec
1272 723 1378 782 pugna
1400 704 1486 760 memi-

409 810 516 870 inisse
542 829 596 868 nec
622 811 709 888 fugae.
765 817 808 870 At
829 829 867 869 ex
898 820 983 887 parte
1010 811 1104 868 altera
1139 811 1275 886 pontifex
1302 807 1415 875 Livius,
1451 808 1487 863 cui

438 918 554 974 lictores
588 918 698 976 Decius
739 917 902 975 tradiderat
947 917 1145 991 iusseratque
1165 935 1221 992 pro
1261 923 1386 992 pretore
1427 931 1487 975 esta

408 1021 610 1093 lvociferari,
640 1023 746 1080 vicisse
774 1024 943 1092 Romanos,
973 1019 1125 1078 defunctos
1157 1021 1287 1078 consulis
1318 1019 1393 1088 iat03
1426 1019 1486 1077 Gal·

438 1129 483 1184 los
511 1127 715 1201 Samnitesque
747 1126 875 1184 Telluris
907 1127 1009 1184 matris
1043 1145 1080 1184 ac
1113 1127 1235 1182 deorum
1250 1121 1392 1182 'manium
1424 1143 1487 1185 essm

438 1253 543 1310 rapere
564 1234 602 1290 ed
624 1251 656 1290 se
678 1251 841 1292 sevocare
863 1234 987 1290 Decium
1009 1233 1146 1290 daucum
1168 1249 1267 1287 seeum
1290 1232 1391 1301 aciem,
1410 1229 1487 1287 iniia-

409 1335 560 1412 5rumque
595 1355 630 1395 ac
659 1337 823 1396 formidinis
855 1339 942 1414 plena
972 1338 1071 1395 omnia
1091 1339 1131 1394 ed
1151 1337 1252 1394 hostes
1279 1353 1352 1393 esse.
1396 1335 1487 1409 Super·

428 1443 557 1501 .veniunt
578 1443 682 1500 deinde
703 1443 747 1500 his
776 1443 995 1520 restituentibus
1021 1459 1150 1519 pugnam
1172 1443 1208 1501 L.
1231 1440 1385 1499 Cornelius
1405 1440 1487 1514 Scipio

439 1557 467 1608 et
490 1547 523 1606 O.
548 1548 687 1618 Marcius,
709 1566 775 1605 cnm
790 1548 927 1607 subsidiis
949 1569 986 1607 ex
1000 1549 1160 1606 norissima
1181 1548 1245 1604 scie
1258 1548 1340 1605 iussn
1362 1547 1397 1621 Q.
1416 1546 1488 1604 Fabi

438 1653 564 1710 consulis
593 1652 631 1710 ad
652 1653 818 1727 praesidium
847 1653 966 1728 collegae
994 1654 1084 1710 missi.
1131 1653 1179 1710 Ibi
1209 1653 1329 1710 auditur
1355 1654 1392 1710 P.
1419 1651 1490 1709 Deci

439 1766 568 1827 eventus,
589 1757 690 1831 ingens
718 1759 872 1816 hortamen
899 1759 938 1815 ad
967 1759 1065 1815 omnia
1087 1776 1142 1834 pro
1164 1758 1339 1832 republica
1360 1758 1487 1815 audenda

408 1859 543 1935 liltaque
565 1880 653 1935 quum
670 1863 751 1921 Galli
772 1865 890 1922 structis
912 1873 980 1932 ante
1001 1882 1033 1920 se
1054 1864 1143 1920 scutis
1165 1862 1290 1920 conferti
1311 1872 1428 1933 starent,
1447 1880 1488 1918 nee

438 1966 531 2024 facilis
553 1967 627 2041 pede
649 1967 755 2024 collato
778 1968 926 2027 videretur
948 1985 1062 2043 pugna,
1091 1969 1173 2025 iussn
1193 1968 1358 2042 legatorum
1385 1968 1489 2025 collecta

439 2072 519 2128 humi
551 2071 626 2146 pila,
660 2089 725 2145 qnae
753 2081 845 2130 strata
875 2071 950 2128 inter
974 2071 1048 2128 duas
1076 2073 1154 2130 acies
1180 2073 1334 2141 iacebant,
1362 2072 1489 2146 atqusin

410 2173 610 2233 7testudinem
632 2177 758 2233 hostium
781 2178 927 2245 coniecte3
954 2177 1060 2250 quibus
1081 2177 1227 2252 plerisque
1254 2177 1286 2232 in
1306 2184 1391 2234 scuta
1415 2177 1488 2233 raris

439 2299 495 2356 que
515 2281 544 2336 in
569 2299 694 2356 corpora
715 2282 779 2356 ipsu
798 2282 875 2352 fixis,
897 2284 1034 2340 sternitur
1054 2299 1172 2349 cuneus,
1191 2282 1234 2338 ita
1258 2290 1291 2338 ut
1307 2299 1418 2356 magna
1433 2298 1490 2356 pan

436 2385 556 2460 integris
578 2387 748 2462 corporibus
771 2387 886 2444 attoniti
903 2389 1094 2446 conciderent.
1136 2387 1210 2444 Hac
1223 2387 1254 2442 in
1276 2381 1395 2443 sinistro
1416 2403 1490 2443 cornu

408 2483 638 2548 8Romanorum
660 2489 779 2547 fortuna
799 2491 976 2550 variaverat.
1020 2493 1131 2548 Fabius
1152 2492 1182 2547 in
1206 2491 1311 2548 dextro
1336 2491 1443 2565 primo,
1466 2497 1491 2544 nt

438 2594 632 2652 antedictum
664 2603 721 2663 est,
754 2599 917 2653 cunctando
945 2605 1115 2654 extraxerat
1137 2596 1228 2666 diem;
1250 2596 1327 2667 dein,
1349 2605 1491 2671 postquam

437 2717 491 2756 nec
514 2699 625 2756 clamor
648 2700 774 2758 hostium
798 2719 852 2757 nec
879 2686 1005 2776 impetus
1025 2719 1079 2758 nec
1102 2702 1162 2758 tela
1182 2701 1273 2758 missa
1295 2702 1418 2758 eandem
1445 2701 1490 2756 rim

408 2803 546 2861 9habere
567 2805 644 2876 visa,
664 2805 808 2878 praefectis
831 2806 959 2880 equiturn
981 2806 1067 2862 iussis
1096 2807 1231 2862 adlatus
1251 2805 1426 2866 Samnitium
1448 2806 1491 2861 c'r·

439 2910 610 2966 eumducere
632 2908 704 2977 alas,
726 2920 758 2965 ut
779 2910 864 2984 signo
888 2911 958 2967 dato
977 2910 1007 2966 in
1028 2921 1221 2980 transversos,
1239 2920 1353 2984 quanto
1373 2912 1490 2968 maximo

438 3024 567 3087 possent,
599 3014 708 3090 impetu
731 3015 925 3083 incurrerent,
958 3015 1064 3071 sensim
1091 3033 1160 3071 suos
1186 3015 1273 3089 signa
1293 3015 1403 3113 inierpe
1423 3014 1492 3072 iussit

391 3117 425 3170 10
438 3127 467 3174 et
491 3135 674 3176 commovere
701 3121 824 3176 hostem.
874 3122 1035 3192 Postquam
1067 3137 1126 3175 non
1159 3119 1255 3176 resisti
1282 3120 1358 3177 vidit
1377 3131 1409 3178 et
1427 3117 1491 3177 band

439 3223 556 3279 dubiam
592 3221 790 3280 lassitudinem
824 3241 901 3292 esse,
937 3232 997 3278 tum
1031 3223 1159 3280 collectis
1190 3223 1327 3280 omnibus
1359 3224 1491 3282 subsidiis

438 3344 502 3398 qnae
524 3328 561 3384 ad
583 3328 613 3384 id
639 3338 752 3402 tempus
773 3337 986 3396 reservaverat,
1008 3337 1037 3384 et
1058 3327 1188 3402 legiones
1210 3328 1370 3386 concitavit
1397 3337 1427 3385 et
1444 3326 1490 3400 sig·

389 3430 419 3483 ll
437 3449 504 3487 num
534 3433 570 3487 ad
594 3433 775 3490 invadendos
799 3435 898 3516 hostes
920 3432 1064 3506 equitibus
1083 3433 1171 3489 dedit
1223 3433 1288 3490 Nec
1309 3434 1490 3490 sustinuerunt

438 3535 583 3593 Samnites
605 3537 762 3612 impetum,
784 3546 946 3613 praeterque
967 3537 1058 3595 aciem
1086 3537 1181 3611 ipsam
1204 3535 1376 3607 Gallorum,
1399 3536 1491 3595 mlictit

389 3637 424 3694 12
437 3638 465 3694 in
488 3639 672 3698 dimicatione
692 3642 788 3709 sociis,
811 3643 848 3698 ad
871 3650 968 3698 castra
991 3640 1084 3698 effuso
1105 3659 1192 3697 cursu
1213 3638 1399 3710 ferebantnr;
1423 3639 1491 3700 Galli

436 3745 579 3800 testudine
599 3743 680 3801 facta
707 3744 829 3803 conferti
852 3748 977 3806 stabant.
1028 3747 1105 3828 Tnm
1127 3745 1254 3814 Fabius,
1284 3747 1388 3803 audita
1411 3757 1491 3803 morte

436 3849 563 3923 college,
586 3847 804 3924 Campanorum
828 3849 923 3917 alam,
940 3849 1113 3924 quingentos
1134 3849 1196 3907 fere
1217 3851 1340 3924 equites,
1363 3850 1490 3908 excedere

436 3953 498 4010 acie
519 3953 599 4011 iubet
620 3961 649 4008 et
671 3954 879 4012 circumvectos
901 3954 939 4009 ab
961 3963 1044 4028 terge
1066 3954 1211 4012 Gallicam
1236 3955 1376 4012 invadere
1396 3955 1489 4015 aciem:

388 4057 423 4140 ¹³.
436 4058 527 4144 tertiae
556 4057 659 4150 deinde
690 4058 813 4132 legionis
845 4059 982 4133 subsequi
1008 4059 1153 4134 principes
1188 4069 1233 4128 et,
1265 4077 1325 4133 qua
1354 4061 1488 4118 turbatum

436 4181 540 4238 agmen
562 4164 687 4221 hostium
714 4162 847 4218 viderent
871 4165 980 4238 impetu
1009 4164 1156 4238 equitum,
1184 4163 1295 4220 instare
1323 4181 1359 4222 ac
1386 4164 1488 4222 territos

388 4266 421 4318 ll
436 4267 555 4325 caedere.
605 4268 674 4340 Ipse
701 4267 792 4324 adem
825 4266 892 4324 Iovi
921 4266 1035 4347 Victori
1066 4267 1220 4342 spoliaque
1250 4268 1379 4326 hostium
1412 4287 1489 4343 quum
