3392 5084
479 517 518 575 ³8
666 497 670 501 ’
733 510 812 561 Liber
829 510 877 563 vt
914 497 1202 575 (A.u.c.ses-ses.‘)

436 696 589 773 aliquoties
618 694 803 753 incursavere
840 705 870 753 et
899 695 1058 753 Tusculum
1086 714 1256 772 oppugnare
1293 698 1383 754 adorti
1407 709 1469 764 sunt3

405 810 529 877 touque
551 819 614 873 res,
648 800 822 858 Tusculanis
849 802 996 859 veteribus
1026 803 1129 874 sociis,
1150 793 1245 860 'novis
1273 804 1381 862 civibus
1404 822 1470 876 opem

437 908 603 978 orantibus,
636 907 809 965 verecundia
839 907 1045 965 maximenon
1066 920 1164 984 patres
1194 910 1299 979 modo,
1327 909 1376 966 sed
1403 908 1471 963 etiam

407 1015 550 1091 3plebem
573 1012 673 1070 movit.
714 1012 937 1071 Remittentibus
959 1013 1081 1070 tribunis
1101 1013 1194 1090 plebis
1211 1017 1333 1073 comitia
1344 1035 1393 1091 per
1404 1015 1472 1071 inter·

438 1138 535 1195 regem
557 1127 624 1177 sunt
643 1117 757 1187 hubita;
792 1118 940 1193 creatique
965 1118 1072 1175 tribuni
1099 1120 1220 1177 militum
1245 1123 1281 1183 L.
1305 1122 1418 1191 Furius,
1442 1123 1471 1176 A.

261 1248 356 1300 AM,
366 1252 427 1297 334,
438 1225 582 1295 Manlius,
617 1222 681 1285 Ser.
712 1223 870 1299 Sulpicius,
911 1223 974 1283 Ser.
1003 1223 1170 1296 Cornelius,
1206 1228 1248 1283 P..
1272 1237 1304 1284 et
1331 1225 1363 1284 C.
1387 1224 1472 1283 Valerii
1512 1243 1514 1248 ·

256 1314 355 1367 Μὴ·
368 1321 428 1368 ³⁷⁰·
440 1332 666 1407 haudquaquam
697 1340 755 1386 tem
786 1329 967 1387 obedientem
996 1331 1027 1387 in
1060 1330 1164 1388 dilectu
1203 1351 1293 1407 quam
1323 1333 1355 1389 in
1375 1331 1471 1389 comitiis

408 1438 551 1514 4plebem
575 1436 717 1505 hebuere;
749 1435 916 1511 ingentique
936 1436 1119 1493 contentione
1140 1439 1269 1495 exercitu
1290 1440 1406 1514 scripto,
1424 1455 1472 1511 pro-

437 1543 506 1601 fecti
535 1562 593 1599 non
624 1542 661 1599 ab
684 1540 812 1598 Tusculo
840 1542 927 1599 modo
960 1561 1144 1599 summovere
1176 1544 1308 1615 hostem,
1343 1545 1393 1601 sed
1417 1543 1476 1598 intre

406 1657 549 1711 5suamet
568 1649 662 1724 ipsum
684 1646 791 1703 muenia
812 1647 995 1723 compulere,
1024 1648 1290 1723 obsidebanturque
1311 1651 1391 1707 haud
1408 1647 1476 1724 paulo

437 1755 467 1811 vi
490 1754 599 1811 maiore
622 1751 756 1822 Velitrae,
792 1772 879 1828 quam
908 1753 1068 1811 Tusculum
1096 1755 1246 1811 obsessum
1272 1754 1380 1815 fuerat.
1428 1754 1476 1810 Nee

437 1868 534 1917 tamen
557 1859 594 1915 ab
616 1858 667 1930 eis,
692 1878 709 1914 a
731 1858 835 1933 quibus
858 1860 985 1916 obsideri
1006 1869 1106 1934 coeptae
1128 1868 1225 1931 erunt,
1257 1860 1418 1937 expugnari
1436 1878 1477 1933 po·

407 1974 531 2033 6tuere;
564 1973 630 2021 ante
661 1964 731 2021 novi
760 1965 850 2023 creati
877 1977 943 2023 sunt
975 1965 1083 2023 tribuni
1115 1966 1254 2039 militum,
1289 1967 1327 2039 Q.
1351 1964 1478 2030 Servilius,

258 2058 425 2178 {ucff‘ffi
438 2069 473 2131 C.
494 2070 647 2141 Veturius,
678 2072 717 2129 A.
750 2080 779 2127 et
799 2072 839 2129 M.
870 2069 1012 2137 Cornelii,
1045 2070 1083 2144 Q
1110 2071 1279 2144 Quinctius,
1314 2074 1356 2130 M.
1380 2069 1477 2126 Fabios.

293 2165 305 2182 ⁰
353 2164 359 2177 ⁸
419 2165 518 2235 ‘Nihil
548 2195 585 2233 ne
620 2176 657 2233 sb
694 2176 730 2233 iis
768 2176 883 2250 quidem
919 2177 1039 2234 tribunis
1075 2178 1114 2235 ad
1145 2178 1274 2235 Velitras
1311 2172 1479 2237 memorabile

409 2284 555 2341 lsaotum.
602 2284 639 2340 In
661 2282 771 2339 maiore
793 2282 956 2340 discrimine
987 2282 1067 2340 domi
1097 2302 1144 2341 res
1174 2284 1375 2342 vertebantur.
1416 2280 1478 2337 Nem
1512 2330 1514 2333 ,

436 2400 541 2467 praeter
563 2388 693 2447 Sextium
717 2387 918 2463 Liciniumque
937 2388 1045 2445 latores
1067 2388 1179 2463 legum,
1205 2389 1266 2445 iam
1287 2397 1422 2443 octavum
1441 2382 1478 2437 tri·

436 2498 530 2554 bunos
551 2495 642 2571 plebis
664 2494 803 2567 refectos,
833 2494 944 2552 Fabius
967 2512 1082 2569 quoque
1103 2495 1234 2552 tribunus
1256 2492 1395 2562 militum,
1427 2489 1480 2547 Sto

437 2603 511 2659 lonis
533 2620 624 2672 socer,
653 2620 775 2675 quarum
798 2602 894 2676 legum
920 2611 1022 2664 auctor
1041 2601 1145 2670 fueret,
1172 2618 1272 2656 earum
1294 2615 1440 2656 suasorem
1457 2613 1480 2648 se

408 2708 516 2765 Sheud
538 2708 656 2765 dubium
677 2705 806 2779 ferebat,
838 2718 868 2764 et
898 2725 986 2781 quum
1010 2717 1075 2763 octo
1097 2726 1135 2763 ex
1164 2705 1286 2780 collegio
1317 2705 1479 2761 tribunorum

437 2812 515 2889 plebi
542 2812 635 2888 primo
664 2812 868 2871 intercessores
894 2812 991 2887 legum
1012 2811 1148 2879 fuissent,
1181 2812 1310 2886 quinque
1331 2810 1386 2867 soli
1406 2817 1479 2872 erent,
1512 2849 1514 2852 -

438 2928 475 2989 et,
501 2930 532 2974 ut
552 2917 643 2976 ferme
664 2918 767 2989 solent,
798 2919 848 2994 qui
871 2938 890 2975 a
911 2918 971 2975 suis
993 2918 1168 2988 desciscunt,
1190 2918 1268 2993 capti
1290 2928 1320 2973 et
1340 2924 1479 2991 stupentes,
1512 2945 1514 2968 t

438 3025 541 3082 animis
563 3044 581 3081 a
603 3025 812 3097 versationis,
837 3026 868 3082 id
892 3026 993 3094 modo,
1026 3024 1104 3099 quod
1126 3023 1205 3080 domi
1225 3032 1401 3099 praeceptum
1422 3029 1478 3085 eret,

407 3131 633 3190 9intercessioni
664 3148 723 3187 suae
758 3131 991 3207 praetendebant,
1026 3129 1146 3187 Velitris
1180 3131 1209 3185 in
1238 3130 1369 3186 exercitu
1403 3121 1479 3201 plebis
1512 3168 1514 3174 ,

439 3257 574 3314 magnam
595 3247 707 3314 partem
733 3239 849 3307 abesse3
878 3237 908 3294 in
927 3237 1082 3293 adveutum
1103 3236 1224 3293 militum
1247 3234 1366 3292 comitia
1386 3227 1478 3289 differri
1512 3245 1514 3256 ³

439 3347 552 3416 debere,
574 3355 606 3401 ut
626 3344 760 3401 universa
781 3344 880 3419 plebes
902 3342 938 3399 de
959 3342 1018 3398 suis
1033 3341 1192 3399 commodis
1207 3318 1379 3415 suffragium
1397 3337 1477 3394 ferret.

390 3457 425 3509 10
439 3450 555 3509 Sextius
578 3450 765 3525 Liciniusque
786 3459 956 3534 camparte
977 3448 1153 3522 collegarum
1179 3456 1208 3503 et
1235 3466 1293 3503 uno
1316 3465 1354 3502 ex
1374 3439 1478 3500 tribunis

438 3557 559 3618 militum
580 3556 691 3627 Fabio,
723 3554 846 3612 artifices
868 3554 927 3611 iam
953 3563 997 3610 tot
1020 3572 1161 3609 annorum
1193 3570 1247 3608 usu
1268 3551 1409 3610 tractandi
1429 3547 1478 3603 ani·

438 3682 502 3721 mos
514 3664 631 3740 plebis,
663 3662 804 3737 primores
831 3670 947 3737 petrum
975 3660 1131 3735 productos
1153 3659 1358 3733 interrogando
1380 3656 1413 3711 de
1431 3652 1478 3708 siu·

390 3782 422 3836 11
438 3772 530 3847 gulis,
564 3790 627 3846 quae
656 3768 823 3827 ferebantur
853 3768 891 3824 ed
922 3767 1079 3842 populum,
1108 3765 1285 3840 fatigabant:
1322 3762 1477 3821 auderentne

438 3878 657 3953 postulare-ut,
686 3896 773 3951 quum
798 3876 867 3933 bina
888 3874 989 3949 iugera
1010 3874 1073 3948 egri
1093 3873 1172 3947 plebi
1193 3871 1394 3935 dividerentur,
1419 3862 1476 3938 ipsis

438 3984 503 4060 plus
526 3985 683 4060 quingenta
703 3983 804 4058 iugera
825 3982 932 4038 habere
952 3980 1061 4051 liceret,
1093 3989 1125 4037 ut
1145 3979 1251 4053 singuli
1273 3993 1363 4051 prope
1382 3981 1476 4029 trecen·

439 4104 533 4151 torum
557 4094 660 4151 civium
682 4090 864 4165 possiderent
885 4107 981 4164 agros,
1002 4086 1116 4163 plebeio
1138 4086 1248 4143 homini
1271 4085 1323 4141 vix
1336 4082 1372 4138 ad
1384 4088 1474 4135 tectum

390 4202 423 4257 12
437 4200 631 4259 necessarium
653 4208 703 4255 aut
722 4198 818 4255 locum
840 4197 994 4273 sepulturas
1020 4212 1089 4251 suus
1118 4202 1233 4269 pateret
1251 4189 1341 4267 ager?
1373 4206 1407 4244 an
1423 4183 1474 4258 plt-

438 4319 524 4377 oeret,
540 4305 645 4363 denore
662 4307 885 4363 circumventam
900 4306 1023 4381 plebem,
1044 4302 1141 4378 potius
1157 4320 1243 4377 quam
1264 4311 1342 4358 sorte
1355 4295 1472 4355 creditum
