3392 5084
510 511 589 562 Liuor
606 512 667 562 vn.
702 513 748 576 (Α.
761 511 811 568 cu
825 515 897 578 sca.)
1151 518 1189 580 83

200 706 326 774 poterant,
355 696 500 770 equitibus
521 697 657 755 immissis
678 699 796 756 turbare
816 699 910 773 prima
930 699 1015 774 signa
1034 700 1160 759 hostium
1182 719 1231 759 co·

199 814 274 862 natur.
318 802 400 876 Quos
421 803 471 860 nbi
492 804 685 878 nequicquam
712 805 917 863 tumultuantes
947 806 977 862 in
1004 805 1102 881 'spatio
1126 807 1260 880 exiguos

199 911 294 968 volvere
314 918 424 968 turmas
445 909 518 967 vidit
538 929 591 968 nec
613 927 700 985 posse
720 911 834 986 aperire
854 911 884 967 in
904 911 1004 968 hostes
1025 911 1112 981 viam,
1133 931 1232 970 revec-

199 1027 232 1073 uu
261 1016 296 1072 ad
332 1016 540 1092 antesignanos
571 1015 732 1091 legionum,
762 1035 851 1090 quum
884 1017 1046 1074 desiluisset
1078 1036 1115 1074 ex
1147 1035 1232 1090 equo,

199 1121 354 1189 „Nostrum
385 1123 480 1196 inquit
505 1123 651 1210 „peditum
675 1122 760 1193 illud,
787 1122 907 1193 milites,
936 1133 979 1180 est
1007 1141 1089 1198 opus.
1143 1124 1233 1208 Agite
1248 1131 1282 1184 10

198 1226 257 1296 dum,
276 1236 308 1284 nt
327 1245 375 1284 me
400 1228 544 1299 videritis,
573 1245 746 1304 quacunque
765 1226 910 1286 incessero
930 1229 960 1287 in
983 1230 1074 1288 aciem
1096 1231 1232 1302 hostium,

196 1331 255 1389 ferro
276 1334 355 1390 viam
377 1332 541 1406 facientem,
562 1336 604 1392 sic
624 1353 678 1410 pro
700 1353 732 1390 se
755 1333 879 1410 quisque
900 1335 1003 1394 obvios
1024 1335 1154 1404 sternite;
1182 1335 1233 1392 illa

196 1439 281 1507 cunia,
301 1457 364 1512 qua
383 1457 459 1497 nunc
480 1450 582 1497 erectae
603 1440 711 1498 micant
733 1440 839 1508 bastae,
863 1440 1009 1516 patefacta
1030 1450 1128 1514 strage
1148 1449 1234 1498 vaste

196 1545 322 1600 nemetis.“
378 1545 451 1602 Haec
478 1545 556 1604 dicta
584 1546 718 1614 dederet,
748 1564 837 1620 quum
864 1546 975 1620 equites
1002 1545 1126 1603 consulis
1153 1546 1233 1602 iussu
1247 1550 1280 1605 11

196 1649 337 1706 discurrunt
358 1650 389 1706 in
418 1667 527 1706 cornua
547 1649 768 1726 legionibusque
789 1651 819 1708 in
840 1651 965 1709 mediam
987 1651 1078 1740 aciem
1101 1651 1233 1727 aperiunt

195 1755 261 1812 nam.
303 1756 424 1814 Primus
445 1756 573 1812 omnium
598 1756 700 1814 consul
727 1756 841 1814 invadit
868 1757 982 1814 hostem
999 1739 1056 1827 ‘'et,
1086 1775 1151 1814 cum
1174 1776 1232 1832 quo

193 1861 251 1919 forte
279 1861 401 1920 contulit
431 1863 568 1938 gradum,
601 1863 764 1920 obtruncat.
816 1863 885 1920 Hoc
921 1863 1086 1937 spectaculo
1120 1863 1283 1922 aecensi12

194 1967 276 2025 dextra
305 1969 440 2041 laevaque
471 1978 539 2024 ante
570 1985 603 2024 se
627 1968 750 2044 quisque
771 1968 989 2026 memorandum
1010 1969 1142 2043 proelium
1165 1970 1233 2040 oiet;

192 2081 253 2130 stam
279 2073 383 2133 obnixi
410 2072 571 2143 Samnites,
603 2092 769 2148 quanquam
790 2073 876 2149 plura
896 2073 1040 2148 accipiunt
1071 2093 1157 2148 quam
1190 2075 1233 2132 in·

191 2177 268 2236 ferunt
287 2179 420 2238 vulnera.
462 2178 654 2253 Aliquamdiu
674 2180 733 2238 iam
754 2187 914 2256 pugnatum
938 2188 1012 2250 erat;
1035 2189 1120 2236 atrox
1142 2181 1234 2238 caedes
1248 2182 1284 2240 13

192 2286 252 2343 circa
269 2288 356 2362 signa
380 2284 580 2354 Samnitium„
597 2285 670 2361 fuga
699 2288 737 2344 ab
764 2286 914 2344 nulladum
935 2295 1018 2360 parte
1045 2295 1121 2354 erat,
1159 2285 1233 2342 adeo

191 2393 352 2450 mortesela
374 2390 451 2447 viuoi
473 2390 688 2450 destinaverant
708 2392 822 2452 animis.
870 2392 975 2466 ltaque
994 2391 1121 2450 Romani
1144 2410 1233 2466 quum
1249 2397 1285 2451 14

193 2501 310 2556 afluere
332 2499 393 2555 iam
414 2495 583 2553 lassitudine
603 2498 680 2556 vires
706 2498 843 2556 sentirent
870 2507 899 2554 et
925 2497 982 2554 diei
1012 2498 1091 2556 haud
1111 2497 1232 2556 multum

192 2621 342 2679 superesse,
371 2601 486 2659 accensi
508 2602 554 2658 ira
573 2602 720 2660 concitent
740 2621 772 2660 se
791 2604 821 2661 in
842 2607 964 2664 hostem.
1011 2605 1088 2662 Turn
1109 2604 1233 2680 primum
1249 2608 1284 2662 15

192 2710 276 2768 referri
305 2709 411 2786 pedem
440 2716 529 2782 etque
554 2708 687 2766 inclinari
713 2729 774 2766 rern
804 2709 835 2766 in
865 2709 965 2785 fugam
991 2710 1139 2785 apparuit3
1172 2721 1234 2768 tum

193 2819 251 2891 capi,
270 2815 367 2875 occidi
388 2814 512 2884 Samnis,
533 2833 588 2872 nec
608 2813 817 2888 superfuissent
839 2815 930 2885 multi,
951 2815 982 2872 ni
1002 2835 1061 2872 nox
1082 2817 1234 2876 victoriam

192 2924 269 2998 uagis
289 2941 381 2998 quam
403 2921 534 2996 proelium
550 2919 719 2978 diremisset.
766 2920 806 2978 Et
818 2921 945 2980 Romani
965 2921 1140 2995 fatebantur,
1162 2943 1235 3004 npn·
1250 2925 1285 2980 16

193 3045 263 3102 quam
284 3049 354 3088 cum
375 3027 567 3103 pertinaciore
596 3026 680 3082 hoste
701 3025 880 3097 conflictum,
907 3037 935 3084 et
957 3028 1116 3100 Samnites,
1147 3049 1234 3104 quum

192 3146 363 3208 quareretur,
385 3151 517 3208 quaenam
538 3132 634 3208 prima
657 3149 746 3188 censa
770 3140 829 3188 tarn
853 3134 1013 3192 obstinatos
1040 3136 1177 3192 movisset
1205 3137 1236 3193 in

191 3237 285 3315 lugam,
306 3240 411 3299 oculos
430 3238 486 3297 sibi
506 3239 705 3299 Romanorum
728 3239 831 3321 ardere
851 3240 930 3298 visos
952 3241 1076 3310 aiebant,
1097 3261 1234 3300 vesanos·
1250 3242 1284 3297 17

193 3363 237 3420 que
254 3348 352 3405 vultus
374 3354 404 3402 et
423 3344 550 3402 furentia
570 3364 637 3418 ora3
667 3344 735 3401 inde
763 3344 828 3420 plus
856 3365 942 3420 quem
974 3365 1011 3404 ex
1032 3348 1091 3404 alia
1119 3348 1178 3405 ulla
1203 3368 1235 3406 re

192 3457 295 3512 erroris
325 3461 431 3512 ortum.
487 3450 580 3524 Quem
613 3460 753 3509 terrorem
783 3469 841 3508 non
869 3469 972 3526 pugnae
1001 3452 1094 3509 solum
1123 3463 1236 3525 eventu,

192 3561 232 3616 tad
251 3570 396 3617 nocturna
422 3556 601 3633 profectione
627 3555 751 3614 confessi
778 3565 855 3616 sunt.
906 3559 1030 3615 Postero
1063 3555 1109 3615 die
1136 3559 1236 3617 vacuis
1250 3557 1287 3614 18

192 3665 303 3724 bostium
325 3663 429 3722 cestris
449 3665 599 3720 Romanus
619 3663 744 3738 potitur,
770 3681 829 3736 quo
849 3679 882 3720 se
905 3663 998 3720 omnis
1020 3663 1235 3740 Campanorum

192 3773 331 3830 multitudo
352 3768 570 3851 gratulabunda
589 3768 699 3829 effudit.
725 3802 729 3812 ·
936 3825 939 3834 ,

262 3878 399 3937 Ceterum
431 3876 487 3932 boc
516 3875 653 3950 gaudium
687 3893 793 3950 magna
821 3891 913 3951 prope
944 3875 1026 3934 clade
1056 3879 1086 3936 in
1116 3878 1236 3940 Samnio
1285 3867 1330 3938 34

192 3979 320 4042 fedatum
350 3993 404 4043 est.
457 3982 538 4039 Nam
568 3982 605 4038 ab
627 3979 757 4039 Saticula
786 3981 933 4056 profectus
955 3981 1105 4042 Cornelius
1137 3986 1238 4044 consul
1306 3967 1311 3980 ¹

193 4091 336 4148 exercitum
357 4089 473 4148 incaute
493 4089 523 4144 in
551 4087 656 4144 saltum
689 4104 763 4144 cava
789 4086 866 4144 valle
888 4087 1018 4162 pervium
1040 4089 1174 4165 circaque
1194 4090 1236 4149 in·

193 4211 291 4254 sessum
314 4198 353 4256 ab
373 4199 458 4254 hosts
473 4195 587 4254 induxit
608 4211 662 4250 nec
681 4192 770 4268 prius,
792 4211 878 4266 quarn
898 4195 987 4270 recipi
1005 4202 1066 4250 tuto
1081 4194 1164 4269 signa
1178 4191 1266 4251 non2

193 4313 325 4376 poteram,
356 4301 553 4362 imminentem
587 4298 675 4374 capiti
694 4299 808 4356 hostem
842 4297 925 4360 vidit.
978 4297 1059 4356 Dum
1090 4299 1121 4355 id
1148 4300 1266 4357 morab

535 4408 537 4410 ,
1009 4399 1040 4450 ὃ,
1243 4402 1245 4404 ,
