3392 5084
472 523 529 580 116
722 520 800 571 Liber
816 519 853 575 11.
882 517 1170 582 (mactet—28³.)
1218 533 1223 559 t

424 705 533 766 iubent.
582 700 755 775 „Provoco“
784 704 879 781 inquit
909 704 966 775 „ad
994 704 1152 780 populum*
1181 703 1302 772 Volero,
1328 705 1470 780 „qnoniam

424 811 533 869 tribuni
554 811 646 870 civem
664 809 829 870 Romanum
857 812 887 868 iu
908 819 1063 888 conspectu
1091 827 1145 868 sno
1171 810 1261 886 virgis
1283 811 1355 868 cadi
1375 812 1471 868 malunt

426 935 514 992 qnam
542 916 598 993 ipsl
629 917 659 975 in
691 916 767 974 lecto
798 932 853 975 suo
886 936 905 974 e
932 916 1016 975 vobis
1044 915 1211 977 trucidari.“
1262 915 1329 989 Quo
1359 915 1472 976 ferocius

395 1021 601 1093 helamitabat,
623 1042 658 1082 eo
678 1021 811 1080 infestius
825 1021 1064 1084 circumscindere
1085 1029 1113 1079 et
1126 1021 1253 1097 spolicre
1270 1021 1363 1080 lictor.
1405 1025 1472 1081 Tun

425 1129 551 1199 Volero,
580 1139 609 1188 et
628 1129 790 1207 praevalens
811 1129 874 1205 ipse
895 1137 924 1186 et
945 1127 1148 1186 adinventibus
1171 1128 1336 1199 advocetis,
1366 1129 1473 1205 repulso

424 1235 534 1307 lictore,
556 1237 606 1295 nbi
626 1235 834 1312 indignantium
857 1253 911 1311 pro
933 1251 964 1291 se
986 1234 1142 1292 acerrimus
1165 1242 1229 1292 eret
1251 1235 1371 1306 clamor,
1393 1253 1426 1293 eo
1447 1253 1473 1291 se
1522 1276 1523 1309 3

394 1340 454 1398 lin
473 1343 589 1400 turham
605 1342 846 1401 confertissimam
861 1340 971 1418 recipit,
994 1340 1158 1398 clamitans:
1182 1342 1337 1411 ,Provoco
1350 1350 1379 1398 et
1397 1342 1471 1400 tidem
1522 1385 1523 1415 3

423 1449 516 1525 plebis
537 1449 670 1529 imploro.
713 1447 834 1518 Adeste,
856 1445 948 1516 cires;
971 1441 1079 1515 adeste,
1101 1447 1324 1518 commilitonem
1347 1447 1416 1504 nihil
1429 1459 1475 1514 eat,

424 1556 503 1630 quod
531 1553 702 1632 exspectetis
734 1553 879 1623 tribunos,
912 1553 1016 1627 quibus
1044 1553 1115 1630 ipsis
1146 1563 1244 1610 vestro
1273 1533 1382 1610 anxilio
1410 1569 1473 1628 opus
1522 1595 1523 1629 3

394 1666 497 1724 8cst.“
545 1661 690 1720 concitati
723 1660 855 1717 homines
889 1659 978 1716 veluti
1010 1659 1048 1716 ad
1080 1660 1221 1735 proelium
1253 1679 1286 1718 se
1317 1659 1472 1735 expediunt,
1521 1703 1523 1734 ,

423 1769 657 1845 apparebatque,
679 1785 764 1823 omne
785 1764 937 1822 discrimen
960 1765 1074 1836 edessa
1102 1765 1173 1823 nihil
1194 1765 1329 1840 cuiquam
1351 1775 1471 1822 sanctuni
1522 1809 1523 1842 ,

391 1875 481 1931 bnon
508 1873 615 1949 publici
641 1871 719 1942 fore,
750 1889 809 1929 non
833 1871 940 1948 privati
969 1870 1048 1928 iuris.
1097 1871 1175 1930 Huic
1200 1881 1289 1931 tantae
1318 1871 1474 1946 tempestati

422 1996 510 2052 quum
543 1997 575 2035 se
610 1974 742 2051 consules
778 1977 962 2047 obtulissent,
995 1976 1080 2035 facilc
1118 1978 1230 2054 experti
1263 1985 1345 2047 sunt,
1378 1995 1472 2052 pamm

312 2127 317 2136 ,
422 2089 515 2142 tutent
536 2085 716 2143 maiestatem
744 2084 806 2141 sine
829 2083 938 2142 viribus
966 2091 1037 2140 esse.
1092 2083 1218 2141 Violatis
1247 2082 1411 2153 lictoribus,
1436 2083 1472 2140 f·
1522 2131 1523 2166 ,

421 2190 517 2248 acibus
537 2190 648 2259 fractis,
666 2211 683 2248 e
703 2189 769 2249 foro
791 2191 822 2247 in
835 2189 945 2249 curiam
968 2189 1187 2265 compelluntur,
1207 2189 1318 2260 incerti,
1340 2197 1474 2264 qnatenus
1522 2239 1523 2271 ἶ

373 2291 409 2346 10
422 2295 532 2353 Volero
567 2306 716 2355 exerceret
746 2296 910 2354 victoriam.
964 2293 1176 2354 Contioiscente
1210 2295 1313 2353 deinde
1348 2294 1472 2368 mmultn,
1520 2353 1521 2356 ,

423 2419 511 2477 qnnm
527 2397 585 2479 [in]
597 2413 733 2460 sonetum
744 2402 845 2462 vocari
856 2401 1014 2471 iussissent,
1030 2410 1188 2476 queruntur
1198 2399 1319 2458 iniurias
1329 2419 1409 2469 snas,
1422 2401 1473 2458 vim
1521 2433 1523 2484 ,

421 2508 530 2584 plebis,
552 2508 708 2566 Voleronis
729 2509 891 2566 andaciam.
933 2507 1032 2566 Multis
1055 2505 1191 2564 ferociter
1219 2507 1303 2564 dictis
1324 2506 1474 2589 sententiis,
1522 2557 1523 2590 ἕ

421 2614 517 2685 vicere
537 2614 675 2684 seniores,
696 2614 800 2688 quibus
821 2615 866 2672 ira
887 2623 1001 2689 petrum
1017 2614 1157 2670 adversus
1178 2613 1368 2670 temeritatem
1390 2612 1475 2688 plebis
1522 2663 1523 2697 ,

422 2719 527 2777 certari
546 2735 606 2777 non
626 2718 757 2795 placuit

327 2823 373 2892 56
503 2824 681 2882 Voleronem
712 2824 848 2899 emplexa
868 2823 970 2882 lavore
998 2825 1080 2900 plebs
1108 2823 1250 2900 proximis
1279 2825 1403 2882 comitiis
1431 2824 1474 2882 tri·

246 2907 531 3031 Υέἰῖξξὼυηωη
552 2929 630 3006 plebi
650 2941 730 2988 creat
751 2929 781 2986 in
803 2949 868 2986 enni
891 2949 1007 3001 annum,
1029 2931 1079 3005 qui
1100 2931 1135 2990 L.
1155 2929 1316 3002 Pinariam,
1337 2931 1374 2990 P.
1396 2930 1474 2989 Furi-

207 3024 209 3033 ’
274 3013 281 3028 ’
392 3055 409 3110 2
422 3054 471 3092 nm
491 3035 624 3094 consules
645 3037 756 3098 hebuit.
801 3034 970 3111 Contraque
991 3036 1117 3094 omnium
1140 3036 1320 3112 opinionem,
1345 3038 1396 3112 qni
1415 3053 1473 3094 enin

422 3143 563 3213 texendis
604 3141 709 3219 prioris
752 3143 821 3198 anni
859 3142 1022 3200 consulibus
1059 3142 1265 3218 permissurum
1303 3142 1473 3202 tribtmatnm

422 3248 589 3317 credebant,
617 3257 684 3324 post
706 3248 860 3324 publicem
889 3264 1007 3304 causam
1039 3248 1154 3323 privato
1179 3249 1280 3306 dolore
1301 3249 1417 3320 habito,
1442 3265 1474 3304 ne

420 3355 511 3412 verbo
527 3356 642 3430 quidem
657 3355 773 3413 violatis
788 3353 962 3423 consulibus,
983 3354 1164 3429 rogationem
1185 3353 1251 3412 tulit
1271 3355 1310 3411 ad
1331 3355 1476 3431 populum,

390 3460 454 3520 dat
470 3461 579 3536 plebeii
607 3463 793 3538 magistratus
820 3459 934 3519 tributis
963 3458 1085 3516 comitiis
1113 3461 1221 3518 fierent.
1269 3459 1361 3518 Hand
1388 3477 1475 3536 parve

420 3583 468 3622 res
488 3567 543 3624 sub
566 3567 649 3624 titnlo
670 3569 766 3645 prima
786 3565 881 3645 specie
903 3565 1019 3622 minime
1041 3566 1133 3624 atroci
1153 3565 1310 3636 ferebatur,
1340 3567 1392 3624 sed
1415 3583 1474 3641 que

423 3670 551 3746 patriciis
583 3691 696 3732 omnem
729 3683 903 3750 potestatem
935 3689 988 3748 per
1017 3671 1158 3730 clientium
1181 3669 1323 3748 suffragia
1354 3670 1474 3738 creandi,

392 3785 497 3852 equos
518 3778 633 3849 vellent,
654 3779 785 3837 tribunos
803 3777 939 3839 auferret.
987 3778 1064 3835 Huic
1086 3778 1193 3840 actioni
1210 3778 1382 3854 gratissimae
1401 3776 1474 3854 plebi

422 3900 510 3958 qnam
541 3902 656 3943 summa
684 3885 714 3942 vi
746 3885 912 3942 resisterent
939 3893 1051 3960 patres,
1081 3901 1148 3952 nee,
1181 3901 1245 3960 quse
1277 3901 1337 3942 una
1362 3885 1411 3942 vie
1439 3882 1473 3940 ad

411 3989 610 4061 resistendum
632 4001 704 4061 erat,
726 4001 758 4049 ut
771 3991 961 4048 intercederet
976 3989 1079 4064 aliquis
1095 4007 1132 4048 ex
1153 3990 1285 4066 collegio,
1302 3989 1474 4048 auctoritate

423 4105 475 4153 eut
502 4097 652 4155 consulum
682 4107 733 4155 ant
753 4097 914 4174 principum
947 4095 1052 4154 adduci
1079 4103 1192 4172 posset,
1222 4113 1269 4152 res
1298 4100 1393 4154 tamen
1423 4112 1473 4151 sno

385 4209 410 4263 '5
421 4200 487 4277 ipsa
501 4202 648 4259 molimine
668 4201 766 4276 gravis
781 4202 984 4260 certaminibus
1003 4202 1040 4260 in'
1055 4219 1162 4260 annum
1183 4202 1354 4260 extrahitur.
1389 4200 1473 4259 Plebs

422 4306 599 4364 Voleronem
624 4307 769 4364 tribunum
798 4307 903 4377 reficit3
931 4317 1044 4384 patres,
1073 4309 1111 4366 ad
1133 4308 1263 4366 ultimum
1288 4305 1474 4367 dimicationis
