<?xml version="1.0" encoding="UTF-8"?>
<!DOCTYPE html PUBLIC "-//W3C//DTD XHTML 1.0 Transitional//EN"
    "http://www.w3.org/TR/xhtml1/DTD/xhtml1-transitional.dtd">
<html xmlns="http://www.w3.org/1999/xhtml" xml:lang="en" lang="en">
 <head>
  <title>
</title>
<meta http-equiv="Content-Type" content="text/html;charset=utf-8" />
  <meta name='ocr-system' content='tesseract 3.04.00' />
  <meta name='ocr-capabilities' content='ocr_page ocr_carea ocr_par ocr_line ocrx_word'/>
</head>
<body>
  <div class='ocr_page' id='page_1' title='image "./titiliviihistor03ussigoog_0479.png"; bbox 0 0 3392 5084; ppageno 0'>
   <div class='ocr_carea' id='block_1_1' title="bbox 498 481 1270 590">
    <p class='ocr_par' dir='ltr' id='par_1_1' title="bbox 498 481 1270 590">
     <span class='ocr_line' id='line_1_1' title="bbox 498 481 1270 590; baseline 0.021 -17"><span class='ocrx_word' id='word_1_1' title='bbox 498 524 576 574; x_wconf 74' lang='lat' dir='ltr'><strong>Liber</strong></span> <span class='ocrx_word' id='word_1_2' title='bbox 593 524 667 574; x_wconf 82' lang='lat' dir='ltr'><strong>vm</strong></span> <span class='ocrx_word' id='word_1_3' title='bbox 692 494 745 590; x_wconf 62' lang='grc' dir='ltr'>’(Δ.</span> <span class='ocrx_word' id='word_1_4' title='bbox 758 523 973 588; x_wconf 68' lang='lat' dir='ltr'><strong>cnseo-sse.)</strong></span> <span class='ocrx_word' id='word_1_5' title='bbox 1148 524 1223 588; x_wconf 76' lang='lat'><strong>&#39;109</strong></span> <span class='ocrx_word' id='word_1_6' title='bbox 1267 481 1270 500; x_wconf 76' lang='lat'><strong>.</strong></span> 
     </span>
    </p>
   </div>
   <div class='ocr_carea' id='block_1_2' title="bbox 188 708 1424 4379">
    <p class='ocr_par' dir='ltr' id='par_1_2' title="bbox 192 708 1358 1734">
     <span class='ocr_line' id='line_1_2' title="bbox 197 708 1263 786; baseline 0.003 -19"><span class='ocrx_word' id='word_1_7' title='bbox 197 727 263 767; x_wconf 88' lang='lat' dir='ltr'><strong>cum</strong></span> <span class='ocrx_word' id='word_1_8' title='bbox 287 708 490 767; x_wconf 80' lang='lat' dir='ltr'>Laurentibus</span> <span class='ocrx_word' id='word_1_9' title='bbox 510 710 645 768; x_wconf 85' lang='lat' dir='ltr'><strong>renovari</strong></span> <span class='ocrx_word' id='word_1_10' title='bbox 671 708 764 767; x_wconf 81' lang='lat' dir='ltr'><strong>loedus</strong></span> <span class='ocrx_word' id='word_1_11' title='bbox 792 709 916 780; x_wconf 89' lang='lat' dir='ltr'><strong>iussum,</strong></span> <span class='ocrx_word' id='word_1_12' title='bbox 937 720 1150 786; x_wconf 86' lang='lat' dir='ltr'><strong>renovaturque</strong></span> <span class='ocrx_word' id='word_1_13' title='bbox 1172 731 1207 770; x_wconf 89' lang='lat' dir='ltr'><strong>ex</strong></span> <span class='ocrx_word' id='word_1_14' title='bbox 1230 733 1263 770; x_wconf 88' lang='lat' dir='ltr'><strong>eo</strong></span> 
     </span>
     <span class='ocr_line' id='line_1_3' title="bbox 197 813 1315 898; baseline 0.005 -29"><span class='ocrx_word' id='word_1_15' title='bbox 197 813 361 888; x_wconf 84' lang='lat' dir='ltr'><strong>quotannis</strong></span> <span class='ocrx_word' id='word_1_16' title='bbox 388 825 457 889; x_wconf 90' lang='lat' dir='ltr'><strong>post</strong></span> <span class='ocrx_word' id='word_1_17' title='bbox 492 816 567 873; x_wconf 90' lang='lat' dir='ltr'><strong>diem</strong></span> <span class='ocrx_word' id='word_1_18' title='bbox 601 816 741 873; x_wconf 84' lang='lat' dir='ltr'><strong>decimum</strong></span> <span class='ocrx_word' id='word_1_19' title='bbox 770 816 949 874; x_wconf 88' lang='lat' dir='ltr'><strong>Latinarum.</strong></span> <span class='ocrx_word' id='word_1_20' title='bbox 999 817 1153 898; x_wconf 79' lang='lat' dir='ltr'><strong>Equitibus</strong></span> <span class='ocrx_word' id='word_1_21' title='bbox 1178 816 1315 884; x_wconf 77' lang='lat' dir='ltr'><strong>Cani-16</strong></span> 
     </span>
     <span class='ocr_line' id='line_1_4' title="bbox 195 919 1262 997; baseline 0.007 -23"><span class='ocrx_word' id='word_1_22' title='bbox 195 919 283 993; x_wconf 90' lang='lat' dir='ltr'><strong>panis</strong></span> <span class='ocrx_word' id='word_1_23' title='bbox 306 919 415 976; x_wconf 88' lang='lat' dir='ltr'><strong>civitas</strong></span> <span class='ocrx_word' id='word_1_24' title='bbox 437 922 572 978; x_wconf 85' lang='lat' dir='ltr'><strong>Romana</strong></span> <span class='ocrx_word' id='word_1_25' title='bbox 593 923 677 991; x_wconf 86' lang='lat' dir='ltr'><strong>data,</strong></span> <span class='ocrx_word' id='word_1_26' title='bbox 699 930 941 997; x_wconf 86' lang='lat' dir='ltr'><strong>monumentoque</strong></span> <span class='ocrx_word' id='word_1_27' title='bbox 962 931 994 979; x_wconf 90' lang='lat' dir='ltr'><strong>ut</strong></span> <span class='ocrx_word' id='word_1_28' title='bbox 1020 930 1110 992; x_wconf 86' lang='lat' dir='ltr'><strong>esset,</strong></span> <span class='ocrx_word' id='word_1_29' title='bbox 1142 931 1262 981; x_wconf 85' lang='lat' dir='ltr'><strong>aeneam</strong></span> 
     </span>
     <span class='ocr_line' id='line_1_5' title="bbox 194 1023 1334 1104; baseline 0.007 -25"><span class='ocrx_word' id='word_1_30' title='bbox 194 1023 332 1080; x_wconf 83' lang='lat' dir='ltr'><strong>tabulam</strong></span> <span class='ocrx_word' id='word_1_31' title='bbox 350 1025 381 1081; x_wconf 92' lang='lat' dir='ltr'><strong>in</strong></span> <span class='ocrx_word' id='word_1_32' title='bbox 404 1025 466 1081; x_wconf 88' lang='lat' dir='ltr'><strong>sede</strong></span> <span class='ocrx_word' id='word_1_33' title='bbox 488 1024 618 1083; x_wconf 85' lang='lat' dir='ltr'><strong>Castoris</strong></span> <span class='ocrx_word' id='word_1_34' title='bbox 632 1029 733 1085; x_wconf 82' lang='lat' dir='ltr'><strong>Romae</strong></span> <span class='ocrx_word' id='word_1_35' title='bbox 752 1028 886 1089; x_wconf 85' lang='lat' dir='ltr'><strong>fixerunt.</strong></span> <span class='ocrx_word' id='word_1_36' title='bbox 930 1028 1064 1103; x_wconf 83' lang='lat' dir='ltr'><strong>Vectigal</strong></span> <span class='ocrx_word' id='word_1_37' title='bbox 1086 1047 1201 1104; x_wconf 87' lang='lat' dir='ltr'><strong>queque</strong></span> <span class='ocrx_word' id='word_1_38' title='bbox 1223 1030 1263 1086; x_wconf 89' lang='lat' dir='ltr'><strong>eis</strong></span> <span class='ocrx_word' id='word_1_39' title='bbox 1330 1027 1334 1034; x_wconf 77' lang='lat'>&#39;</span> 
     </span>
     <span class='ocr_line' id='line_1_6' title="bbox 195 1129 1264 1208; baseline 0.006 -22"><span class='ocrx_word' id='word_1_40' title='bbox 195 1129 375 1206; x_wconf 88' lang='lat' dir='ltr'><strong>Campanus</strong></span> <span class='ocrx_word' id='word_1_41' title='bbox 397 1131 522 1206; x_wconf 87' lang='lat' dir='ltr'><strong>populus</strong></span> <span class='ocrx_word' id='word_1_42' title='bbox 541 1131 636 1189; x_wconf 89' lang='lat' dir='ltr'><strong>iussus</strong></span> <span class='ocrx_word' id='word_1_43' title='bbox 657 1132 780 1208; x_wconf 87' lang='lat' dir='ltr'><strong>pendere</strong></span> <span class='ocrx_word' id='word_1_44' title='bbox 794 1133 824 1188; x_wconf 94' lang='lat' dir='ltr'><strong>in</strong></span> <span class='ocrx_word' id='word_1_45' title='bbox 845 1132 973 1208; x_wconf 85' lang='lat' dir='ltr'><strong>singulos</strong></span> <span class='ocrx_word' id='word_1_46' title='bbox 997 1135 1149 1208; x_wconf 75' lang='lat' dir='ltr'>quotannis</span> <span class='ocrx_word' id='word_1_47' title='bbox 1172 1135 1264 1207; x_wconf 87' lang='lat' dir='ltr'><strong>(fuere</strong></span> 
     </span>
     <span class='ocr_line' id='line_1_7' title="bbox 195 1219 1263 1315; baseline 0.004 -23"><span class='ocrx_word' id='word_1_48' title='bbox 195 1245 298 1292; x_wconf 88' lang='lat' dir='ltr'><strong>autem</strong></span> <span class='ocrx_word' id='word_1_49' title='bbox 321 1234 404 1292; x_wconf 91' lang='lat' dir='ltr'><strong>mille</strong></span> <span class='ocrx_word' id='word_1_50' title='bbox 426 1245 455 1293; x_wconf 91' lang='lat' dir='ltr'><strong>et</strong></span> <span class='ocrx_word' id='word_1_51' title='bbox 474 1237 615 1313; x_wconf 80' lang='lat' dir='ltr'>sexcenti)</span> <span class='ocrx_word' id='word_1_52' title='bbox 637 1219 770 1294; x_wconf 88' lang='lat' dir='ltr'><strong>denarios</strong></span> <span class='ocrx_word' id='word_1_53' title='bbox 791 1257 923 1297; x_wconf 85' lang='lat' dir='ltr'><strong>nummos</strong></span> <span class='ocrx_word' id='word_1_54' title='bbox 947 1239 1158 1314; x_wconf 84' lang='lat' dir='ltr'><strong>quadringenos</strong></span> <span class='ocrx_word' id='word_1_55' title='bbox 1181 1240 1263 1315; x_wconf 90' lang='lat' dir='ltr'><strong>qnin-</strong></span> 
     </span>
     <span class='ocr_line' id='line_1_8' title="bbox 194 1343 1358 1420; baseline 0.005 -22"><span class='ocrx_word' id='word_1_56' title='bbox 194 1360 365 1416; x_wconf 86' lang='lat' dir='ltr'><strong>quagenos.</strong></span> <span class='ocrx_word' id='word_1_57' title='bbox 409 1343 458 1399; x_wconf 88' lang='lat' dir='ltr'><strong>lta</strong></span> <span class='ocrx_word' id='word_1_58' title='bbox 483 1343 560 1400; x_wconf 93' lang='lat' dir='ltr'><strong>bello</strong></span> <span class='ocrx_word' id='word_1_59' title='bbox 588 1351 687 1418; x_wconf 85' lang='lat' dir='ltr'><strong>gesto,</strong></span> <span class='ocrx_word' id='word_1_60' title='bbox 716 1343 841 1418; x_wconf 82' lang='lat' dir='ltr'><strong>praemiis</strong></span> <span class='ocrx_word' id='word_1_61' title='bbox 872 1363 1015 1420; x_wconf 84' lang='lat' dir='ltr'><strong>poeneque</strong></span> <span class='ocrx_word' id='word_1_62' title='bbox 1042 1363 1095 1420; x_wconf 88' lang='lat' dir='ltr'><strong>pro</strong></span> <span class='ocrx_word' id='word_1_63' title='bbox 1128 1346 1265 1420; x_wconf 88' lang='lat' dir='ltr'><strong>cuiusque</strong></span> <span class='ocrx_word' id='word_1_64' title='bbox 1319 1349 1358 1417; x_wconf 73' lang='lat'><strong>12</strong></span> 
     </span>
     <span class='ocr_line' id='line_1_9' title="bbox 194 1448 1263 1523; baseline 0.004 -19"><span class='ocrx_word' id='word_1_65' title='bbox 194 1448 306 1504; x_wconf 87' lang='lat' dir='ltr'><strong>merito</strong></span> <span class='ocrx_word' id='word_1_66' title='bbox 330 1448 498 1523; x_wconf 80' lang='lat' dir='ltr'><strong>persolutis,</strong></span> <span class='ocrx_word' id='word_1_67' title='bbox 520 1450 559 1514; x_wconf 83' lang='lat' dir='ltr'><strong>T.</strong></span> <span class='ocrx_word' id='word_1_68' title='bbox 580 1449 707 1506; x_wconf 87' lang='lat' dir='ltr'><strong>Manlius</strong></span> <span class='ocrx_word' id='word_1_69' title='bbox 728 1450 852 1509; x_wconf 80' lang='lat' dir='ltr'><strong>Romam</strong></span> <span class='ocrx_word' id='word_1_70' title='bbox 875 1449 974 1519; x_wconf 79' lang='lat' dir='ltr'><strong>rediit3</strong></span> <span class='ocrx_word' id='word_1_71' title='bbox 1005 1450 1051 1507; x_wconf 89' lang='lat' dir='ltr'><strong>cni</strong></span> <span class='ocrx_word' id='word_1_72' title='bbox 1072 1450 1197 1508; x_wconf 88' lang='lat' dir='ltr'><strong>venienti</strong></span> <span class='ocrx_word' id='word_1_73' title='bbox 1218 1469 1263 1508; x_wconf 88' lang='lat' dir='ltr'><strong>se·</strong></span> 
     </span>
     <span class='ocr_line' id='line_1_10' title="bbox 192 1554 1264 1626; baseline 0.004 -17"><span class='ocrx_word' id='word_1_74' title='bbox 192 1555 299 1610; x_wconf 87' lang='lat' dir='ltr'><strong>niores</strong></span> <span class='ocrx_word' id='word_1_75' title='bbox 320 1563 438 1610; x_wconf 88' lang='lat' dir='ltr'><strong>tantum</strong></span> <span class='ocrx_word' id='word_1_76' title='bbox 468 1555 584 1611; x_wconf 89' lang='lat' dir='ltr'><strong>obviam</strong></span> <span class='ocrx_word' id='word_1_77' title='bbox 614 1555 708 1612; x_wconf 84' lang='lat' dir='ltr'><strong>exisse</strong></span> <span class='ocrx_word' id='word_1_78' title='bbox 740 1562 867 1626; x_wconf 88' lang='lat' dir='ltr'><strong>constat,</strong></span> <span class='ocrx_word' id='word_1_79' title='bbox 897 1554 1071 1613; x_wconf 85' lang='lat' dir='ltr'><strong>iuventutem</strong></span> <span class='ocrx_word' id='word_1_80' title='bbox 1100 1565 1128 1622; x_wconf 83' lang='lat' dir='ltr'><strong>et</strong></span> <span class='ocrx_word' id='word_1_81' title='bbox 1147 1565 1215 1613; x_wconf 85' lang='lat' dir='ltr'><strong>tnnc</strong></span> <span class='ocrx_word' id='word_1_82' title='bbox 1236 1566 1264 1613; x_wconf 89' lang='lat' dir='ltr'><strong>et</strong></span> 
     </span>
     <span class='ocr_line' id='line_1_11' title="bbox 194 1646 1032 1734; baseline 0.002 -18"><span class='ocrx_word' id='word_1_83' title='bbox 194 1659 277 1716; x_wconf 88' lang='lat' dir='ltr'><strong>omni</strong></span> <span class='ocrx_word' id='word_1_84' title='bbox 298 1658 492 1716; x_wconf 76' lang='lat' dir='ltr'><strong>vita’deinde</strong></span> <span class='ocrx_word' id='word_1_85' title='bbox 513 1646 678 1718; x_wconf 80' lang='lat' dir='ltr'><strong>aversatam</strong></span> <span class='ocrx_word' id='word_1_86' title='bbox 699 1679 764 1716; x_wconf 89' lang='lat' dir='ltr'><strong>eum</strong></span> <span class='ocrx_word' id='word_1_87' title='bbox 787 1667 1032 1734; x_wconf 84' lang='lat' dir='ltr'><strong>exsecratemque.</strong></span> 
     </span>
    </p>

    <p class='ocr_par' dir='ltr' id='par_1_3' title="bbox 190 1741 1292 2458">
     <span class='ocr_line' id='line_1_12' title="bbox 269 1741 1292 1840; baseline 0.003 -18"><span class='ocrx_word' id='word_1_88' title='bbox 269 1741 426 1822; x_wconf 54' lang='lat' dir='ltr'><strong>¹Antiates</strong></span> <span class='ocrx_word' id='word_1_89' title='bbox 447 1765 478 1821; x_wconf 91' lang='lat' dir='ltr'><strong>in</strong></span> <span class='ocrx_word' id='word_1_90' title='bbox 499 1783 601 1840; x_wconf 82' lang='lat' dir='ltr'><strong>agrum</strong></span> <span class='ocrx_word' id='word_1_91' title='bbox 616 1764 787 1835; x_wconf 83' lang='lat' dir='ltr'><strong>Ostiensem,</strong></span> <span class='ocrx_word' id='word_1_92' title='bbox 809 1767 977 1838; x_wconf 79' lang='lat' dir='ltr'><strong>Ardeatem,</strong></span> <span class='ocrx_word' id='word_1_93' title='bbox 1000 1767 1148 1825; x_wconf 89' lang='lat' dir='ltr'><strong>Solonium</strong></span> <span class='ocrx_word' id='word_1_94' title='bbox 1169 1768 1292 1825; x_wconf 84' lang='lat' dir='ltr'><strong>incur-2</strong></span> 
     </span>
     <span class='ocr_line' id='line_1_13' title="bbox 192 1859 1262 1947; baseline 0.003 -18"><span class='ocrx_word' id='word_1_95' title='bbox 192 1872 297 1929; x_wconf 90' lang='lat' dir='ltr'><strong>siones</strong></span> <span class='ocrx_word' id='word_1_96' title='bbox 321 1859 467 1930; x_wconf 71' lang='lat' dir='ltr'><strong>fecerunt.</strong></span> <span class='ocrx_word' id='word_1_97' title='bbox 520 1871 647 1928; x_wconf 83' lang='lat' dir='ltr'><strong>Manlius</strong></span> <span class='ocrx_word' id='word_1_98' title='bbox 675 1871 775 1927; x_wconf 87' lang='lat' dir='ltr'><strong>consul</strong></span> <span class='ocrx_word' id='word_1_99' title='bbox 802 1872 871 1946; x_wconf 90' lang='lat' dir='ltr'><strong>quia</strong></span> <span class='ocrx_word' id='word_1_100' title='bbox 898 1871 960 1946; x_wconf 88' lang='lat' dir='ltr'><strong>ipse</strong></span> <span class='ocrx_word' id='word_1_101' title='bbox 988 1891 1040 1947; x_wconf 90' lang='lat' dir='ltr'><strong>per</strong></span> <span class='ocrx_word' id='word_1_102' title='bbox 1070 1874 1262 1936; x_wconf 85' lang='lat' dir='ltr'><strong>valetudinem</strong></span> 
     </span>
     <span class='ocr_line' id='line_1_14' title="bbox 192 1975 1264 2052; baseline 0.002 -18"><span class='ocrx_word' id='word_1_103' title='bbox 192 1979 221 2034; x_wconf 93' lang='lat' dir='ltr'><strong>id</strong></span> <span class='ocrx_word' id='word_1_104' title='bbox 245 1977 365 2034; x_wconf 86' lang='lat' dir='ltr'><strong>bellum</strong></span> <span class='ocrx_word' id='word_1_105' title='bbox 389 1975 509 2051; x_wconf 85' lang='lat' dir='ltr'><strong>exsequi</strong></span> <span class='ocrx_word' id='word_1_106' title='bbox 531 1976 690 2050; x_wconf 85' lang='lat' dir='ltr'><strong>nequieret,</strong></span> <span class='ocrx_word' id='word_1_107' title='bbox 712 1977 880 2034; x_wconf 84' lang='lat' dir='ltr'><strong>dictatorem</strong></span> <span class='ocrx_word' id='word_1_108' title='bbox 896 1977 931 2036; x_wconf 91' lang='lat' dir='ltr'><strong>L.</strong></span> <span class='ocrx_word' id='word_1_109' title='bbox 945 1977 1094 2052; x_wconf 82' lang='lat' dir='ltr'><strong>Papirium</strong></span> <span class='ocrx_word' id='word_1_110' title='bbox 1117 1978 1264 2050; x_wconf 80' lang='lat' dir='ltr'><strong>Crassum,</strong></span> 
     </span>
     <span class='ocr_line' id='line_1_15' title="bbox 193 2081 1262 2159; baseline 0.004 -20"><span class='ocrx_word' id='word_1_111' title='bbox 193 2085 243 2157; x_wconf 91' lang='lat' dir='ltr'><strong>qui</strong></span> <span class='ocrx_word' id='word_1_112' title='bbox 269 2092 340 2139; x_wconf 90' lang='lat' dir='ltr'><strong>tum</strong></span> <span class='ocrx_word' id='word_1_113' title='bbox 362 2081 439 2140; x_wconf 84' lang='lat' dir='ltr'><strong>forte</strong></span> <span class='ocrx_word' id='word_1_114' title='bbox 461 2091 524 2140; x_wconf 88' lang='lat' dir='ltr'><strong>erat</strong></span> <span class='ocrx_word' id='word_1_115' title='bbox 545 2092 661 2157; x_wconf 86' lang='lat' dir='ltr'><strong>praetor,</strong></span> <span class='ocrx_word' id='word_1_116' title='bbox 681 2082 768 2152; x_wconf 79' lang='lat' dir='ltr'><strong>dixit3</strong></span> <span class='ocrx_word' id='word_1_117' title='bbox 796 2083 833 2139; x_wconf 90' lang='lat' dir='ltr'><strong>eb</strong></span> <span class='ocrx_word' id='word_1_118' title='bbox 862 2101 895 2138; x_wconf 92' lang='lat' dir='ltr'><strong>eo</strong></span> <span class='ocrx_word' id='word_1_119' title='bbox 918 2083 1057 2158; x_wconf 83' lang='lat' dir='ltr'><strong>magister</strong></span> <span class='ocrx_word' id='word_1_120' title='bbox 1078 2085 1204 2159; x_wconf 81' lang='lat' dir='ltr'><strong>equitbm</strong></span> <span class='ocrx_word' id='word_1_121' title='bbox 1226 2087 1262 2143; x_wconf 86' lang='lat' dir='ltr'><strong>L.</strong></span> 
     </span>
     <span class='ocr_line' id='line_1_16' title="bbox 190 2185 1292 2265; baseline -0.005 -19"><span class='ocrx_word' id='word_1_122' title='bbox 190 2189 339 2265; x_wconf 86' lang='lat' dir='ltr'><strong>Papirius</strong></span> <span class='ocrx_word' id='word_1_123' title='bbox 364 2185 474 2244; x_wconf 87' lang='lat' dir='ltr'><strong>Cursor</strong></span> <span class='ocrx_word' id='word_1_124' title='bbox 500 2188 601 2246; x_wconf 88' lang='lat' dir='ltr'><strong>dictus.</strong></span> <span class='ocrx_word' id='word_1_125' title='bbox 655 2188 736 2246; x_wconf 85' lang='lat' dir='ltr'><strong>Nihil</strong></span> <span class='ocrx_word' id='word_1_126' title='bbox 758 2187 945 2245; x_wconf 85' lang='lat' dir='ltr'><strong>memorabile</strong></span> <span class='ocrx_word' id='word_1_127' title='bbox 967 2188 1105 2245; x_wconf 83' lang='lat' dir='ltr'><strong>adversus</strong></span> <span class='ocrx_word' id='word_1_128' title='bbox 1128 2185 1292 2246; x_wconf 81' lang='lat' dir='ltr'><strong>Antiates3</strong></span> 
     </span>
     <span class='ocr_line' id='line_1_17' title="bbox 191 2283 1262 2370; baseline -0.001 -19"><span class='ocrx_word' id='word_1_129' title='bbox 191 2297 227 2351; x_wconf 93' lang='lat' dir='ltr'><strong>ab</strong></span> <span class='ocrx_word' id='word_1_130' title='bbox 252 2295 407 2350; x_wconf 80' lang='lat' dir='ltr'><strong>dictatore</strong></span> <span class='ocrx_word' id='word_1_131' title='bbox 429 2283 542 2366; x_wconf 80' lang='lat' dir='ltr'><strong>gestum</strong></span> <span class='ocrx_word' id='word_1_132' title='bbox 565 2302 617 2364; x_wconf 90' lang='lat' dir='ltr'><strong>est,</strong></span> <span class='ocrx_word' id='word_1_133' title='bbox 640 2312 728 2368; x_wconf 89' lang='lat' dir='ltr'><strong>quum</strong></span> <span class='ocrx_word' id='word_1_134' title='bbox 748 2294 859 2368; x_wconf 85' lang='lat' dir='ltr'><strong>aliquot</strong></span> <span class='ocrx_word' id='word_1_135' title='bbox 879 2311 991 2350; x_wconf 88' lang='lat' dir='ltr'><strong>menses</strong></span> <span class='ocrx_word' id='word_1_136' title='bbox 1012 2294 1120 2351; x_wconf 82' lang='lat' dir='ltr'><strong>stativa</strong></span> <span class='ocrx_word' id='word_1_137' title='bbox 1139 2295 1169 2350; x_wconf 88' lang='lat' dir='ltr'><strong>in</strong></span> <span class='ocrx_word' id='word_1_138' title='bbox 1191 2313 1262 2370; x_wconf 84' lang='lat' dir='ltr'><strong>egro</strong></span> 
     </span>
     <span class='ocr_line' id='line_1_18' title="bbox 191 2395 857 2458; baseline -0.009 -1"><span class='ocrx_word' id='word_1_139' title='bbox 191 2399 316 2458; x_wconf 83' lang='lat' dir='ltr'><strong>Antiati</strong></span> <span class='ocrx_word' id='word_1_140' title='bbox 339 2398 499 2456; x_wconf 87' lang='lat' dir='ltr'><strong>habuisset.</strong></span> <span class='ocrx_word' id='word_1_141' title='bbox 843 2395 857 2408; x_wconf 71' lang='lat'><em>⁴</em></span> 
     </span>
    </p>

    <p class='ocr_par' dir='ltr' id='par_1_4' title="bbox 188 2502 1424 4379">
     <span class='ocr_line' id='line_1_19' title="bbox 278 2502 1293 2579; baseline -0.004 -17"><span class='ocrx_word' id='word_1_142' title='bbox 278 2506 377 2562; x_wconf 88' lang='lat' dir='ltr'><strong>Anno</strong></span> <span class='ocrx_word' id='word_1_143' title='bbox 397 2504 503 2578; x_wconf 83' lang='lat' dir='ltr'><strong>insigni</strong></span> <span class='ocrx_word' id='word_1_144' title='bbox 525 2503 649 2560; x_wconf 84' lang='lat' dir='ltr'><strong>victoria</strong></span> <span class='ocrx_word' id='word_1_145' title='bbox 670 2503 706 2560; x_wconf 92' lang='lat' dir='ltr'><strong>de</strong></span> <span class='ocrx_word' id='word_1_146' title='bbox 728 2510 772 2559; x_wconf 90' lang='lat' dir='ltr'><strong>tot</strong></span> <span class='ocrx_word' id='word_1_147' title='bbox 793 2521 827 2561; x_wconf 88' lang='lat' dir='ltr'><strong>ac</strong></span> <span class='ocrx_word' id='word_1_148' title='bbox 855 2511 914 2560; x_wconf 85' lang='lat' dir='ltr'><strong>tem</strong></span> <span class='ocrx_word' id='word_1_149' title='bbox 944 2503 1108 2579; x_wconf 85' lang='lat' dir='ltr'><strong>potentibus</strong></span> <span class='ocrx_word' id='word_1_150' title='bbox 1138 2502 1293 2579; x_wconf 85' lang='lat' dir='ltr'><strong>populis,4</strong></span> 
     </span>
     <span class='ocr_line' id='line_1_20' title="bbox 191 2609 1422 2714; baseline 0.001 -46"><span class='ocrx_word' id='word_1_151' title='bbox 191 2612 228 2667; x_wconf 86' lang='lat' dir='ltr'><strong>ad</strong></span> <span class='ocrx_word' id='word_1_152' title='bbox 250 2613 317 2668; x_wconf 89' lang='lat' dir='ltr'><strong>hoc</strong></span> <span class='ocrx_word' id='word_1_153' title='bbox 340 2609 494 2666; x_wconf 90' lang='lat' dir='ltr'><strong>consulum</strong></span> <span class='ocrx_word' id='word_1_154' title='bbox 516 2609 633 2666; x_wconf 86' lang='lat' dir='ltr'><strong>alterius</strong></span> <span class='ocrx_word' id='word_1_155' title='bbox 653 2609 743 2666; x_wconf 90' lang='lat' dir='ltr'><strong>nobili</strong></span> <span class='ocrx_word' id='word_1_156' title='bbox 763 2618 865 2681; x_wconf 87' lang='lat' dir='ltr'><strong>morte,</strong></span> <span class='ocrx_word' id='word_1_157' title='bbox 887 2610 1003 2667; x_wconf 85' lang='lat' dir='ltr'><strong>ulterius</strong></span> <span class='ocrx_word' id='word_1_158' title='bbox 1025 2610 1098 2667; x_wconf 88' lang='lat' dir='ltr'><strong>sicut</strong></span> <span class='ocrx_word' id='word_1_159' title='bbox 1117 2611 1199 2682; x_wconf 85' lang='lat' dir='ltr'><strong>truci,</strong></span> <span class='ocrx_word' id='word_1_160' title='bbox 1220 2612 1262 2669; x_wconf 83' lang='lat' dir='ltr'><strong>ite</strong></span> <span class='ocrx_word' id='word_1_161' title='bbox 1276 2667 1298 2714; x_wconf 67' lang='grc' dir='ltr'><strong>Δ</strong></span> <span class='ocrx_word' id='word_1_162' title='bbox 1315 2669 1422 2713; x_wconf 61' lang='lat' dir='ltr'><strong>uem</strong></span> 
     </span>
     <span class='ocr_line' id='line_1_21' title="bbox 191 2715 1424 2792; baseline 0 -17"><span class='ocrx_word' id='word_1_163' title='bbox 191 2718 274 2775; x_wconf 85' lang='lat' dir='ltr'><strong>claro</strong></span> <span class='ocrx_word' id='word_1_164' title='bbox 304 2715 348 2773; x_wconf 85' lang='lat' dir='ltr'><strong>ad</strong></span> <span class='ocrx_word' id='word_1_165' title='bbox 370 2715 542 2772; x_wconf 89' lang='lat' dir='ltr'><strong>memoriam</strong></span> <span class='ocrx_word' id='word_1_166' title='bbox 562 2715 878 2790; x_wconf 69' lang='lat' dir='ltr'><strong>imperim-successere</strong></span> <span class='ocrx_word' id='word_1_167' title='bbox 901 2716 1031 2772; x_wconf 87' lang='lat' dir='ltr'><strong>consules</strong></span> <span class='ocrx_word' id='word_1_168' title='bbox 1054 2717 1102 2774; x_wconf 83' lang='lat' dir='ltr'><strong>Ti.-</strong></span> <span class='ocrx_word' id='word_1_169' title='bbox 1124 2717 1261 2775; x_wconf 87' lang='lat' dir='ltr'><strong>AEmilius</strong></span> <span class='ocrx_word' id='word_1_170' title='bbox 1274 2735 1424 2792; x_wconf 42' lang='lat' dir='ltr'><strong>nequeo,</strong></span> 
     </span>
     <span class='ocr_line' id='line_1_22' title="bbox 190 2819 1292 2896; baseline -0.002 -17"><span class='ocrx_word' id='word_1_171' title='bbox 190 2821 416 2892; x_wconf 84' lang='lat' dir='ltr'><strong>Mamercinus,</strong></span> <span class='ocrx_word' id='word_1_172' title='bbox 448 2819 483 2889; x_wconf 80' lang='lat' dir='ltr'><strong>Q.</strong></span> <span class='ocrx_word' id='word_1_173' title='bbox 505 2820 648 2877; x_wconf 89' lang='lat' dir='ltr'><strong>Publilius</strong></span> <span class='ocrx_word' id='word_1_174' title='bbox 668 2819 772 2891; x_wconf 92' lang='lat' dir='ltr'><strong>Philo,</strong></span> <span class='ocrx_word' id='word_1_175' title='bbox 803 2839 897 2896; x_wconf 90' lang='lat' dir='ltr'><strong>neque</strong></span> <span class='ocrx_word' id='word_1_176' title='bbox 917 2823 947 2878; x_wconf 91' lang='lat' dir='ltr'><strong>in</strong></span> <span class='ocrx_word' id='word_1_177' title='bbox 968 2822 1089 2880; x_wconf 87' lang='lat' dir='ltr'><strong>similem</strong></span> <span class='ocrx_word' id='word_1_178' title='bbox 1111 2822 1292 2879; x_wconf 77' lang='lat' dir='ltr'><strong>materismb</strong></span> 
     </span>
     <span class='ocr_line' id='line_1_23' title="bbox 190 2919 1263 3001; baseline -0.002 -17"><span class='ocrx_word' id='word_1_179' title='bbox 190 2947 313 2997; x_wconf 85' lang='lat' dir='ltr'><strong>rerum,</strong></span> <span class='ocrx_word' id='word_1_180' title='bbox 349 2935 378 2982; x_wconf 89' lang='lat' dir='ltr'><strong>et</strong></span> <span class='ocrx_word' id='word_1_181' title='bbox 399 2927 455 3001; x_wconf 90' lang='lat' dir='ltr'><strong>ipsi</strong></span> <span class='ocrx_word' id='word_1_182' title='bbox 478 2929 529 2982; x_wconf 80' lang='lat' dir='ltr'><strong>au&#39;t</strong></span> <span class='ocrx_word' id='word_1_183' title='bbox 551 2943 667 2983; x_wconf 86' lang='lat' dir='ltr'><strong>suarum</strong></span> <span class='ocrx_word' id='word_1_184' title='bbox 682 2919 784 2983; x_wconf 79' lang='lat' dir='ltr'><strong>&#39;rernm</strong></span> <span class='ocrx_word' id='word_1_185' title='bbox 814 2936 865 2982; x_wconf 90' lang='lat' dir='ltr'><strong>aut</strong></span> <span class='ocrx_word' id='word_1_186' title='bbox 888 2927 1012 3000; x_wconf 84' lang='lat' dir='ltr'><strong>partium</strong></span> <span class='ocrx_word' id='word_1_187' title='bbox 1044 2928 1073 2983; x_wconf 89' lang='lat' dir='ltr'><strong>in</strong></span> <span class='ocrx_word' id='word_1_188' title='bbox 1094 2945 1126 2983; x_wconf 92' lang='lat' dir='ltr'><strong>re</strong></span> <span class='ocrx_word' id='word_1_189' title='bbox 1147 2926 1263 3001; x_wconf 87' lang='lat' dir='ltr'><strong>publica</strong></span> 
     </span>
     <span class='ocr_line' id='line_1_24' title="bbox 191 3030 1263 3109; baseline -0.003 -19"><span class='ocrx_word' id='word_1_190' title='bbox 191 3034 291 3109; x_wconf 84' lang='lat' dir='ltr'><strong>magis</strong></span> <span class='ocrx_word' id='word_1_191' title='bbox 315 3052 409 3107; x_wconf 83' lang='lat' dir='ltr'><strong>quem</strong></span> <span class='ocrx_word' id='word_1_192' title='bbox 437 3031 539 3107; x_wconf 77' lang='lat' dir='ltr'><strong>patriae</strong></span> <span class='ocrx_word' id='word_1_193' title='bbox 566 3049 716 3089; x_wconf 90' lang='lat' dir='ltr'><strong>memores.</strong></span> <span class='ocrx_word' id='word_1_194' title='bbox 764 3030 886 3087; x_wconf 83' lang='lat' dir='ltr'><strong>Latinos</strong></span> <span class='ocrx_word' id='word_1_195' title='bbox 913 3031 950 3087; x_wconf 92' lang='lat' dir='ltr'><strong>ob</strong></span> <span class='ocrx_word' id='word_1_196' title='bbox 976 3032 1049 3088; x_wconf 88' lang='lat' dir='ltr'><strong>iram</strong></span> <span class='ocrx_word' id='word_1_197' title='bbox 1077 3031 1140 3106; x_wconf 85' lang='lat' dir='ltr'><strong>agri</strong></span> <span class='ocrx_word' id='word_1_198' title='bbox 1164 3031 1263 3088; x_wconf 86' lang='lat' dir='ltr'><strong>amissi</strong></span> 
     </span>
     <span class='ocr_line' id='line_1_25' title="bbox 189 3111 1283 3213; baseline -0.003 -18"><span class='ocrx_word' id='word_1_199' title='bbox 189 3139 377 3196; x_wconf 83' lang='lat' dir='ltr'><strong>rebellantes</strong></span> <span class='ocrx_word' id='word_1_200' title='bbox 400 3137 430 3194; x_wconf 93' lang='lat' dir='ltr'><strong>in</strong></span> <span class='ocrx_word' id='word_1_201' title='bbox 454 3137 563 3213; x_wconf 88' lang='lat' dir='ltr'><strong>campis</strong></span> <span class='ocrx_word' id='word_1_202' title='bbox 585 3136 756 3194; x_wconf 82' lang='lat' dir='ltr'><strong>Fenectanis</strong></span> <span class='ocrx_word' id='word_1_203' title='bbox 777 3111 914 3193; x_wconf 83' lang='lat' dir='ltr'><strong>fuderunt</strong></span> <span class='ocrx_word' id='word_1_204' title='bbox 934 3136 1092 3211; x_wconf 85' lang='lat' dir='ltr'><strong>castrisque</strong></span> <span class='ocrx_word' id='word_1_205' title='bbox 1113 3147 1262 3196; x_wconf 87' lang='lat' dir='ltr'><strong>exuerunt.</strong></span> <span class='ocrx_word' id='word_1_206' title='bbox 1281 3149 1283 3158; x_wconf 69' lang='lat'><strong>¹</strong></span> 
     </span>
     <span class='ocr_line' id='line_1_26' title="bbox 189 3241 1293 3318; baseline -0.005 -18"><span class='ocrx_word' id='word_1_207' title='bbox 189 3245 236 3302; x_wconf 93' lang='lat' dir='ltr'><strong>Ibi</strong></span> <span class='ocrx_word' id='word_1_208' title='bbox 252 3243 404 3313; x_wconf 92' lang='lat' dir='ltr'><strong>Publilio,</strong></span> <span class='ocrx_word' id='word_1_209' title='bbox 426 3242 508 3300; x_wconf 89' lang='lat' dir='ltr'><strong>cuius</strong></span> <span class='ocrx_word' id='word_1_210' title='bbox 529 3243 617 3300; x_wconf 83' lang='lat' dir='ltr'><strong>ductu</strong></span> <span class='ocrx_word' id='word_1_211' title='bbox 638 3242 825 3318; x_wconf 88' lang='lat' dir='ltr'><strong>auspicioque</strong></span> <span class='ocrx_word' id='word_1_212' title='bbox 838 3261 885 3298; x_wconf 90' lang='lat' dir='ltr'><strong>res</strong></span> <span class='ocrx_word' id='word_1_213' title='bbox 907 3251 995 3317; x_wconf 83' lang='lat' dir='ltr'><strong>gestae</strong></span> <span class='ocrx_word' id='word_1_214' title='bbox 1018 3250 1111 3313; x_wconf 87' lang='lat' dir='ltr'><strong>erant,</strong></span> <span class='ocrx_word' id='word_1_215' title='bbox 1132 3243 1161 3299; x_wconf 92' lang='lat' dir='ltr'><strong>in</strong></span> <span class='ocrx_word' id='word_1_216' title='bbox 1183 3241 1293 3299; x_wconf 87' lang='lat' dir='ltr'><strong>dedi-6</strong></span> 
     </span>
     <span class='ocr_line' id='line_1_27' title="bbox 188 3347 1306 3424; baseline -0.004 -16"><span class='ocrx_word' id='word_1_217' title='bbox 188 3351 304 3408; x_wconf 86' lang='lat' dir='ltr'><strong>tionem</strong></span> <span class='ocrx_word' id='word_1_218' title='bbox 330 3348 493 3424; x_wconf 83' lang='lat' dir='ltr'><strong>accipiente</strong></span> <span class='ocrx_word' id='word_1_219' title='bbox 517 3348 637 3405; x_wconf 89' lang='lat' dir='ltr'><strong>Latinos</strong></span> <span class='ocrx_word' id='word_1_220' title='bbox 658 3348 796 3424; x_wconf 87' lang='lat' dir='ltr'><strong>populos,</strong></span> <span class='ocrx_word' id='word_1_221' title='bbox 825 3366 948 3421; x_wconf 89' lang='lat' dir='ltr'><strong>quorum</strong></span> <span class='ocrx_word' id='word_1_222' title='bbox 973 3347 1014 3404; x_wconf 93' lang='lat' dir='ltr'><strong>ibi</strong></span> <span class='ocrx_word' id='word_1_223' title='bbox 1034 3348 1167 3404; x_wconf 85' lang='lat' dir='ltr'><strong>iuventus</strong></span> <span class='ocrx_word' id='word_1_224' title='bbox 1188 3365 1262 3404; x_wconf 82' lang='lat' dir='ltr'><strong>caesa</strong></span> <span class='ocrx_word' id='word_1_225' title='bbox 1285 3357 1306 3412; x_wconf 63' lang='grc' dir='ltr'>ᾖ</span> 
     </span>
     <span class='ocr_line' id='line_1_28' title="bbox 189 3453 1290 3528; baseline 0 -16"><span class='ocrx_word' id='word_1_226' title='bbox 189 3466 263 3527; x_wconf 85' lang='lat' dir='ltr'><strong>eret,</strong></span> <span class='ocrx_word' id='word_1_227' title='bbox 287 3454 437 3513; x_wconf 85' lang='lat' dir='ltr'><strong>AEmilius</strong></span> <span class='ocrx_word' id='word_1_228' title='bbox 458 3455 496 3512; x_wconf 86' lang='lat' dir='ltr'><strong>ad</strong></span> <span class='ocrx_word' id='word_1_229' title='bbox 517 3455 630 3512; x_wconf 87' lang='lat' dir='ltr'><strong>Pedum</strong></span> <span class='ocrx_word' id='word_1_230' title='bbox 657 3453 812 3510; x_wconf 86' lang='lat' dir='ltr'><strong>exercitum</strong></span> <span class='ocrx_word' id='word_1_231' title='bbox 837 3454 928 3515; x_wconf 86' lang='lat' dir='ltr'><strong>duxit.</strong></span> <span class='ocrx_word' id='word_1_232' title='bbox 971 3453 1106 3510; x_wconf 86' lang='lat' dir='ltr'><strong>Pedanos</strong></span> <span class='ocrx_word' id='word_1_233' title='bbox 1128 3455 1290 3528; x_wconf 87' lang='lat' dir='ltr'><strong>tuebatur7</strong></span> 
     </span>
     <span class='ocr_line' id='line_1_29' title="bbox 189 3559 1261 3634; baseline -0.002 -15"><span class='ocrx_word' id='word_1_234' title='bbox 189 3563 321 3630; x_wconf 88' lang='lat' dir='ltr'><strong>Tiburs,</strong></span> <span class='ocrx_word' id='word_1_235' title='bbox 354 3561 552 3617; x_wconf 86' lang='lat' dir='ltr'><strong>Praenestinus</strong></span> <span class='ocrx_word' id='word_1_236' title='bbox 576 3559 798 3634; x_wconf 90' lang='lat' dir='ltr'><strong>Veliternusque</strong></span> <span class='ocrx_word' id='word_1_237' title='bbox 827 3559 968 3634; x_wconf 86' lang='lat' dir='ltr'><strong>populns3</strong></span> <span class='ocrx_word' id='word_1_238' title='bbox 1001 3568 1141 3616; x_wconf 84' lang='lat' dir='ltr'><strong>venerant</strong></span> <span class='ocrx_word' id='word_1_239' title='bbox 1168 3569 1195 3616; x_wconf 88' lang='lat' dir='ltr'><strong>et</strong></span> <span class='ocrx_word' id='word_1_240' title='bbox 1224 3562 1261 3617; x_wconf 87' lang='lat' dir='ltr'><strong>ab</strong></span> 
     </span>
     <span class='ocr_line' id='line_1_30' title="bbox 188 3632 1291 3740; baseline 0.002 -17"><span class='ocrx_word' id='word_1_241' title='bbox 188 3667 334 3725; x_wconf 84' lang='lat' dir='ltr'><strong>Lanuvio</strong></span> <span class='ocrx_word' id='word_1_242' title='bbox 350 3632 504 3740; x_wconf 80' lang='lat' dir='ltr'><strong>Aritioque</strong></span> <span class='ocrx_word' id='word_1_243' title='bbox 519 3665 635 3722; x_wconf 77' lang='lat' dir='ltr'><strong>auxilia.</strong></span> <span class='ocrx_word' id='word_1_244' title='bbox 677 3664 738 3724; x_wconf 94' lang='lat' dir='ltr'><strong>Ubi</strong></span> <span class='ocrx_word' id='word_1_245' title='bbox 756 3680 843 3738; x_wconf 86' lang='lat' dir='ltr'><strong>quum</strong></span> <span class='ocrx_word' id='word_1_246' title='bbox 865 3665 972 3740; x_wconf 86' lang='lat' dir='ltr'><strong>proeliis</strong></span> <span class='ocrx_word' id='word_1_247' title='bbox 995 3665 1109 3738; x_wconf 89' lang='lat' dir='ltr'><strong>quidem</strong></span> <span class='ocrx_word' id='word_1_248' title='bbox 1131 3666 1291 3740; x_wconf 75' lang='lat' dir='ltr'><strong>superiord</strong></span> 
     </span>
     <span class='ocr_line' id='line_1_31' title="bbox 188 3769 1260 3845; baseline -0.003 -14"><span class='ocrx_word' id='word_1_249' title='bbox 188 3773 351 3832; x_wconf 88' lang='lat' dir='ltr'><strong>Romanus</strong></span> <span class='ocrx_word' id='word_1_250' title='bbox 375 3781 468 3842; x_wconf 85' lang='lat' dir='ltr'><strong>esset,</strong></span> <span class='ocrx_word' id='word_1_251' title='bbox 502 3773 539 3828; x_wconf 88' lang='lat' dir='ltr'><strong>ed</strong></span> <span class='ocrx_word' id='word_1_252' title='bbox 567 3773 666 3828; x_wconf 84' lang='lat' dir='ltr'><strong>urbem</strong></span> <span class='ocrx_word' id='word_1_253' title='bbox 696 3769 790 3845; x_wconf 83' lang='lat' dir='ltr'><strong>ipsam</strong></span> <span class='ocrx_word' id='word_1_254' title='bbox 809 3772 920 3828; x_wconf 90' lang='lat' dir='ltr'><strong>Pedum</strong></span> <span class='ocrx_word' id='word_1_255' title='bbox 944 3779 1096 3845; x_wconf 85' lang='lat' dir='ltr'><strong>castraque</strong></span> <span class='ocrx_word' id='word_1_256' title='bbox 1117 3771 1260 3828; x_wconf 88' lang='lat' dir='ltr'><strong>sociorum</strong></span> 
     </span>
     <span class='ocr_line' id='line_1_32' title="bbox 188 3876 1261 3954; baseline -0.001 -19"><span class='ocrx_word' id='word_1_257' title='bbox 188 3879 392 3954; x_wconf 87' lang='lat' dir='ltr'><strong>populorum,</strong></span> <span class='ocrx_word' id='word_1_258' title='bbox 428 3896 493 3951; x_wconf 76' lang='lat' dir='ltr'><strong>qua</strong></span> <span class='ocrx_word' id='word_1_259' title='bbox 519 3877 584 3934; x_wconf 91' lang='lat' dir='ltr'><strong>urbi</strong></span> <span class='ocrx_word' id='word_1_260' title='bbox 610 3876 744 3933; x_wconf 82' lang='lat' dir='ltr'><strong>adiuncta</strong></span> <span class='ocrx_word' id='word_1_261' title='bbox 765 3885 863 3946; x_wconf 87' lang='lat' dir='ltr'><strong>erant,</strong></span> <span class='ocrx_word' id='word_1_262' title='bbox 885 3877 995 3950; x_wconf 83' lang='lat' dir='ltr'><strong>integer</strong></span> <span class='ocrx_word' id='word_1_263' title='bbox 1021 3876 1106 3934; x_wconf 85' lang='lat' dir='ltr'><strong>labor</strong></span> <span class='ocrx_word' id='word_1_264' title='bbox 1131 3886 1261 3948; x_wconf 87' lang='lat' dir='ltr'><strong>restaret,</strong></span> 
     </span>
     <span class='ocr_line' id='line_1_33' title="bbox 189 3980 1291 4059; baseline 0 -19"><span class='ocrx_word' id='word_1_265' title='bbox 189 3985 267 4041; x_wconf 90' lang='lat' dir='ltr'><strong>bello</strong></span> <span class='ocrx_word' id='word_1_266' title='bbox 291 3983 407 4041; x_wconf 88' lang='lat' dir='ltr'><strong>infecto</strong></span> <span class='ocrx_word' id='word_1_267' title='bbox 438 3992 556 4059; x_wconf 88' lang='lat' dir='ltr'><strong>repente</strong></span> <span class='ocrx_word' id='word_1_268' title='bbox 585 3981 691 4038; x_wconf 87' lang='lat' dir='ltr'><strong>omisso</strong></span> <span class='ocrx_word' id='word_1_269' title='bbox 721 3981 834 4050; x_wconf 90' lang='lat' dir='ltr'><strong>consul,</strong></span> <span class='ocrx_word' id='word_1_270' title='bbox 871 3980 939 4054; x_wconf 88' lang='lat' dir='ltr'><strong>quia</strong></span> <span class='ocrx_word' id='word_1_271' title='bbox 970 3981 1086 4056; x_wconf 76' lang='lat' dir='ltr'><strong>collega</strong></span> <span class='ocrx_word' id='word_1_272' title='bbox 1115 3983 1291 4040; x_wconf 86' lang='lat' dir='ltr'><strong>decretnm9</strong></span> 
     </span>
     <span class='ocr_line' id='line_1_34' title="bbox 190 4069 1375 4170; baseline -0.001 -25"><span class='ocrx_word' id='word_1_273' title='bbox 190 4091 377 4167; x_wconf 89' lang='lat' dir='ltr'><strong>triumphum</strong></span> <span class='ocrx_word' id='word_1_274' title='bbox 401 4089 523 4153; x_wconf 84' lang='lat' dir='ltr'><strong>audivit,</strong></span> <span class='ocrx_word' id='word_1_275' title='bbox 544 4087 607 4162; x_wconf 89' lang='lat' dir='ltr'><strong>ipse</strong></span> <span class='ocrx_word' id='word_1_276' title='bbox 629 4102 745 4159; x_wconf 89' lang='lat' dir='ltr'><strong>quoque</strong></span> <span class='ocrx_word' id='word_1_277' title='bbox 765 4083 903 4160; x_wconf 88' lang='lat' dir='ltr'><strong>triumphi</strong></span> <span class='ocrx_word' id='word_1_278' title='bbox 927 4069 993 4144; x_wconf 80' lang='lat' dir='ltr'><strong>ente</strong></span> <span class='ocrx_word' id='word_1_279' title='bbox 1007 4087 1158 4145; x_wconf 87' lang='lat' dir='ltr'><strong>victoriam</strong></span> <span class='ocrx_word' id='word_1_280' title='bbox 1179 4089 1260 4163; x_wconf 83' lang='lat' dir='ltr'><strong>flegi-</strong></span> <span class='ocrx_word' id='word_1_281' title='bbox 1365 4155 1375 4170; x_wconf 20' lang='grc' dir='ltr'><strong>Δ,</strong></span> 
     </span>
     <span class='ocr_line' id='line_1_35' title="bbox 189 4189 1312 4268; baseline -0.008 -13"><span class='ocrx_word' id='word_1_282' title='bbox 189 4205 269 4255; x_wconf 89' lang='lat' dir='ltr'><strong>tator</strong></span> <span class='ocrx_word' id='word_1_283' title='bbox 291 4199 428 4255; x_wconf 87' lang='lat' dir='ltr'><strong>Romam</strong></span> <span class='ocrx_word' id='word_1_284' title='bbox 450 4193 542 4250; x_wconf 91' lang='lat' dir='ltr'><strong>rediit.</strong></span> <span class='ocrx_word' id='word_1_285' title='bbox 587 4191 652 4263; x_wconf 79' lang='lat' dir='ltr'><strong>Qua</strong></span> <span class='ocrx_word' id='word_1_286' title='bbox 673 4189 829 4264; x_wconf 84' lang='lat' dir='ltr'><strong>cupiditate</strong></span> <span class='ocrx_word' id='word_1_287' title='bbox 854 4189 971 4248; x_wconf 85' lang='lat' dir='ltr'><strong>offensis</strong></span> <span class='ocrx_word' id='word_1_288' title='bbox 996 4192 1127 4266; x_wconf 84' lang='lat' dir='ltr'><strong>patribus</strong></span> <span class='ocrx_word' id='word_1_289' title='bbox 1153 4211 1260 4268; x_wconf 82' lang='lat' dir='ltr'><strong>negen-</strong></span> <span class='ocrx_word' id='word_1_290' title='bbox 1277 4193 1312 4246; x_wconf 86' lang='lat'><strong>10</strong></span> 
     </span>
     <span class='ocr_line' id='line_1_36' title="bbox 190 4294 1260 4379; baseline -0.003 -21"><span class='ocrx_word' id='word_1_291' title='bbox 190 4306 331 4379; x_wconf 88' lang='lat' dir='ltr'><strong>tibusque</strong></span> <span class='ocrx_word' id='word_1_292' title='bbox 353 4298 508 4357; x_wconf 87' lang='lat' dir='ltr'><strong>nisiPedo</strong></span> <span class='ocrx_word' id='word_1_293' title='bbox 530 4305 616 4371; x_wconf 87' lang='lat' dir='ltr'><strong>capto</strong></span> <span class='ocrx_word' id='word_1_294' title='bbox 638 4303 689 4351; x_wconf 86' lang='lat' dir='ltr'><strong>aut</strong></span> <span class='ocrx_word' id='word_1_295' title='bbox 709 4294 806 4351; x_wconf 89' lang='lat' dir='ltr'><strong>dedito</strong></span> <span class='ocrx_word' id='word_1_296' title='bbox 828 4295 1015 4371; x_wconf 87' lang='lat' dir='ltr'><strong>triumphum,</strong></span> <span class='ocrx_word' id='word_1_297' title='bbox 1032 4297 1099 4354; x_wconf 92' lang='lat' dir='ltr'><strong>hinc</strong></span> <span class='ocrx_word' id='word_1_298' title='bbox 1121 4297 1260 4355; x_wconf 82' lang='lat' dir='ltr'><strong>alienatus</strong></span> 
     </span>
    </p>
   </div>
   <div class='ocr_carea' id='block_1_3' title="bbox 0 0 1700 5084">
    <p class='ocr_par' dir='ltr' id='par_1_5' title="bbox 0 0 1700 5084">
     <span class='ocr_line' id='line_1_37' title="bbox 0 0 1700 5084; baseline 0 3"><span class='ocrx_word' id='word_1_299' title='bbox 0 0 1700 5084; x_wconf 95' lang='lat' dir='ltr'><strong> </strong></span> 
     </span>
    </p>
   </div>
  </div>
 </body>
</html>
