3392 5084
468 558 506 615 ‘22
895 553 974 606 Liber
990 554 1012 605 1.

424 750 458 798 ut
474 740 620 799 civitatem
640 747 732 796 totam
752 739 782 796 in
804 740 912 799 cultum
935 760 1051 799 versam
1073 740 1191 797 deorum
1213 740 1325 799 violare
1348 742 1482 799 ducerent

394 845 516 903 dnefas.
562 846 659 903 Lucus
681 853 758 916 erat,
789 865 874 921 quem
897 848 1022 904 medium
1048 866 1084 904 ex
1106 864 1199 921 opaco
1221 863 1308 922 specu
1331 844 1397 903 lons
1419 866 1481 921 per·

426 952 491 1008 euni
513 952 630 1027 rigabat
654 970 739 1026 aqua.
779 952 846 1025 Quo
870 954 939 1027 quia
961 972 992 1010 se
1014 968 1143 1029 persaepe
1164 952 1263 1009 Numa
1286 952 1348 1009 sine
1367 953 1482 1009 arbitris

423 1059 562 1116 velutad
584 1075 769 1133 congressum
791 1058 853 1116 dea
874 1058 1032 1130 inferebat,
1062 1054 1196 1116 Camenis
1227 1076 1292 1114 enm
1312 1058 1411 1115 lucum
1438 1078 1482 1115 sa-

424 1164 525 1235 cravit,
547 1164 626 1239 quod
645 1182 744 1220 aarum
764 1163 806 1220 ibi
822 1162 947 1221 coucilia
965 1182 1030 1221 cnm
1049 1162 1171 1238 coniuge
1188 1181 1241 1219 sua
1253 1164 1362 1239 Egeria
1379 1174 1479 1221 essent.

393 1263 465 1328 ‘lEt
495 1271 550 1327 soli
576 1269 660 1328 Fidei
687 1268 826 1325 sollemne
854 1268 986 1329 instituit.
1029 1269 1081 1326 Ad
1107 1270 1137 1325 id
1164 1268 1322 1327 sacrarium
1353 1268 1482 1325 flamines
1532 1274 1533 1311 l

424 1376 498 1453 bigis
519 1394 605 1433 curru
626 1382 745 1432 arcuato
767 1374 836 1430 vehi
861 1373 945 1431 iussit
973 1393 1117 1449 manuque
1139 1375 1176 1432 ad
1198 1375 1303 1451 digitos
1328 1393 1421 1449 usque
1441 1376 1480 1432 in·
1532 1382 1533 1409 ¹

423 1482 524 1539 voluta
544 1501 605 1538 rem
623 1480 754 1536 ‘divinam
776 1479 888 1551 lacere,
919 1481 1128 1556 significantes,
1157 1482 1242 1539 fidem
1264 1480 1418 1539 tutandam
1440 1500 1481 1538 se·
1532 1490 1533 1525 l

394 1583 548 1662 5demque
569 1586 630 1643 eius
652 1586 739 1642 etiam
761 1586 790 1642 in
811 1586 938 1644 dexteris
950 1597 1095 1645 sacratam
1114 1605 1196 1649 esses
1218 1588 1313 1645 Multa
1324 1588 1383 1644 alia
1396 1590 1481 1647 sacri·
1532 1578 1533 1631 l

425 1693 492 1750 ficia
514 1693 638 1767 locaque
659 1691 749 1748 sacris
773 1691 928 1761 faciendis,
961 1710 1025 1767 quae
1058 1695 1174 1767 Argeos
1197 1693 1346 1767 pontifices
1368 1706 1481 1765 vocant,
1532 1703 1533 1733 t

424 1798 577 1855 dedicavit.
620 1796 757 1855 Omnium
781 1806 879 1854 tamen
900 1798 1058 1855 maximum
1082 1798 1143 1853 eius
1165 1816 1285 1873 operum
1312 1798 1367 1856 fuit
1395 1800 1482 1857 tutela
1532 1818 1533 1845 t

394 1901 478 1980 liper
500 1923 585 1962 omne
605 1904 688 1979 regni
710 1912 824 1979 tempus
852 1904 931 1962 haud
956 1903 1051 1961 minor
1080 1904 1161 1979 pacis
1190 1922 1276 1978 quam
1297 1906 1390 1980 regni.
1438 1907 1481 1962 lla
1532 1932 1533 1953 ;

424 2010 482 2066 duo
507 2010 641 2084 deinceps
658 2027 756 2084 reges,
779 2009 853 2066 alius
876 2010 1013 2080 allevia,
1035 2010 1083 2068 ille
1103 2010 1189 2081 bello,
1210 2011 1257 2067 hic
1279 2030 1361 2088 pane,
1384 2012 1481 2069 civita
1532 2026 1533 2059 1

401 2125 482 2173 ¹tem
511 2124 662 2174 auxerunt.
711 2115 853 2173 Romulus
880 2124 990 2190 septem
1022 2124 1051 2173 et
1075 2116 1194 2190 triginta
1222 2117 1356 2191 regnavit
1383 2135 1481 2185 annos,
1532 2132 1533 2165 t

366 2244 370 2254 ·
424 2224 525 2281 Numa
551 2230 610 2278 tres
634 2230 661 2279 et
684 2209 886 2297 quadraginta.
935 2221 1030 2294 Quum
1061 2222 1161 2278 valida
1186 2231 1247 2279 turn
1268 2230 1431 2298 temperata
1456 2232 1481 2279 et
1532 2240 1533 2273 i

425 2328 494 2386 belli
515 2337 543 2385 et
564 2327 644 2402 pacis
667 2327 777 2385 artrlrus
799 2336 862 2385 erat
883 2327 995 2385 civit-as.

327 2424 373 2495 22
508 2434 613 2491 Numa
641 2443 735 2489 morte
761 2433 799 2490 ad
828 2434 1023 2509 interregnum
1056 2450 1103 2490 res
1129 2433 1224 2491 rediit.
1271 2434 1344 2491 Inde
1366 2434 1480 2491 Tullum
1532 2452 1533 2485 i

386 2561 388 2568 ·
424 2518 592 2607 Hostilium,
613 2548 747 2613 nepotem
769 2539 897 2608 Hostilii,
921 2540 1004 2596 cuius
1023 2539 1052 2595 in
1074 2539 1173 2595 infima
1194 2556 1260 2596 aree
1283 2540 1363 2596 clara
1384 2558 1478 2616 pugna
1532 2560 1533 2593 t

423 2646 562 2703 adversus
578 2644 703 2702 Sabinos
724 2643 828 2713 fuerat,
849 2659 948 2718 regem
971 2644 1097 2718 populus
1118 2645 1214 2718 iussit;
1237 2653 1334 2721 patres
1349 2656 1480 2702 auctores
1532 2668 1533 2697 t

392 2748 504 2809 2facti.
549 2750 606 2807 Hic
627 2768 685 2806 non
707 2750 799 2807 solum
827 2749 962 2826 proximo
995 2750 1056 2823 regi
1088 2750 1247 2820 dissimilis,
1275 2750 1326 2807 sed
1356 2750 1478 2809 ferocior
1532 2770 1533 2801 i

423 2857 509 2914 etiam
533 2876 619 2931 quam
641 2856 784 2913 Romulus
805 2855 870 2915 fuit.
927 2855 1022 2928 Quum
1045 2864 1115 2912 atas
1137 2856 1285 2930 viresque,
1318 2867 1379 2913 tum
1403 2858 1478 2915 avita
1532 2876 1533 2909 t

423 2982 540 3037 quoque
560 2962 652 3038 gloria
675 2952 803 3017 animum
824 2961 1001 3022 stimulabat.
1046 2960 1202 3020 Senesaere
1225 2962 1312 3037 igitur
1334 2964 1475 3022 civitatem
1532 2976 1533 3017 t

390 3063 482 3125 dotia
503 3078 584 3125 ratus
605 3067 731 3140 undique
752 3066 903 3123 materiam
928 3068 1071 3124 excitandi
1093 3067 1160 3124 belli
1184 3070 1339 3141 quaerebat.
1390 3072 1478 3127 Forte
1532 3052 1533 3057 ἵ

421 3173 525 3245 evenit,
546 3182 579 3229 ut
600 3181 729 3249 agrestes
750 3173 877 3229 Romani
906 3192 943 3229 ex
972 3174 1091 3231 Albano
1113 3191 1200 3248 agro,
1227 3174 1338 3231 Albani
1361 3196 1399 3233 ex
1420 3180 1476 3235 Ro·

390 3280 506 3337 lmano
528 3280 641 3356 predas
667 3279 697 3335 in
718 3279 810 3335 vicem
833 3287 961 3353 agerent.
998 3279 1190 3354 Imperitabat
1210 3287 1271 3335 tum
1290 3281 1385 3339 Gaius
1402 3282 1475 3340 Clui-

418 3385 473 3442 lius
503 3385 597 3444 Albae.
656 3383 801 3457 Utrinque
831 3384 921 3459 legati
950 3381 1011 3440 fere
1038 3385 1091 3441 sub
1119 3386 1196 3442 idem
1226 3396 1340 3462 tempus
1368 3387 1476 3445 adres

419 3490 590 3564 repetendas
605 3489 694 3546 missi.
726 3489 831 3547 Tullus
853 3497 1031 3564 praeceperat
1050 3490 1118 3560 suis,
1140 3508 1176 3547 ne
1198 3491 1266 3566 qnid
1285 3492 1366 3568 prius
1390 3512 1473 3568 quarn

419 3595 557 3651 mandata
578 3603 716 3670 agerent3
736 3595 806 3651 satis
831 3591 956 3663 sciebat,
977 3603 1149 3670 negaturum
1171 3597 1336 3666 Albanum
1368 3599 1410 3656 ita
1431 3599 1475 3675 pie

390 3694 526 3756 5bellum
549 3701 635 3758 indici
656 3718 751 3776 posse.
794 3701 844 3758 Ab
868 3700 993 3758 Albanis
1015 3702 1163 3758 socordius
1185 3722 1231 3759 res
1253 3712 1332 3772 aeta3
1363 3703 1473 3779 excepti

417 3804 543 3880 hospitio
559 3807 597 3864 ab
608 3806 695 3863 Tullo
706 3807 814 3864 blande
827 3825 861 3862 ac
872 3806 1005 3881 benigna,
1028 3806 1102 3863 corni
1115 3805 1299 3883 frontepegis
1311 3810 1472 3866 convivium

417 3911 571 3971 celebrant.
614 3911 772 3986 Tantisper
792 3912 920 3968 Romani
948 3921 977 3968 et
1004 3930 1050 3969 res
1078 3912 1272 3986 repetiverant
1304 3914 1417 3988 priores
1448 3921 1473 3969 et

417 4017 534 4092 neganti
555 4018 673 4074 Albano
696 4016 802 4074 bellum
823 4018 853 4073 in
876 4019 1051 4075 tricesimum
1080 4016 1155 4074 diem
1184 4018 1359 4078 indixerant.
1405 4022 1474 4078 Haee

387 4122 583 4178 drennntiant
611 4123 713 4182 Tullo.
757 4124 834 4180 Tum
866 4124 970 4205 legatis
1005 4124 1107 4181 Tullus
1151 4124 1263 4182 dicendi
1291 4135 1473 4202 potestatem,

416 4228 486 4301 quid
498 4278 501 4286 f
507 4237 636 4303 petentes
657 4229 797 4299 venerint,
818 4204 898 4289 facit.
931 4229 979 4287 Illi
1000 4230 1128 4287 omnium
1150 4230 1243 4304 ignari
1265 4231 1392 4306 primum
1407 4250 1474 4307 pnr-

415 4334 512 4407 gando
532 4341 628 4389 terunt
649 4342 776 4410 tempus:
798 4353 830 4392 se
850 4335 1133 4410 invitosquicquam‚
1158 4335 1235 4411 quod
1251 4336 1344 4392 minus
1359 4335 1474 4411 placeat
