3392 5084
457 510 496 565 56
892 506 971 557 Liber
988 506 1010 559 I.

385 689 598 765 sportendere.
641 690 710 747 Hor
730 689 933 765 perpetuitatis
955 690 1085 766 auspicio
1104 699 1234 766 eccepto,
1255 696 1383 749 secutum
1402 688 1485 747 aliud

415 795 644 870 magnitudinem
666 794 780 871 imperii
801 794 977 870 portendens
1000 794 1163 871 prodigium
1187 806 1244 853 est:
1271 802 1362 870 caput
1376 795 1484 852 huma·

414 919 484 957 num
505 899 619 976 integra
640 899 715 959 facie
737 900 933 976 aperientibus
960 898 1149 959 fundamenta
1179 900 1280 977 templi
1300 900 1408 959 dicitur
1431 917 1484 973 ap-

384 1005 555 1081 dparuisse.
610 1004 683 1079 Qua
711 1004 777 1062 visa
805 1005 917 1080 species
943 1006 1022 1063 haud
1051 1023 1105 1081 per
1131 1006 1271 1081 ambages
1292 1024 1389 1065 arcem
1414 1023 1482 1063 eam

413 1110 528 1186 imperii
549 1119 696 1187 caputque
716 1127 813 1168 rerum
834 1109 899 1169 fora
920 1111 1124 1187 portendebat3
1161 1110 1249 1185 idque
1280 1112 1322 1167 ita
1350 1108 1484 1169 cecinere
1529 1080 1530 1167 i

384 1222 506 1287 ivatas,
544 1215 651 1291 quique
672 1216 702 1272 in
724 1217 796 1273 urbe
817 1225 901 1273 erant
928 1234 1059 1291 quosque
1081 1216 1118 1273 ad
1141 1234 1206 1273 eam
1227 1234 1288 1273 rem
1311 1214 1483 1273 consultan-

412 1324 481 1380 dam
503 1341 541 1379 ex
568 1322 688 1381 Etruria
718 1321 893 1379 acciverant.
949 1322 1124 1396 Augebatur
1154 1322 1193 1379 ed
1221 1321 1369 1396 impensus
1402 1319 1482 1395 regis

413 1426 542 1497 animum
563 1427 663 1501 itaque
687 1427 852 1503 Pomptina
874 1427 1032 1498 manubiae,
1062 1445 1126 1502 quae
1147 1426 1332 1502 perducendo
1354 1424 1392 1482 ad
1418 1423 1482 1481 cnl-

413 1553 480 1591 men
502 1534 582 1610 operi
602 1532 752 1591 destinata
782 1542 879 1603 erant,
912 1530 963 1589 vix
981 1533 1012 1589 in
1032 1530 1222 1591 firndamenta
1245 1527 1480 1605 suppeditavere.

381 1640 459 1698 8Eo
481 1640 576 1715 magis
597 1638 709 1708 Fabio,
728 1647 923 1714 preterquam
948 1638 1026 1713 quod
1049 1636 1195 1713 antiquior
1216 1645 1275 1706 est,
1297 1633 1480 1701 crediderim,

381 1743 607 1819 tiquadraginta
629 1762 665 1799 ea
685 1743 749 1801 sola
769 1742 880 1801 talenta
897 1742 1004 1833 inisse,
1027 1762 1115 1818 quam
1137 1741 1254 1811 Pisoni,
1275 1739 1327 1815 qui
1350 1739 1479 1814 quadra·

411 1850 494 1924 ginta
515 1848 608 1905 millia
628 1847 727 1922 pondo
749 1850 861 1923 argenti
883 1850 1011 1926 seposita
1031 1848 1062 1905 in
1082 1867 1148 1907 eam
1171 1866 1232 1905 rem
1254 1844 1369 1915 scribit,
1400 1862 1480 1903 sum·

412 1974 491 2011 mam
513 1954 642 2029 pecuniae
661 1972 756 2027 neque
777 1972 815 2011 ex
836 1954 921 2013 unius
942 1964 1003 2011 tum
1027 1953 1105 2011 urbis
1127 1952 1227 2028 preda
1249 1950 1429 2027 sperandam
1453 1958 1480 2006 et

411 2059 516 2117 nullius
540 2078 577 2116 ne
597 2060 702 2116 horum
733 2057 848 2133 quidem
874 2055 1122 2135 [magnificentiae]
1146 2074 1267 2132 operum
1288 2055 1479 2114 fundamenta

318 2153 363 2223 56
411 2184 470 2223 non
491 2172 742 2239 exsuperaturam.
785 2165 917 2221 Intentus
939 2163 1115 2240 perficiendo
1138 2162 1256 2238 templo,
1281 2160 1372 2219 labris
1393 2161 1478 2219 undi-

412 2290 468 2347 que
490 2288 527 2327 ex
548 2270 669 2327 Etruria
691 2270 804 2340 accitis,
836 2287 896 2327 non
922 2270 1046 2344 pecunie
1067 2270 1160 2327 solum
1184 2270 1222 2326 ad
1243 2269 1273 2327 id
1294 2266 1416 2341 publica¹
1436 2273 1479 2323 est

410 2394 497 2445 usus,
528 2375 579 2432 sed
601 2376 698 2449 operis
719 2376 806 2434 etiam
829 2373 981 2449 explebe.
1026 2374 1084 2448 Qui
1107 2392 1196 2449 quum
1216 2371 1296 2430 haud
1317 2390 1429 2447 parvus
1451 2380 1478 2428 et

381 2477 475 2558 2ipee
496 2480 605 2537 militiae
628 2480 783 2538 adderetur
812 2481 912 2550 labar,
933 2481 1027 2538 minus
1054 2486 1152 2537 tamen
1178 2478 1260 2553 plebs
1286 2478 1477 2553 gravabatur,

412 2604 444 2642 ee
465 2584 577 2659 templa
596 2584 683 2641 deum
703 2584 884 2642 exaedificare
906 2584 1039 2642 manibus
1061 2585 1135 2655 suis,
1159 2602 1248 2659 quam
1268 2589 1427 2657 postquam
1451 2588 1477 2637 ct

412 2690 450 2747 ad
472 2690 546 2759 alia,
577 2697 609 2745 ut
630 2689 727 2763 specie
748 2689 876 2758 minora,
904 2689 945 2745 sic
972 2688 1082 2747 laboris
1103 2690 1253 2765 eliquanto
1275 2686 1395 2744 maioris
1418 2696 1478 2744 tra⁴

411 2796 592 2852 ducebantur
613 2813 718 2870 opera,
744 2792 826 2851 foros
845 2795 876 2851 in
900 2794 977 2855 circo
998 2794 1148 2853 faciendos
1170 2794 1360 2867 cloacamque
1383 2792 1475 2849 maxi·

411 2917 506 2968 mam,
533 2898 747 2973 receptaculum
767 2900 895 2957 omnium
922 2908 1180 2975 purgamentorum
1201 2897 1295 2967 urbis,
1323 2899 1476 2955 subterra

411 3003 580 3079 agendam·
595 3004 700 3077 quibus
721 3003 835 3063 duobus
858 3005 995 3081 operibns
1010 3006 1061 3063 vix
1081 3023 1160 3062 nova
1180 3004 1242 3061 hare
1261 3001 1476 3077 magnificentia

380 3107 397 3163 3
412 3109 568 3184 quicquam
583 3110 738 3184 adaequare
758 3110 862 3185 potuit.
906 3112 961 3169 His
985 3109 1134 3169 laboribus
1150 3108 1278 3165 exercita
1291 3107 1387 3182 plebe,
1408 3106 1476 3180 qnia

411 3223 440 3273 et
459 3216 525 3272 urbi
545 3214 772 3286 multitudinem,
793 3216 843 3272 ubi
867 3234 936 3274 usus
957 3236 1017 3273 non
1038 3223 1129 3283 esset,
1159 3212 1240 3269 oneri
1260 3214 1380 3269 rebatur
1404 3229 1475 3279 esse,

370 3317 373 3323 ’
410 3329 441 3378 et
461 3302 572 3377 colonis
593 3319 743 3377 mittendis
765 3324 903 3396 occupari
924 3321 1011 3379 latius
1032 3318 1147 3394 imperii
1166 3319 1238 3376 fines
1260 3317 1388 3386 volebat,
1410 3316 1474 3391 sig-

409 3426 489 3483 niam
516 3422 704 3498 Circeiosque
731 3426 852 3483 eolonos
884 3426 976 3495 misit,
1007 3424 1143 3499 praesidia
1174 3423 1240 3480 urbi
1271 3421 1371 3481 futura
1398 3431 1474 3481 terra

411 3549 551 3604 mamque.
1090 3597 1093 3602 ,

380 3633 398 3687 4
495 3636 569 3692 Haec
590 3635 689 3709 agenti
708 3642 873 3711 portentum
893 3634 1019 3691 terribile
1039 3632 1148 3691 visum:
1171 3632 1274 3707 anguis
1290 3650 1328 3689 ex
1341 3632 1475 3689 columne
1529 3648 1530 3713 ᾗ

411 3741 508 3817 lignea
522 3740 639 3814 elapsus
651 3759 740 3815 quum
757 3751 898 3799 terrorem
913 3738 1072 3813 fugamque
1093 3738 1123 3794 in
1140 3737 1222 3813 regia
1237 3736 1364 3809 fecisset,
1385 3738 1473 3814 ipsius
1529 3776 1530 3807 3

407 3845 485 3920 regis
506 3864 565 3903 nou
587 3855 647 3904 tam
669 3846 767 3904 subito
789 3863 901 3922 pavore
927 3842 1049 3919 perculit
1068 3851 1169 3917 pectus
1191 3861 1279 3917 quam
1306 3843 1402 3901 anxiis
1423 3843 1472 3902 im·

378 3949 395 4001 5
406 3949 499 4024 plevit
519 3950 604 4007 curis.
653 3952 759 4025 Itaque
775 3968 863 4026 quum
880 3949 917 4005 ad
931 3948 1048 4024 publica
1069 3948 1205 4024 prodigia
1225 3947 1343 4007 Etrusci
1363 3955 1472 4005 tantum

409 4062 492 4111 vates
509 4055 735 4126 adhiberentur,
762 4057 819 4113 hoc
848 4054 928 4111 velut
953 4054 1112 4111 domestico
1142 4053 1296 4111 exterritus
1318 4052 1383 4110 visu
1404 4052 1472 4111 Del·

396 4137 482 4234 phos
505 4160 543 4217 ad
570 4160 698 4218 maxime
729 4161 860 4219 inclitum
888 4160 918 4217 in
944 4158 1027 4217 terris
1059 4159 1207 4217 oraculum
1231 4159 1343 4216 mittere
1364 4158 1471 4217 statuit.
1529 4166 1530 4175 ¹

295 4293 297 4298 ·
378 4264 513 4340 dNeque
535 4283 678 4340 responsa
699 4266 820 4323 sortium
839 4264 890 4321 ulli
913 4264 962 4322 alii
983 4264 1162 4323 committere
1185 4282 1282 4334 auaue,
1303 4263 1378 4323 duos
1402 4263 1472 4321 filios
