3392 5084
538 449 618 534 sites
632 482 708 535 vm.
744 482 790 545 (Δ.
810 480 858 532 cn.
876 481 951 545 aas.)
1174 483 1230 538 125

224 668 379 743 Nymphius
405 679 557 743 praetorem
580 666 754 727 Samnitium
776 677 838 724 arte
861 685 1014 742 aggressus
1035 667 1209 743 perpulerat,
1232 676 1272 735 ut,

225 774 354 848 quoniam
380 774 474 831 omnia
494 775 645 832 Romanus
672 773 815 831 exereitus
844 782 895 831 aut
921 771 999 830 eirca
1020 773 1190 848 Palaepolim
1223 781 1273 828 aut

223 877 386 937 inSamuio
419 888 508 949 esset,
537 880 643 936 maeret
670 897 702 935 se
723 878 816 936 classe
843 877 1019 934 circumvehi
1045 879 1083 935 ad
1108 881 1272 936 Romanum

223 1002 327 1058 agrum,
348 1004 407 1042 non
429 1004 510 1043 oram
534 987 621 1042 modo
643 984 741 1055 maris,
763 980 815 1040 sed
844 983 902 1059 ipsi
930 983 994 1040 urbi
1024 984 1188 1060 propinqua
1208 983 1274 1040 lora

223 1089 474 1164 depopulaturum
503 1090 556 1147 sed
576 1098 608 1146 ut
628 1088 751 1158 falleret,
774 1097 859 1146 noete
880 1090 1118 1164 proficiscendum
1140 1107 1203 1146 esse
1222 1093 1303 1148 ex·2

222 1193 381 1269 temploque
412 1213 502 1253 naves
533 1195 726 1257 deducendas.
783 1193 870 1268 Quod
908 1213 966 1269 quo
1004 1195 1143 1252 maturius
1183 1196 1273 1266 lieret,

222 1301 307 1357 omnis
330 1300 464 1360 iuventus
478 1301 650 1360 Samnitium
671 1311 777 1377 prater
796 1299 992 1358 neeessariam
1014 1301 1093 1358 urbis
1107 1300 1272 1376 praesidium

223 1406 254 1462 ad
275 1406 343 1462 litus
369 1407 466 1466 missa.
512 1405 573 1466 Ubi
602 1407 670 1463 dum
691 1406 857 1482 Nymphius
886 1405 916 1461 iu
944 1406 1070 1463 tenebris
1091 1415 1120 1464 et
1144 1407 1303 1467 multitu-3

222 1512 281 1567 dine
307 1522 400 1569 semet
418 1513 484 1588 ipsa
504 1511 691 1586 impediente,
713 1512 814 1571 sedulo
836 1511 901 1568 aliis
922 1511 981 1568 alia
1001 1511 1123 1587 imperia
1144 1514 1272 1584 turbans,

222 1617 281 1674 terit
303 1627 428 1692 tempus,
453 1616 606 1676 Charilaus
628 1637 667 1674 ex
686 1618 848 1694 composito
873 1619 911 1676 ab
940 1618 1026 1676 sociis
1046 1619 1076 1676 iu
1098 1621 1197 1677 urbem
1221 1638 1273 1676 re-

222 1735 329 1798 ceptus,
360 1741 449 1798 quum
481 1741 595 1780 summa
624 1723 704 1780 urbis
730 1726 865 1781 Romano
897 1724 986 1781 milite
1017 1724 1179 1799 implesset,
1211 1724 1273 1782 tolli

222 1830 372 1887 clamorem
394 1830 488 1899 iussit;
510 1829 548 1886 ad
565 1847 651 1903 quem
663 1829 769 1901 Greci,
791 1830 874 1904 signo
897 1838 1018 1905 aeuepto
1042 1849 1060 1886 a
1083 1832 1271 1907 principibus,

223 1936 360 2008 quievere,
381 1937 491 1994 Nolani
512 1955 564 2011 per
587 1953 722 1993 aversam
743 1945 855 2010 partem
878 1936 956 1993 urbis
978 1937 1027 1995 via
1040 1937 1149 1994 Nolam
1163 1935 1300 1996 ferentel

223 2037 364 2114 effugiunt.
414 2041 592 2103 Samnitibus
614 2039 737 2097 exclusis
760 2041 796 2097 ab
821 2043 893 2099 urbe
914 2051 946 2100 ut
966 2043 1128 2118 expeditior
1148 2043 1179 2100 iu
1200 2061 1273 2117 pra·

222 2147 307 2203 santia
330 2146 416 2222 fuga,
443 2147 485 2204 ita
511 2145 630 2216 foedior,
661 2155 815 2221 postquam
842 2149 971 2223 periculo
1002 2159 1169 2219 evaserunt,
1201 2149 1273 2218 visa,

223 2253 324 2328 quippe
355 2252 405 2327 qui
435 2254 574 2323 inermes,
606 2252 686 2309 nulla
715 2270 811 2308 rerum
838 2272 956 2312 suarum
986 2274 1044 2312 non
1071 2255 1172 2312 relicta
1200 2255 1304 2312 interi

222 2357 322 2428 hostes,
348 2356 505 2414 ludibrium
526 2377 585 2414 non
605 2358 732 2415 externis
758 2359 855 2431 ruodo,
884 2361 936 2418 sed
965 2362 1052 2419 etiam
1074 2358 1273 2435 popularibus,

222 2463 331 2543 spoliati
352 2471 441 2537 atque
461 2472 577 2539 egentes
601 2464 703 2522 domos
726 2464 845 2537 rediere.
889 2467 978 2524 Haud
991 2467 1108 2542 ignarus
1130 2465 1304 2541 opinionis6

223 2544 342 2641 alterius,
366 2589 425 2644 qua
446 2571 507 2628 hoeo
527 2570 655 2644 proditio
674 2570 712 2628 ab
728 2569 906 2628 Samnitibus
929 2571 1009 2630 faeta
1030 2570 1161 2640 traditur,
1184 2590 1272 2646 quum

223 2678 383 2735 auctoribus
407 2679 463 2734 hoo
484 2676 560 2747 dedi,
579 2677 684 2750 quibus
707 2676 822 2751 dignius
844 2677 923 2736 credi
945 2688 996 2748 est,
1018 2686 1079 2736 tum
1102 2672 1196 2734 foedus
1212 2677 1273 2735 Ne·

224 2784 396 2857 spolitanum
426 2784 473 2857 [eo
495 2783 570 2840 enim
600 2782 703 2839 deinde
735 2800 849 2840 summa
868 2784 911 2840 rei
933 2783 1102 2842 Groeoorum
1125 2781 1214 2861 venit)
1236 2785 1274 2841 si-

223 2889 309 2946 milius
331 2908 401 2946 vero
424 2889 514 2968 facit,
531 2889 611 2964 ipsos
631 2888 662 2944 in
687 2888 843 2947 amicitiam
866 2890 983 2948 redisse.
1026 2889 1152 2948 Publilio
1174 2889 1303 2952 trium-7

220 2996 287 3069 phus
308 2997 452 3066 decretus,
473 2995 552 3070 quod
575 2995 646 3052 satis
661 2995 843 3063 credebatur,
865 2995 1155 3054 obsidione'domitos
1176 2997 1274 3053 hostes

221 3100 350 3160 infidam
372 3102 493 3159 venisse.
547 3102 616 3158 Duo
648 3101 808 3175 singularia
827 3103 889 3158 haec
921 3101 947 3157 ei
972 3101 1036 3157 viro
1058 3102 1182 3176 primum
1205 3120 1273 3158 oon-

223 3207 315 3280 tigere,
329 3208 499 3284 prorogatio
514 3206 637 3282 imperii,
652 3226 710 3264 non
725 3216 793 3264 ante
806 3207 837 3262 in
854 3205 913 3262 ullo
928 3204 1016 3274 facta,
1038 3215 1067 3262 et
1081 3216 1147 3267 acto
1162 3209 1273 3264 honore

223 3313 386 3390 triumphus.
906 3322 908 3326 ’

298 3420 390 3478 Aliud
411 3419 533 3478 subinde
557 3418 663 3476 bellum
686 3436 751 3475 eum
773 3415 890 3474 alterius
912 3435 969 3472 01·ae
992 3415 1103 3475 Grauis
1127 3425 1270 3478 exortum.
1325 3411 1369 3479 27

223 3523 352 3601 Namque
373 3526 524 3584 Tarentini
545 3544 632 3600 quum
655 3541 716 3581 rem
739 3523 978 3599 Palaepolitanam
1001 3541 1079 3580 vana
1100 3539 1152 3597 spe
1173 3521 1303 3578 auxilii2

224 3630 393 3705 aliquamdiu
415 3632 623 3702 sustinuissent,
645 3637 801 3704 postquam
821 3631 971 3687 Romanos
1000 3630 1071 3686 urbe
1093 3627 1201 3703 potitos
1225 3646 1274 3684 aa·

225 3755 327 3814 repere,
349 3739 429 3796 velut
449 3738 577 3795 destituti
598 3755 633 3794 ae
656 3755 715 3794 non
745 3736 795 3811 qui
815 3735 872 3812 ipsi
893 3734 1102 3803 destituissent,
1123 3733 1274 3810 inerepare

224 3844 452 3922 Palaepolitanos,
472 3845 518 3901 ira
539 3851 627 3918 atque
644 3842 755 3900 invidia
774 3843 804 3899 in
817 3844 966 3900 Romanos
987 3840 1092 3911 furere,
1118 3859 1153 3896 eo
1176 3839 1273 3904 etiam,

225 3955 295 4024 quod
326 3955 463 4011 Lucanos
495 3957 525 4008 et
554 3948 669 4024 Apulos
708 3953 786 4016 (nam
819 3959 942 4024 utraque
974 3967 1008 4004 eo
1041 3964 1117 4004 anuo
1149 3945 1273 4004 societas

226 4069 311 4133 erepta
332 4067 389 4129 est)
414 4061 446 4116 in
465 4057 551 4114 fidem
565 4055 666 4129 populi
687 4054 812 4112 Romani
825 4054 939 4112 venisse
954 4053 1072 4112 allatum
1088 4061 1144 4109 est:
1167 4051 1303 4127 quippe3

225 4167 425 4239 propemodum
453 4172 624 4240 perventum
655 4159 691 4216 ad
713 4178 745 4217 se
767 4177 843 4231 esse,
865 4159 982 4233 iamque
1009 4158 1038 4214 iu
1060 4177 1095 4215 eo
1117 4177 1178 4215 rem
1199 4157 1272 4228 fore,

226 4281 253 4326 ut
271 4274 393 4332 Romani
422 4281 474 4329 aut
494 4271 592 4327 hostes
624 4276 675 4325 aut
702 4265 812 4324 domini
840 4265 966 4326 habendi
992 4264 1059 4322 siut.
1110 4263 1303 4321 Discrimenl
