3392 5084
447 558 448 564 η
531 528 611 578 Liber
626 525 676 581 rx.
719 529 767 591 (n.
782 526 828 578 cn.
843 527 916 593 sss.)
1152 533 1212 589 tas

193 713 314 787 periculi
337 713 476 783 subisset,
498 714 576 788 quod
598 712 775 772 Macedones
795 731 884 773 unum
907 714 1107 772 Alexandrum
1135 713 1253 772 babuis-

195 827 263 889 sent,
287 819 384 876 multis
406 820 520 877 casibus
541 837 599 877 non
614 819 707 876 solum
724 819 893 892 obnoxium,
913 820 1069 879 sedetiam
1085 817 1253 879 offerentem

194 921 236 994 se,
265 925 395 986 Romani
421 925 504 983 multi
531 924 652 983 inissent
679 925 851 983 Alexandro
880 927 928 984 vel
957 927 1052 1002 gloria
1079 925 1127 983 vel
1155 945 1251 985 rernm
1267 931 1305 988 to

193 1031 391 1106 magnitudine
416 1047 517 1105 pares,
547 1049 669 1105 quorum
702 1049 755 1088 suo
785 1033 908 1107 quisque
934 1031 1011 1103 fato,
1046 1032 1109 1089 aine
1135 1033 1252 1108 publico

192 1137 363 1208 discrimine,
384 1137 495 1193 viveret
517 1145 757 1210 merereturque·

272 1245 391 1311 Restat,
414 1252 445 1298 ut
466 1241 556 1317 copia
578 1242 898 1317 copiisacomperentur
918 1243 967 1300 vel
988 1261 1108 1301 numero
1129 1244 1177 1301 vel
1197 1244 1252 1302 mi·
1305 1241 1345 1309 19

189 1347 268 1404 litum
303 1367 410 1423 genere
441 1348 489 1404 vel
516 1347 697 1404 multitudine
731 1347 914 1405 auxiliorum.
963 1345 1163 1408 Censebantur
1189 1351 1281 1408 einai

189 1454 280 1510 atatis
302 1453 400 1510 lustris
422 1454 537 1510 ducena
557 1455 761 1528 quinquagena
788 1455 879 1512 millia
900 1456 1038 1531 capitum.
1089 1456 1194 1530 Itaque
1216 1455 1250 1512 in

189 1559 265 1616 omni
289 1559 451 1616 defectione
472 1560 615 1618 sociorum
631 1561 729 1617 Latini
750 1560 875 1617 nominis
896 1562 1010 1619 urbano
1029 1579 1122 1637 prope
1144 1561 1251 1619 dilectu
1352 1585 1356 1594 ¹

189 1667 286 1722 decem
309 1666 510 1724 scribebantur
530 1666 672 1742 legiones3
694 1665 828 1741 quaterni
850 1665 988 1740 quinique
1008 1666 1150 1725 exereitus
1172 1669 1280 1743 sapei

187 1791 235 1846 per
259 1791 311 1828 eos
335 1789 426 1829 annos
439 1771 468 1828 in
489 1773 617 1843 Etruria,
637 1772 666 1829 in
681 1771 814 1840 Umbria,
837 1771 932 1830 Gallis
953 1773 1084 1830 hostibus
1098 1772 1250 1844 adiunctis,

187 1879 212 1934 in
234 1877 367 1948 Samnio,
387 1879 418 1935 in
429 1880 556 1937 Lucanis
578 1878 717 1954 gerebant
741 1877 875 1936 bellum·
901 1878 1018 1936 Latium
1040 1877 1143 1936 deinde
1164 1884 1280 1938 omn‘el

187 2003 249 2041 curn
272 1983 392 2042 Sabinis
414 1993 443 2042 et
464 1983 580 2042 Volscis
603 1993 631 2040 et
652 1983 760 2057 AEquis
782 1991 811 2040 et
832 1980 1095 2057 omni.Campania
1116 1993 1145 2042 et
1165 1992 1250 2060 parte

187 2091 317 2148 Umbria
344 2091 525 2166 Etruriaeque
553 2100 581 2150 et
610 2089 777 2150 Picentibus
809 2098 838 2146 et
851 2111 853 2115 ·
866 2085 974 2146 Marsis
995 2071 1182 2164 Pelignisque
1214 2107 1250 2146 ac

186 2197 316 2253 Vestinis
350 2203 436 2270 atque
458 2195 578 2271 Apulis,
609 2195 745 2254 adiuncta
773 2193 852 2252 omni
883 2212 935 2251 ora
965 2191 1135 2252 Graecorum
1162 2193 1255 2252 inieri'

185 2303 274 2360 meris
308 2320 327 2358 a
353 2302 472 2358 Thuriis
498 2270 656 2377 Neapolim
695 2310 723 2358 et
752 2300 861 2359 Cumas
893 2305 923 2355 et
955 2297 1022 2355 inde
1044 2300 1135 2357 Antio
1161 2309 1251 2376 atque

187 2407 276 2465 Ostiis
314 2414 406 2478 tenus,
428 2416 478 2464 aut
512 2407 607 2464 socios
635 2407 749 2464 validos
778 2404 918 2465 Romanis
958 2413 1009 2461 aut
1034 2403 1144 2464 fractos
1172 2407 1250 2465 bello
1321 2453 1330 2462 ,

186 2513 345 2571 invenisset
384 2515 492 2574 hostes.
556 2514 624 2588 lpse
667 2513 826 2571 traiecisset
870 2529 952 2570 mere
993 2528 1059 2568 cnm
1104 2513 1279 2576 veteranis5

186 2618 396 2678 Macedonibus
429 2636 487 2674 non
515 2617 580 2693 plus
616 2619 735 2694 triginta
767 2617 894 2675 millibus
928 2617 1077 2674 bominum
1106 2626 1135 2675 et
1164 2627 1249 2692 quat·

185 2733 250 2782 tuor
273 2724 400 2782 millibus
422 2722 559 2798 equitum,
581 2723 708 2780 maxime
729 2721 951 2791 Thessalorum
982 2724 1039 2780 boc
1064 2723 1140 2780 enim
1160 2725 1248 2782 robo-

185 2831 223 2886 ris
254 2839 328 2890 erat.
370 2831 487 2900 Persas,
518 2829 608 2886 Indos
639 2826 776 2901 aliasque=
798 2827 823 2884 si
847 2827 1028 2886 adiunxisset
1054 2838 1168 2904 gentes,
1193 2830 1248 2887 im-

185 2936 383 3010 pedimentum
405 2934 498 2991 maius
514 2952 602 3008 qnam
624 2933 763 2990 auxilinm
784 2936 921 2992 traheret
968 2934 1066 3005 Adde,
1087 2936 1165 3009 quod
1186 2937 1278 2995 ltu-t
1386 2974 1389 2979 -

184 3042 280 3098 manis
303 3041 342 3098 ad
363 3057 479 3098 manum
502 3039 581 3098 domi
602 3039 831 3124 supplementum
854 3049 940 3113 esset,
967 3041 1148 3112 Alexandro,
1170 3042 1249 3116 quod

184 3156 290 3222 postea
311 3147 470 3204 Hannibali
489 3147 601 3217 accidit,
623 3146 717 3204 alieno
731 3146 763 3203 in
782 3165 854 3222 egro
876 3147 995 3206 bellanti
1016 3147 1158 3205 exercitus
1179 3166 1249 3205 con·

185 3253 341 3313 senuisset.
396 3255 492 3310 Arma
523 3253 631 3328 clipeus
663 3251 819 3327 sarisoeqne
849 3254 920 3324 illis;
958 3256 1092 3314 Romano
1125 3258 1277 3325 scutum?

185 3361 281 3416 maius
305 3359 421 3435 corpori
442 3367 647 3434 tegumentum,
669 3368 697 3414 et
717 3357 818 3433 pilum,
839 3359 920 3416 haud
941 3359 1030 3433 paulo
1052 3377 1140 3432 quam
1161 3360 1248 3416 hasta
1342 3359 1347 3368 “

184 3465 385 3522 vehementius
415 3464 473 3522 ictu
502 3465 648 3539 missuque
677 3463 776 3524 telum.
831 3463 977 3523 Statorius
1003 3472 1124 3539 uterque
1156 3465 1278 3537 miles,8

186 3571 303 3628 ordines
333 3589 464 3640 servans3
488 3570 539 3626 scd
559 3570 610 3627 ille
636 3571 765 3647 phalanx
786 3569 943 3627 immobilis
964 3578 993 3626 et
1020 3569 1105 3627 unius
1124 3571 1247 3646 generis,

185 3679 323 3735 Romana
347 3676 424 3734 acies
449 3675 624 3748 distinctior,
646 3677 832 3752 expluribus
855 3675 986 3750 pertibus
1007 3687 1152 3747 constans,
1175 3676 1247 3734 faci·

184 3782 217 3839 lis
242 3781 388 3858 perdenti,
415 3801 587 3857 quacunque
608 3801 681 3858 opus
709 3791 797 3852 esset,
825 3779 919 3838 facilis
940 3779 1078 3855 iungenti.
1126 3783 1192 3840 Iam
1216 3783 1277 3840 ins

186 3881 276 3963 opere
305 3889 369 3962 quis
395 3905 450 3964 par
471 3889 604 3946 Romano
632 3889 733 3947 miles?
766 3888 830 3963 quis
852 3888 891 3944 ad
911 3886 1092 3943 tolerandum
1116 3887 1248 3945 laborem

186 3991 309 4051 melior?
336 3995 404 4054 Uno
426 3993 529 4069 proelio
550 3995 643 4052 victus
665 3995 835 4052 Alexander
856 3991 933 4050 bello
955 3993 1047 4049 victus
1068 4001 1159 4063 esset3
1186 3995 1247 4052 Ro·

187 4117 316 4170 manum,
331 4119 415 4174 quem
428 4098 581 4172 Caudium,
593 4119 677 4175 quern
690 4099 798 4158 Canna
807 4117 867 4157 non
878 4096 1035 4172 fregerunt,
1042 4116 1107 4172 qua
1114 4098 1248 4175 fregisset

188 4203 286 4263 scies?
308 4205 356 4262 Ne
376 4205 424 4263 ille
446 4225 531 4281 sape,
553 4207 665 4264 etiamsi
681 4207 777 4282 prima
791 4221 931 4280 prospere
948 4203 1118 4276 evenissent,
1139 4207 1246 4264 Persas
1263 4203 1299 4257 10

188 4321 215 4368 et
238 4313 330 4370 Indos
358 4321 394 4368 et·
414 4311 558 4370 imbellem
585 4312 688 4370 Asiam
714 4311 877 4387 quaesisset,
904 4317 933 4366 et
961 4328 1025 4367 cum
1043 4311 1169 4376 ,feminis
1191 4313 1248 4370 sibi
1278 4318 1280 4323 '

1001 4413 1048 4466 η’
