3392 5084
484 523 540 580 tut
750 523 829 574 utun
839 523 876 574 11.
912 523 957 589 (s.
970 537 1029 574 ee.
1042 527 1199 584 sse-see.)

437 707 548 764 consuli
568 706 680 776 meum,
700 725 752 764 cur
771 726 827 783 pro
846 708 926 768 ricto
946 709 1122 784 relinqueret
1140 711 1269 781 hostem,
1298 712 1413 788 integro
1434 711 1492 768 inde

437 813 580 870 decedens
600 811 686 872 bello.

343 913 387 986 88
521 919 602 977 Inter
629 920 692 977 haec
722 917 799 978 belle
828 929 963 976 menente
994 919 1140 984 discordie
1172 921 1266 991 domi,
1302 923 1437 980 consules
1459 923 1489 980 T.

407 1025 590 1084 lNumicius
610 1025 744 1096 Priscus,
771 1029 811 1085 A.
833 1025 989 1101 Verginius
1018 1025 1097 1086 iboti.
1144 1027 1214 1086 Non
1240 1029 1318 1086 ultre
1346 1029 1493 1086 uidebatur

254 1117 534 1238 ff‘fflgss'liim
554 1132 653 1208 plebes
674 1131 841 1190 diletionem
865 1131 988 1207 eguerioe
1002 1132 1084 1210 legis,
1105 1133 1265 1208 ultimaque
1276 1135 1320 1192 vis
1329 1135 1491 1211 parebatur,

284 1226 290 1240 '
419 1221 544 1313 quum,
571 1238 697 1296 Volscos
727 1237 845 1310 edmse,
872 1237 953 1296 inmo
983 1258 1026 1307 ex,
1045 1239 1185 1298 incendiis
1213 1240 1348 1298 villorum
1371 1240 1492 1315 fugaque

321 1317 328 1330 ⁰
437 1345 592 1421 agrestium
615 1344 760 1420 cognitum
783 1354 835 1401 est
880 1343 925 1402 lle
946 1363 992 1402 res
1015 1355 1158 1404 maturum
1182 1346 1241 1402 iem
1265 1345 1436 1404 seditionem
1463 1363 1492 1401 ee

408 1460 424 1513 3
436 1469 529 1527 prope
542 1459 739 1526 erumpentem
749 1450 896 1525 repressit.
938 1450 1089 1525 Consules,
1110 1463 1213 1510 coecto
1227 1452 1374 1528 extemplo
1390 1461 1492 1519 emetu,

368 1547 372 1555 ’
437 1559 475 1614 ed
497 1556 605 1615 bellum
628 1555 732 1612 educte
760 1574 798 1612 ex
824 1527 904 1614 urbe'
917 1557 1081 1629 iuventute,
1114 1557 1344 1634 tranquilliorem
1373 1568 1490 1616 cererem

407 1663 552 1739 splebem
574 1661 711 1720 iecerunt.
755 1661 795 1719 Et
814 1662 913 1720 hostes
925 1663 1050 1738 quidem,
1072 1665 1143 1722 nihil
1164 1665 1243 1724 eliud
1265 1665 1353 1739 quem
1376 1663 1492 1740 perfusis

408 1780 517 1833 5vnno
528 1768 632 1824 timore
646 1765 796 1836 Romanis,
820 1766 910 1824 citeto
932 1769 1047 1843 agmine
1069 1772 1189 1841 ebeuut3
1208 1767 1363 1828 'Numicius
1378 1771 1490 1829 Antium

439 1875 580 1932 adversus
594 1872 729 1943 Volscos,
753 1871 911 1948 Verginius
933 1883 1035 1932 contre
1055 1876 1173 1950 AEqnos
1194 1873 1352 1949 profectus.
1397 1874 1444 1933 Ibi
1462 1893 1491 1930 ex

439 1978 549 2037 insidiis
569 1997 661 2055 prope
682 1995 790 2053 megne
811 1984 932 2053 eccepto
955 1978 1053 2050 clude,
1082 1979 1174 2038 virtus
1204 1957 1325 2038 militum
1345 1997 1409 2038 rem
1434 1997 1491 2056 pro-

409 2085 552 2162 blnpeum
573 2084 749 2160 negligentia
769 2083 895 2141 consulis
916 2085 1049 2144 restitnit.
1092 2086 1197 2145 Melius
1220 2087 1251 2144 in
1272 2084 1389 2144 Volscis
1410 2084 1492 2159 impc-

436 2202 534 2250 retnm
555 2200 614 2266 est3
635 2188 693 2249 iusi
713 2189 808 2265 primo
829 2190 941 2265 proelio
955 2192 1053 2248 hostes
1074 2189 1203 2268 fngeque
1213 2192 1243 2249 in
1254 2191 1355 2249 urbem
1368 2189 1492 2256 Antium,
1524 2243 1525 2248 ,

438 2308 471 2354 ut
492 2305 553 2355 tum
575 2315 622 2355 ree
635 2305 727 2367 erem,
748 2295 995 2372 opulentissimam
1011 2299 1079 2357 euti.
1111 2297 1207 2372 Quem
1218 2296 1320 2356 consul
1330 2311 1491 2372 oppugnare
1524 2293 1525 2358 i

438 2421 496 2460 non
511 2421 598 2461 ensns
613 2402 778 2471 Cseuonem,
798 2402 877 2460 eliud
892 2404 1030 2480 oppidum
1044 2421 1228 2479 nequaquem
1245 2412 1307 2462 tem
1322 2401 1491 2478 opulentum,

410 2509 478 2565 leb
499 2507 667 2565 Antistibue
687 2507 772 2583 cepit
814 2508 893 2565 Dum
906 2507 999 2584 AEqui
1011 2507 1171 2584 Volscique
1185 2511 1335 2568 Romanor
1357 2506 1491 2566 exercitu

438 2624 550 2684 tenent,
575 2612 689 2672 ’Sebini
717 2630 810 2689 usque
837 2613 874 2671 ed
902 2622 1003 2690 portes
1035 2613 1115 2673 urbis
1142 2615 1317 2691 populantes
1348 2615 1490 2672 incessere
1523 2643 1524 2700 3

440 2720 554 2781 Deinde
574 2720 631 2796 ipsi
651 2719 753 2795 peucis
773 2728 841 2795 post
862 2718 964 2776 diebus
985 2719 1023 2776 sb
1045 2720 1158 2777 dnobus
1171 2719 1355 2791 exercitibus,
1375 2732 1489 2792 utroque

439 2826 585 2901 perirem
608 2825 726 2883 coemto
745 2824 877 2900 ingresso
899 2825 928 2883 in
949 2827 1030 2894 tinen,
1054 2826 1120 2901 plus
1141 2825 1276 2898 eludium,
1297 2845 1385 2901 quem
1396 2824 1489 2884 intule-

439 2940 515 3002 rent,
536 2902 739 3008 succeperunt,x

347 3038 392 3108 64
523 3035 664 3094 Extremo
685 3055 763 3094 euno
781 3037 865 3134 pecie
888 3036 997 3112 aliquid
1018 3036 1087 3108 fuit,
1118 3039 1186 3110 sed,
1213 3048 1246 3095 ut
1275 3057 1390 3115 semper
1418 3038 1490 3101 ebes,

409 3143 569 3208 2sollicitce
588 3143 670 3219 pecie
691 3142 849 3201 certamine
869 3151 984 3218 petrum
1000 3151 1030 3200 et
1042 3143 1144 3218 plebis.
1175 3145 1258 3202 Irete
1269 3143 1352 3220 plebs
1363 3145 1490 3202 interesse

310 3270 317 3274 “
440 3247 640 3306 consuleribus
669 3247 793 3306 comitiis
819 3247 926 3317 noluit;
957 3267 1010 3324 per
1044 3259 1143 3325 putres
1178 3249 1355 3325 clientesque
1385 3261 1489 3326 petrum

257 3336 428 3458 filimi&
441 3353 574 3412 consules
604 3355 695 3412 creeti
718 3356 756 3413 T.
779 3352 947 3429 Quinctius,
977 3354 1014 3428 Q.
1037 3354 1185 3414 Servilius.
1233 3355 1363 3415 Similem
1393 3373 1488 3413 ennuu

286 3443 293 3458 ’
423 3446 532 3536 'priori
552 3456 713 3539 [consules]
737 3461 855 3529 hebent,
877 3459 1016 3529 seditiose
1035 3461 1131 3532 initia,
1161 3462 1237 3520 bello
1256 3461 1361 3520 ‹ldnde
1381 3473 1490 3519 externo

411 3565 606 3640 3trenquille
652 3565 756 3625 Sebini
776 3563 979 3624 Crustuminos
1000 3585 1123 3643 campos
1144 3557 1233 3626 citato
1259 3568 1380 3644 egmine
1406 3578 1490 3625 uuus

440 3672 547 3746 gressi,
569 3689 657 3747 quum
679 3670 771 3728 codes
791 3680 821 3726 et
840 3671 974 3730 incendis
995 3673 1102 3731 circum
1125 3673 1268 3732 Anienem
1289 3676 1397 3732 flumen
1416 3673 1488 3732 iecis-
1520 3699 1521 3714 1

441 3788 513 3849 sent,
536 3797 555 3834 e
575 3786 662 3854 portu
680 3795 773 3852 prope
788 3773 904 3834 colline
925 3779 1133 3854 moenibusque
1155 3778 1232 3857 pulsi
1252 3779 1385 3856 ingentes
1403 3791 1488 3840 temen

412 3884 555 3959 iproedns
579 3879 728 3941 hominnm
755 3900 953 3959 pecorumque
984 3903 1078 3960 egere.
1128 3885 1210 3960 Quos
1232 3885 1373 3946 Servilius
1400 3883 1488 3944 consul

441 3988 545 4047 infesto
567 3987 695 4064 cumcito
715 3988 861 4046 insecutus
881 3989 976 4065 ipsum
1000 3989 1114 4066 quidem
1138 4009 1243 4068 agmen
1265 3993 1387 4069 adipisci
1411 3988 1488 4067 equis

440 4097 512 4153 locis
532 4113 591 4154 nou
611 4095 716 4172 potuit,
738 4095 957 4171 populationem
979 4097 1054 4156 sdeo
1075 4096 1168 4156 effuse
1188 4098 1266 4170 iecit,
1287 4109 1320 4156 ut
1341 4098 1411 4156 nibil
1424 4093 1487 4156 bello

440 4201 579 4259 intectum
601 4201 774 4276 relinqueret
793 4201 1001 4278 multiplicique
1022 4215 1109 4280 cepte
1129 4205 1230 4280 presule
1250 4205 1368 4264 rediret
