3392 5084
491 517 570 567 Liber
588 518 623 567 v.
658 514 705 579 (Δ.
719 514 937 610 caasa-sas.)
1119 521 1201 606 ¹287

208 702 370 773 nequeenim
400 717 450 759 eos
479 708 530 757 aut
559 700 627 757 vitas
648 700 707 759 ullo
738 701 858 761 erimine
879 700 943 764 ⁴alio
970 710 1022 761 aut
1048 703 1122 777 gesti
1153 705 1245 780 magi·

207 814 290 863 suetus
325 806 478 880 quisquam
517 806 674 879 arguebat,
712 816 906 882 preterquam
941 809 1020 883 quod
1049 808 1246 883 grauficantes

206 910 310 983 patribus
330 912 479 985 rogationi
499 910 659 969 tribuniciae
672 912 912 973 intercessissent
955 914 1036 971 Vicit
1056 922 1155 972 tamen
1176 926 1274 989 gra-7

206 1014 257 1071 tiam
280 1024 396 1073 senatus
423 1016 517 1092 plebis
546 1016 605 1086 ira,
638 1026 669 1073 et
697 1016 824 1091 pessimo
854 1018 988 1093 exemplo
1019 1019 1132 1075 innoxii
1162 1020 1245 1077 denis

205 1120 303 1177 milibus
323 1122 425 1197 gravis
446 1122 512 1179 aeris
540 1122 724 1181 condemnati
745 1129 821 1179 sunt.
869 1122 907 1179 Id
929 1140 1007 1197 aegre
1034 1123 1115 1197 passi
1134 1133 1244 1199 patres.

205 1223 317 1283 Camillus
347 1227 449 1302 palam
480 1226 596 1285 sceleris
623 1227 737 1303 plebem
765 1209 902 1303 arguere,
936 1247 1002 1303 quae
1029 1228 1088 1285 iam
1114 1228 1146 1284 in
1173 1236 1274 1293 suase

204 1348 267 1387 tersa
285 1350 340 1389 non
362 1332 547 1408 intelligeret,
572 1350 603 1389 se
628 1351 722 1408 pravo
750 1332 858 1391 iudicio
890 1334 927 1391 de
958 1332 1080 1391 tribunis
1107 1333 1243 1391 interces-

203 1436 287 1493 sionem
308 1439 470 1509 sustulisse,
490 1438 697 1495 intercessione
718 1437 835 1495 sublata
863 1437 1046 1495 tribuniciam
1068 1446 1242 1513 potestatem
1313 1444 1316 1448 ’

203 1542 321 1603 evenisse.
364 1544 446 1601 Nam
470 1545 548 1619 quod
564 1542 606 1601 illi
626 1551 793 1618 sperarent,
815 1542 986 1601 effrenatam
1007 1543 1152 1601 licentiam
1181 1543 1272 1609 eiust)

203 1647 361 1719 magistratus
385 1656 485 1723 patres
505 1647 631 1719 laturos,
653 1646 715 1705 falli
737 1665 798 1706 eoa.
844 1646 877 1707 Si
897 1647 1052 1707 tribunicia
1081 1630 1242 1707 vistribu-

202 1750 256 1808 uicio
281 1754 391 1811 auxilio
422 1752 524 1828 repelli
552 1752 801 1827 nequeat,.aliud
828 1752 918 1811 telum
947 1762 1046 1828 patres
1073 1755 1241 1813 inventuros

202 1872 253 1918 aaa.
294 1857 497 1932 consulesque
518 1857 702 1932 increpabat,
732 1857 810 1931 quod
836 1858 894 1915 fide
923 1858 1041 1934 publica
1068 1855 1162 1935 decipi
1188 1859 1292 1923 tri-10

201 1960 270 2019 bunos
289 1982 338 2021 eos
360 1964 445 2022 taciti
466 1964 613 2034 tulissent,
646 1962 696 2037 qni
717 1970 834 2021 senatus
858 1964 1062 2077 auctorisatam
1082 1966 1174 2023 secuti
1195 1982 1241 2023 es·

200 2075 252 2125 sent.
293 2069 366 2127 Haec
387 2069 543 2145 propalam
569 2066 820 2144 contionabundus
848 2068 880 2124 in
906 2068 968 2125 dies
997 2070 1090 2143 magis
1112 2070 1241 2144 augebat

199 2170 240 2227 iras
257 2174 418 2243 hominum3
451 2181 583 2231 senatum
614 2190 686 2231 vero
714 2171 835 2229 incitare
866 2172 1006 2229 adversm
1035 2174 1129 2249 legem
1160 2175 1240 2231 haud
1286 2167 1333 2237 8⁰

199 2274 341 2335 desistebat:
360 2278 507 2356 realiter
528 2277 735 2343 descenderent
754 2276 785 2333 in
807 2276 922 2347 iorum,
950 2296 1039 2352 quum
1061 2278 1124 2337 dies
1144 2278 1239 2335 feren·
1297 2267 1300 2271 ⁵

199 2380 308 2457 lelegis
337 2384 484 2456 venisset,
514 2400 601 2457 quam
630 2391 663 2439 ut
690 2382 740 2457 qui
770 2382 983 2451 meminissent,
1010 2382 1066 2441 sibi
1094 2402 1148 2458 pro
1180 2384 1239 2442 aris

197 2482 300 2562 iocisque
321 2498 350 2545 et
379 2490 467 2551 deuna
490 2488 605 2562 templis
632 2488 771 2558 aceolo,
793 2488 822 2543 in
845 2506 905 2561 quo
924 2487 988 2545 nati
1014 2496 1124 2557 essent,
1148 2488 1239 2551 dimi-

197 2594 293 2651 undum
323 2594 402 2653 fore.
457 2593 536 2651 Nam
566 2592 646 2666 quod
668 2593 704 2649 ad
736 2610 767 2649 se
797 2592 934 2667 privatim
961 2593 1098 2663 attineat,
1126 2594 1151 2651 si
1179 2604 1269 2659 suaa2

197 2695 272 2769 glorie
290 2699 345 2757 sibi
374 2699 454 2755 inter
474 2696 689 2755 dimicationem
718 2699 821 2772 patriar
848 2698 1014 2755 meminisse
1033 2698 1074 2755 sit
1089 2698 1152 2770 fus,
1183 2701 1240 2758 sibi

198 2803 298 2877 amplum
321 2821 443 2879 quoque
464 2811 543 2873 esse,
566 2803 667 2861 urbem
689 2804 728 2859 ab
749 2818 781 2859 se
803 2810 919 2877 captam
942 2801 1137 2878 frequentari,
1165 2824 1238 2880 quo·

196 2904 247 2965 tidie
264 2928 292 2967 se
320 2908 382 2969 frui
413 2914 599 2966 monumento
626 2907 726 2982 glorie
757 2924 817 2965 susa
845 2916 875 2963 et
904 2916 973 2965 ante
1002 2908 1102 2965 oculos
1131 2911 1239 2969 babere
1325 2963 1327 2967 .

197 3013 272 3069 arbem
292 3016 384 3073 latam
401 3014 432 3069 ia
453 3013 599 3087 triumpho
614 3031 678 3082 suo,
692 3012 825 3069 insistere
846 3030 948 3069 omnes
969 3014 1098 3088 vestigiis
1119 3014 1238 3073 laudum

197 3132 302 3189 sumam3
329 3120 384 3177 sed
407 3118 490 3177 nefas
512 3119 631 3186 ducere,
659 3117 803 3174 desertam
834 3134 870 3174 ac
890 3117 1020 3174 relictam
1043 3121 1081 3176 ab
1103 3120 1158 3176 diis
1184 3121 1268 3185 im-3

196 3224 342 3298 mortalibus
363 3224 454 3303 incoli
475 3224 590 3293 urbem,
621 3229 650 3277 et
670 3221 700 3277 in
722 3222 838 3296 captivo
860 3222 924 3280 solo
946 3223 1078 3279 babitare
1098 3224 1238 3299 populum

197 3324 344 3400 Romanum,
368 3338 398 3387 et
421 3328 537 3387 victrice
546 3327 655 3403 ,patria
668 3327 775 3385 vietam
798 3328 913 3387 mutari.
956 3328 1012 3385 His
1028 3327 1268 3385 adhortatam-4

196 3428 234 3487 bus
255 3436 391 3511 principis
422 3431 560 3504 concitati
586 3442 701 3505 patres,
735 3450 818 3489 senes
839 3432 1033 3506 iuvenesque,
1063 3450 1152 3507 qaum
1179 3432 1238 3491 ier·
1273 3451 1281 3469 ·

196 3544 255 3593 retur
273 3540 333 3611 lex,
361 3537 480 3613 agmine
507 3536 586 3595 sueto
612 3538 642 3593 in
665 3536 761 3595 iorum
791 3547 946 3611 venerunt,
973 3537 1164 3614 dissipatique
1184 3558 1239 3614 per

197 3638 273 3711 uibus,
301 3662 372 3701 euos
396 3642 519 3717 quisque
539 3642 659 3701 tribules
688 3651 876 3721 prensantes,
904 3662 990 3702 orare
1016 3662 1082 3701 cum
1110 3642 1238 3702 lacrimis

197 3758 297 3818 cepere,
327 3768 367 3805 ne
389 3766 455 3808 eam
487 3746 627 3822 patriam,
657 3766 712 3824 pro
746 3766 805 3823 qua
836 3747 993 3806 fortissime
1014 3747 1266 3823 felicissimeqna5

196 3844 235 3920 ipsi
253 3871 283 3910 ao
296 3862 396 3929 patres
411 3870 512 3909 eorum
527 3852 721 3930 dimicassent,
742 3852 916 3921 desererent,
938 3850 1124 3927 Capitolium,
1146 3854 1237 3928 sedem

198 3948 286 4027 Veste,
307 3968 407 4016 cetera
426 3957 507 4015 circa
527 3957 636 4032 templa
664 3957 784 4015 deorum
807 3964 997 4026 ostentantem
1030 3976 1067 4013 ne
1097 3956 1269 4029 exsulem,b

197 4067 316 4119 extorrem
336 4061 480 4138 populum
502 4062 668 4121 Romanum
690 4064 727 4120 ab
748 4062 811 4119 solo
832 4061 929 4135 patrio
950 4081 986 4119 ac
1007 4062 1062 4118 diis
1083 4063 1238 4137 penatibus

196 4158 346 4225 inbostium
369 4168 471 4257 urbem
493 4174 627 4241 agerent,
649 4184 755 4241 eoque¹
771 4184 832 4223 rem
862 4166 1048 4235 adducerent,
1077 4176 1109 4223 ut
1135 4166 1238 4225 melius

197 4262 263 4327 luerit
281 4292 337 4331 non
368 4272 434 4348 capi
458 4271 559 4342 Veios,
590 4289 629 4327 na
651 4271 746 4329 Roma
773 4270 962 4330 desereretur.
1016 4270 1094 4343 Quia
1121 4289 1180 4327 non
1207 4267 1269 4327 vil
