3392 5084
459 519 462 526 ,
558 469 702 524 ninom
735 467 933 535 (nonem.)
1139 523 1142 540 ,
1175 477 1234 537 183

217 653 352 722 tenebam
391 653 459 710 inde
489 655 700 730 contemplatus
736 655 873 731 opulente
904 654 1029 716 mune
1062 674 1136 714 urvo
1170 657 1274 718 militen
1366 643 1368 649 ¹

217 758 332 818 emittit.
391 758 505 834 Ingenti
526 759 585 819 ium
620 761 725 821 theoto
757 763 868 838 proedo,
899 761 1092 823 tumultuarie
1118 764 1273 838 agrestium
1289 767 1324 823 12

215 864 408 924 Etruseorum
433 865 578 936 conones,
602 875 720 942 repente
740 885 759 924 e
779 865 958 942 principibus
976 851 1103 942 iegtonie
1124 867 1185 927 eine
1206 886 1274 929 oon·

216 969 326 1040 cittene,
344 970 484 1038 Romanis
507 981 668 1042 occurrunt,
690 971 763 1031 odeo
777 949 984 1047 inoompoeitm,
1005 982 1039 1032 ut
1057 973 1185 1031 vindices
1198 992 1274 1050 pree·

216 1076 322 1136 derum
343 1094 435 1152 prope
454 1076 513 1152 ipsi
530 1077 635 1152 prede
661 1077 776 1140 fuerint.
835 1075 925 1136 cesis
944 1077 1111 1154 fugatisque
1129 1079 1181 1150 iis,
1215 1080 1324 1141 lete13

216 1183 395 1259 depopulato
417 1199 500 1258 agro,
519 1183 772 1245 victui-Romanus
796 1181 1008 1258 opulentusque
1028 1201 1124 1244 rerum
1145 1186 1273 1244 omnium

215 1289 305 1363 eopia
325 1289 355 1348 is
377 1299 473 1346 oestro
494 1288 587 1349 rediit.
634 1290 680 1350 Eo
709 1289 785 1348 forte
811 1288 938 1366 quinque
962 1289 1051 1366 legati
1074 1307 1138 1348 oum
1159 1290 1273 1353 dnobus
1289 1299 1324 1354 tt

214 1395 340 1454 tribunis
371 1393 463 1471 plebis
494 1401 633 1464 uenerant
662 1394 861 1452 denuntiatum
894 1393 990 1454 uenio
1021 1404 1138 1454 senatus
1167 1399 1274 1469 verbis,

213 1519 250 1558 ne
272 1500 379 1561 saltum
409 1498 563 1559 Ciminium
589 1499 733 1560 transiret.
789 1499 907 1571 netad,
938 1499 1032 1560 serius
1058 1519 1098 1573 se,
1124 1521 1213 1577 quem
1242 1513 1276 1561 ut

213 1605 357 1680 impedire
366 1605 477 1675 bellum
497 1615 625 1680 possent,
648 1605 770 1674 venisse,
791 1604 883 1662 nuntii
896 1605 1026 1666 victorine
1038 1608 1162 1673 Remum
1177 1627 1273 1668 rever-

213 1720 324 1772 tuntur.

299 1817 368 1876 Hes
389 1816 571 1893 expeditione
593 1814 717 1872 consulis
738 1823 847 1872 motum
868 1815 957 1874 letius
978 1827 1041 1874 eret
1062 1836 1150 1892 quom
1174 1818 1273 1894 prodi·
1322 1819 1366 1888 3⁵1

213 1935 317 1998 gutum
340 1923 460 1993 bellum3
489 1921 680 1982 vastationem
702 1939 828 1996 namque
856 1923 909 1980 sub
934 1920 1050 1984 Ciminii
1070 1926 1176 1983 montio
1195 1926 1272 1986 redi·

213 2029 298 2086 cibus
320 2029 417 2088 iuuene
439 2047 492 2088 ore
513 2039 651 2094 senserat,
672 2026 894 2100 conciveratque
907 2027 1104 2104 indignatione
1116 2049 1177 2090 non
1185 2031 1273 2090 neu-

211 2134 262 2194 rim
284 2135 374 2192 modo
388 2134 521 2210 populos,
542 2133 593 2190 sed
607 2131 737 2192 Umbrim
757 2132 888 2196 finitima.
906 2197 909 2203 ,
929 2133 1044 2208 Itaque,
1065 2145 1190 2210 quantus
1213 2140 1302 2196 nont

212 2261 344 2317 unquam
372 2248 474 2309 antee,
507 2239 648 2298 exercitus
676 2238 714 2296 ed
744 2238 872 2326 Sutrium
900 2239 994 2310 venit3
1027 2258 1123 2314 neque
1150 2260 1167 2298 e
1192 2241 1274 2300 silvie

212 2347 415 2406 tantummodo
448 2356 583 2422 promotu
610 2344 721 2415 ous'tru,
753 2343 804 2402 sed
831 2345 929 2416 etium,
951 2345 1090 2404 uviditote
1117 2347 1273 2406 dimicandi

199 2433 450 2531 quamprimum,
471 2451 502 2510 in
523 2467 641 2525 campos
660 2450 756 2511 deleta
772 2450 858 2511 enies.
900 2453 1013 2513 Deinde
1026 2453 1165 2516 instructu
1178 2453 1302 2528 primo3

211 2578 264 2618 suo
289 2560 467 2628 mareloco,
500 2557 600 2617 relicto
629 2556 706 2614 hosti
737 2556 776 2614 ed
800 2557 1000 2626 'instruendum
1031 2568 1132 2617 contro
1160 2560 1272 2635 sputi03

211 2665 289 2736 dein,
312 2674 464 2741 postquem
488 2664 647 2722 detrectare
668 2663 781 2732 hostem
800 2680 918 2726 sensere
940 2681 1079 2739 pugnem,
1105 2664 1144 2721 nd
1162 2664 1271 2724 nullum

210 2773 347 2830 subeunt.
391 2770 450 2830 Uni
469 2778 625 2844 postquem
647 2768 784 2826 stationes
800 2787 916 2846 quoqne
936 2779 1067 2845 receptus
1087 2770 1164 2828 intre
1178 2771 1301 2830 muni-4

211 2883 312 2932 menta
333 2892 462 2944 sensere,
491 2874 602 2931 elamor
621 2886 739 2951 repente
760 2853 836 2933 eirca
868 2874 956 2934 duces
978 2886 1075 2949 ortus,
1107 2885 1195 2942 uteo
1216 2877 1272 2945 sibi

212 2999 227 3038 e
249 2979 355 3040 cestris
377 2980 487 3038 tiberin
509 2980 570 3038 eius
595 2981 654 3040 diei
681 2980 787 3042 defemi
813 2981 959 3051 iubenent:
992 3001 1144 3042 mensurus
1165 3001 1196 3040 se
1217 2984 1270 3041 sub

213 3086 307 3144 nmis
327 3096 355 3146 et
370 3097 420 3148 eut
449 3096 533 3146 noete
555 3096 604 3142 aut
626 3095 702 3144 certe
723 3087 786 3144 luoe
806 3088 902 3162 prime
924 3097 1020 3148 oestro
1040 3089 1167 3147 hostium
1188 3087 1270 3146 invu-

209 3211 307 3256 suroe.
350 3191 449 3252 Nihilo
472 3189 595 3266 quietior
614 3193 764 3250 Romanus
786 3192 930 3250 exercitus
957 3194 1078 3269 imperio
1100 3195 1181 3252 ducis
1201 3201 1299 3254 oon-5

210 3299 348 3364 tinetur„
383 3297 506 3359 Decime
534 3307 597 3356 eret
624 3296 686 3356 fere
715 3297 771 3354 diei
796 3299 884 3368 horo,
917 3316 1005 3374 quum
1038 3298 1135 3358 oibum
1166 3317 1270 3374 capere

211 3403 315 3468 consul
338 3403 442 3462 milites
471 3402 563 3472 iubet3
595 3402 746 3479 prmoipit„
770 3412 802 3461 ut
832 3403 863 3462 in
884 3403 972 3463 ermis
993 3403 1065 3474 sint,
1098 3422 1271 3479 quecunque

212 3510 270 3576 diei
300 3509 429 3568 noctisve
452 3509 525 3568 hora
555 3510 667 3586 signum
698 3508 817 3568 dederit.
858 3506 966 3565 Peneis
980 3507 1086 3593 milites
1100 3511 1299 3586 alloquitur36
1438 3493 1471 3581 ⁸„

212 3614 387 3678 Samnitium
402 3615 478 3675 belle
496 3613 616 3685 extollit,
641 3613 735 3672 elevet
748 3614 903 3682 Etruscos3
926 3631 979 3671 neo
991 3614 1104 3680 hostem
1122 3617 1202 3681 ⁴hosti
1216 3635 1269 3675 neo
1381 3599 1385 3604 ’

211 3721 423 3786 multitudinem
438 3721 611 3782 multitudini
625 3720 855 3796 comparendum,
866 3718 922 3788 eitt
937 3734 1017 3785 ,esse
1026 3731 1167 3795 preterea
1180 3722 1268 3780 telum

211 3829 293 3888 eliud
315 3828 472 3896 oconltum3
492 3828 615 3888 scituros
638 3827 668 3884 in
690 3837 833 3902 tempore3
855 3827 966 3894 interea
987 3827 1080 3890 teneri
1097 3845 1170 3902 opus
1195 3845 1268 3884 esse.

212 3936 269 3994 Hie
281 3933 453 4009 ambagibus
468 3933 551 4009 prodi
566 3933 720 3994 simulabat
733 3934 841 4003 hostes,
856 3951 914 4006 que
930 3932 1044 3996 enimus
1056 3933 1178 3995 militnm
1192 3932 1268 3993 mul·
1282 3939 1297 3993 7

212 4040 335 4100 titudine
361 4040 476 4100 territus
497 4039 707 4108 restituendum
734 4048 776 4111 et,
808 4038 887 4114 quod
907 4037 981 4105 sine⁴
995 4017 1172 4105 munimento
1200 4058 1268 4101 oon·

213 4149 356 4217 siderent,
386 4147 449 4210 neti
478 4145 597 4226 similius
623 4155 700 4215 eret,
721 4145 800 4220 qnod
827 4145 1028 4232 eimulebutur.
1080 4144 1180 4206 Cureti
1202 4145 1268 4207 cibo

214 4271 339 4329 corpore
360 4252 448 4329 quieti
468 4253 553 4325 dunt,
583 4262 612 4308 et
633 4262 736 4327 quarta
757 4250 817 4310 fere
838 4252 1023 4328 vigilium
1043 4252 1165 4313 tumultu
1188 4253 1268 4316 exei-
