3392 5084
508 501 587 552 Liber
603 501 666 554 Ἧι
701 501 748 566 (Δ.
766 500 815 551 ch.
834 501 910 564 aaa.)
1159 504 1197 560 tu

206 689 262 745 ultio
280 688 328 744 irae
351 689 413 744 haec
440 694 469 744 et
488 705 548 744 non
570 687 684 745 occasio
706 688 872 764 cupiditatis
902 689 1051 765 explendus
1073 695 1170 758 esset
1186 706 1239 763 pa·

205 815 254 850 rum
274 793 336 864 nit„
357 793 436 867 quod
456 792 546 849 semel
573 792 604 849 in
625 794 752 853 Sidicino
774 815 862 871 agro,
894 797 997 854 iterum
1027 797 1057 854 in
1079 793 1242 869 Campania

205 901 256 975 ipsa
280 899 407 974 legiones
435 908 549 956 nostras
571 898 720 959 cecidere?
742 899 814 974 Quae
836 912 880 960 est
901 903 960 961 ista
979 911 1040 960 tam
1060 900 1167 959 infesta
1186 900 1241 969 ira,
1256 904 1292 960 15

205 1024 276 1079 quam
306 1025 360 1080 per
391 1005 463 1062 duas
495 1007 572 1062 acies
604 1003 685 1062 fursus
714 1008 832 1082 sanguis
863 1009 979 1084 explere
1006 1027 1065 1064 non
1092 978 1241 1082 poluerit?

204 1113 274 1169 Adde
299 1113 356 1168 huc
386 1111 603 1187 populationem
631 1131 783 1188 agrorum,
820 1116 934 1190 praedas
967 1114 1115 1173 hominum
1154 1121 1243 1186 atque

203 1218 327 1294 pecudum
350 1225 443 1287 actas,
465 1216 599 1274 incendia
618 1218 751 1276 villarum
775 1239 811 1278 ac
831 1221 945 1291 ruinas,
976 1220 1080 1278 omnia
1099 1218 1178 1276 ferro
1199 1217 1242 1292 ig-

202 1325 273 1398 nique
291 1331 420 1379 vastata.
463 1322 584 1380 Hiscine
603 1324 649 1381 ira
671 1325 781 1400 expleri
801 1345 859 1384 uon
883 1325 996 1402 potuit?
1020 1326 1080 1386 Sed
1101 1323 1243 1400 cupiditas
1258 1323 1300 1380 16*

203 1430 332 1506 explenda
352 1436 404 1485 est.
451 1429 499 1487 Ea
527 1430 565 1486 ad
587 1432 811 1506 oppugnandam
833 1431 967 1508 Capuam
994 1432 1088 1507 rapit3
1119 1441 1170 1488 aut
1186 1431 1243 1512 'de-

201 1536 248 1592 lere
266 1537 370 1593 urbem
390 1534 614 1610 pulcherrimam
636 1523 688 1594 aut
708 1537 763 1613 ipsi
784 1539 934 1614 possidere
957 1540 1067 1601 volunt,
1110 1537 1168 1597 Sed
1190 1553 1243 1593 vos
1259 1538 1294 1591 17

202 1643 292 1716 potius,
314 1640 457 1711 Romani,
485 1641 623 1698 beneflcio
653 1653 751 1700 uestro
784 1654 925 1720 occupate
947 1664 1026 1713 eam,
1058 1663 1145 1719 quam
1177 1643 1243 1701 illos

201 1748 293 1805 labere
315 1767 371 1824 per
390 1748 562 1805 maleficium
583 1748 694 1806 sinatis.
740 1749 810 1806 Non
837 1748 942 1824 loquor
964 1751 1042 1826 apud
1063 1758 1242 1808 recusantem

199 1855 263 1911 iusta
283 1854 365 1911 bella
384 1853 537 1929 populum3
557 1855 609 1910 sed
630 1863 737 1925 tamen,
757 1855 783 1911 si
803 1856 985 1913 ostenderitis
1007 1855 1116 1914 auxilia
1137 1866 1245 1926 vestra,

199 1979 228 2016 ue
253 1961 333 2018 bello
366 1959 482 2034 quidem
513 1959 639 2017 arbitror
668 1961 753 2018 vobis
784 1979 859 2036 opus
879 1960 951 2019 fore.
998 1961 1100 2036 Usque
1123 1963 1160 2019 ad
1191 1961 1296 2019 n0s18

199 2075 372 2141 contemptus
394 2064 565 2123 Samnitium
592 2067 737 2141 pervenit,
764 2085 853 2142 supra
874 2085 932 2123 uon
959 2068 1096 2128 escendit.
1140 2069 1246 2143 Itaque

199 2174 290 2230 umbra
312 2171 404 2228 vestri
425 2171 535 2243 auxilii,
556 2173 691 2243 Romani,
713 2173 772 2249 tegi
793 2191 962 2252 possumus,
985 2171 1121 2247 quicquid
1141 2172 1247 2230 deinde

198 2280 387 2346 babuerimus,
419 2274 554 2350 quicquid
582 2275 638 2351 ipsi
658 2276 811 2348 fuerimus,
841 2287 969 2336 vestrum
991 2277 1021 2335 id
1043 2295 1128 2334 omne
1149 2276 1247 2334 existi·

198 2386 304 2443 maturi.
356 2382 451 2440 Vobis
477 2383 607 2440 arabitur
637 2401 708 2457 ager
730 2381 912 2458 Campanus,
933 2383 1018 2442 vobis
1035 2381 1148 2459 Capua
1178 2385 1247 2441 urbs
1263 2379 1297 2436 19

198 2490 435 2567 frequentabitur3
467 2488 663 2560 conditorum,
693 2491 870 2565 parentium,
893 2491 1012 2547 deorum
1042 2489 1248 2547 immoltalium

197 2617 310 2656 numero
336 2595 422 2652 nobis
444 2594 537 2663 eritis3
558 2597 639 2653 nulla
659 2597 774 2654 colonia
794 2606 892 2654 vestra
911 2595 987 2671 erit„
1001 2615 1065 2670 quae
1086 2614 1140 2653 uos
1162 2596 1248 2652 obse-

199 2705 257 2776 quio
289 2721 364 2777 erga
393 2719 447 2758 vos
478 2702 591 2776 fideque
611 2710 735 2777 superet
783 2703 927 2772 Ananim,
959 2711 1056 2778 patres
1086 2699 1250 2776 conscripti,
1261 2697 1300 2752 20

198 2821 288 2866 nutum
315 2826 480 2882 numenque
501 2817 628 2890 vestrum
650 2809 787 2866 invictum
810 2807 968 2884 Campanis
1002 2815 1031 2864 et
1057 2807 1153 2864 iubete
1185 2824 1250 2884 spe·

197 2934 269 2987 rare,
299 2913 474 2972 incolumem
497 2911 628 2988 Capuam
655 2915 794 2974 futuram.
843 2913 910 2988 Qua
935 2912 1097 2989 frequentia
1122 2899 1299 2970 omnium2l

197 3039 331 3095 generum
353 3019 542 3076 multitudinis
565 3031 756 3094 prosequente
778 3020 892 3078 creditis
913 3038 967 3076 nos
987 3019 1065 3077 illinc
1085 3015 1250 3094 profectos?

197 3146 278 3201 quam
304 3125 406 3183 omnia
425 3135 559 3181 votorum
580 3125 824 3200 lacrimarumque
844 3126 930 3201 plena
952 3124 1120 3200 reliquisse?
1141 3124 1171 3180 iu
1193 3141 1252 3198 qua

196 3251 266 3289 nunc
288 3231 506 3306 exspect-atione
525 3240 657 3287 senatum
678 3215 875 3306 populumque
896 3230 1093 3306 Campanum,
1114 3229 1251 3304 coniuges

194 3337 360 3412 liberosque
381 3347 496 3394 nostros
517 3335 708 3394 essei¹Stare
728 3354 842 3394 omnem
860 3336 1068 3394 multitudinem
1091 3335 1128 3391 ad
1149 3345 1250 3408 portas
1262 3333 1301 3389 22

196 3447 268 3503 uam
292 3447 361 3504 hinc
382 3445 520 3503 ferentem
542 3450 774 3518 prospectant-es,
800 3452 908 3500 certum
935 3443 1041 3501 habeo.
1092 3439 1169 3514 Quid
1194 3439 1250 3496 illis

195 3571 254 3622 uos,
276 3561 379 3628 patres
394 3549 558 3625 conscript-i,
579 3548 708 3606 sollicitis
723 3567 758 3605 ac
772 3549 963 3624 pendentibus
986 3547 1073 3604 animi
1087 3545 1252 3611 renuntiare

195 3656 318 3715 iubetis?
354 3655 489 3714 Alterum
521 3673 692 3731 responsum
722 3656 860 3728 salutem,
892 3653 1059 3725 victoriam,
1072 3689 1077 3694 -
1091 3653 1185 3710 lucem
1217 3651 1302 3710 ac23

195 3763 374 3832 libertatem3
406 3761 536 3833 alterum,
566 3760 690 3819 ominari
710 3763 825 3833 horreo,
856 3780 919 3836 quae
940 3759 1024 3817 ierat.
1069 3760 1197 3817 Proinde
1220 3768 1253 3817 nt

196 3880 244 3927 aut
265 3871 304 3927 de
327 3867 431 3925 vestris
451 3866 555 3924 futuris
583 3867 670 3924 sociis
698 3877 786 3943 atquc
807 3868 907 3925 amicis
936 3874 987 3924 aut
1011 3885 1154 3941 nusquam
1187 3867 1252 3924 ullis

195 3974 301 4032 futuris
322 3973 407 4030 nobis
428 3973 593 4030 consulite.“

281 4079 441 4140 Summotis
472 4079 576 4137 deinde
596 4080 714 4155 legatis,
746 4098 834 4154 quum
853 4053 1000 4138 consultus
1029 4090 1145 4135 senatus
1167 4085 1252 4147 esset,
1305 4073 1348 4142 31

196 4189 249 4245 etsi
273 4204 388 4262 magnae
408 4186 486 4262 parti
505 4187 574 4244 urbs
595 4186 726 4244 maxima
749 4168 1023 4262 opulentissimaque
1044 4184 1146 4255 Italiae,
1168 4184 1252 4240 uber·

194 4293 288 4350 rimus
310 4312 382 4369 ager
396 4293 526 4368 marique
546 4293 726 4368 propinquus
746 4293 785 4350 ad
801 4293 956 4351 varietates
978 4310 1099 4351 aunonae
1120 4292 1254 4348 horreum
