3392 5084
665 513 744 561 Liber
760 511 780 560 I.
1170 516 1207 571 29

217 695 309 765 manu,
330 695 375 770 qui
395 696 522 771 proximi
543 706 690 784 steterant,
720 709 752 753 ut
773 696 877 754 nudari
900 696 993 754 latera
1026 716 1079 755 sua
1106 696 1248 754 sociorum

215 802 329 876 digressu
349 812 510 871 senserunt3
531 801 598 858 inde
620 820 707 876 eques
730 802 818 859 citato
840 821 915 877 equo
946 805 1059 861 nuntiat
1085 804 1146 879 regi
1169 802 1250 859 abire

216 908 339 965 Albanos.
362 908 475 965 Tullus
496 908 526 963 in
547 927 579 965 re
599 909 712 984 trepida
727 908 876 965 duodecim
899 909 980 965 vovit
1001 910 1103 978 salios,
1121 908 1249 982 fanaque

215 1014 310 1070 Pallori
331 1032 363 1070 ac
385 1014 506 1071 Pavori.
549 1015 685 1089 Equitem
712 1015 792 1071 clara
812 1015 964 1089 increpans
986 1032 1072 1081 voce,
1101 1024 1133 1069 ut
1151 1015 1281 1070 hostes8

216 1118 381 1188 exaudirent,
408 1118 504 1175 redire
524 1120 554 1175 in
579 1120 720 1193 proelium
738 1120 818 1178 iubet
825 1141 833 1194 ;
865 1120 936 1177 nihil
957 1120 1148 1194 trepidatione
1176 1136 1249 1193 opus

214 1241 280 1289 mse3
299 1241 349 1279 suo
369 1224 449 1281 iussu
472 1225 646 1282 circumduci
666 1226 814 1283 Albanum
836 1227 1002 1293 exercitum,
1021 1236 1053 1283 ut
1067 1223 1250 1282 Fidenatium

214 1330 279 1384 nuda
307 1341 388 1404 terga
415 1331 570 1400 invadant3
602 1332 671 1389 item
696 1332 839 1408 imperat,
868 1342 901 1390 ut
926 1334 1026 1389 hastas
1053 1330 1163 1404 equites
1196 1330 1250 1386 eri·

213 1447 305 1509 gerent.
346 1435 380 1492 Id
410 1435 522 1493 factum
548 1456 662 1513 magum
694 1439 771 1513 parti
797 1438 925 1513 peditum
954 1439 1152 1495 Romanorum
1183 1431 1281 1491 con-9

215 1552 326 1614 spectum
353 1542 487 1599 abeuntis
509 1542 620 1600 Albani
649 1544 792 1602 exercitus
824 1544 1012 1619 mtersaepsit;
1040 1542 1089 1616 qui
1108 1541 1249 1607 viderant,

215 1644 245 1712 id,
262 1647 335 1720 quod
356 1648 393 1704 ab
404 1665 475 1722 rege
489 1648 619 1705 auditum
638 1659 711 1720 erat,
725 1651 782 1707 rati
804 1670 839 1707 eo
855 1652 951 1708 acrius
966 1657 1105 1726 pugnant.
1141 1647 1250 1703 Terror

177 1728 182 1737 ’
215 1750 243 1805 ad
260 1752 351 1809 hostes
371 1754 490 1823 transit,
512 1762 541 1810 et
562 1753 733 1812 audiverant
754 1756 835 1812 clara
857 1774 929 1815 voce
951 1755 1072 1822 dictum,
1095 1763 1123 1809 et
1144 1769 1251 1827 magna

215 1875 268 1929 pars
286 1858 478 1928 Fidenatium,
501 1870 533 1916 ut
554 1860 603 1935 qui
623 1860 718 1917 coloni
741 1861 832 1919 additi
853 1861 993 1919 Romanis
1013 1870 1120 1926 essent,
1147 1859 1250 1915 Latine

217 1962 331 2023 sciebant.
377 1966 484 2039 Itaque
513 1985 550 2023 ne
577 1966 673 2023 subito
707 1985 744 2023 ex
773 1966 894 2024 collibus
923 1968 1045 2025 decursu
1066 1951 1249 2023 'Albanorum
1266 1968 1301 2022 10

217 2067 451 2127 intercluderentur
472 2072 510 2128 ab
533 2072 650 2147 oppido,
672 2082 754 2147 terga
767 2084 891 2130 vertunt.
925 2074 1020 2130 Instat
1034 2072 1147 2140 Tullus,
1168 2070 1250 2126 fuso-

219 2190 261 2245 que
277 2175 457 2234 Fidenatium
488 2196 577 2235 cornu
603 2179 634 2235 in
656 2179 809 2235 Veientem
836 2179 930 2237 aliano
952 2197 1062 2254 pavore
1088 2176 1249 2253 perculsum

218 2276 321 2337 iemcior
338 2283 422 2340 redit.
471 2285 535 2342 Nec
556 2284 597 2340 illi
622 2285 713 2341 tulere
734 2285 888 2360 impetum,
916 2285 967 2343 sed
995 2284 1031 2341 ab
1059 2281 1151 2339 effusa
1180 2280 1250 2355 fuga

219 2384 303 2443 lumen
323 2389 465 2446 obiectum
489 2391 526 2447 ab
555 2399 637 2465 tergo
659 2391 786 2449 arcebat.
831 2390 897 2464 Quo
927 2397 1081 2465 postquam
1111 2386 1182 2461 iuga
1204 2386 1249 2442 in·
1265 2384 1297 2437 ll

220 2489 322 2564 dinavit,
343 2496 392 2552 alii
414 2514 498 2552 arma
519 2495 604 2553 foede
625 2495 767 2553 iactantes
787 2497 817 2553 in
831 2514 938 2571 aquam
953 2493 1021 2551 caeci
1037 2493 1169 2562 ruebant,
1192 2492 1249 2561 alii,

220 2595 272 2653 dum
289 2611 456 2658 cunctantur
475 2602 506 2658 in
526 2601 613 2676 ripis,
641 2601 716 2659 inter
736 2603 813 2678 fugas
834 2618 996 2678 pugnaeque
1025 2599 1174 2656 consilium
1199 2618 1251 2673 op·

220 2704 298 2775 pressi.
337 2690 415 2762 Non
428 2708 487 2763 alia
508 2716 576 2764 ante
595 2708 730 2766 Romana
752 2727 852 2784 pugna
874 2706 999 2763 atrocior
1022 2703 1085 2763 fuit.

283 2810 354 2881 Tum
369 2812 505 2869 Albanus
526 2812 683 2882 exercitus,
705 2823 853 2887 spectator
867 2810 1040 2882 certaminis,
1062 2813 1199 2869 deductus
1220 2812 1250 2867 in
1297 2794 1344 2861 23

221 2929 324 2989 campos.
378 2915 498 2975 Mettius
525 2918 612 2975 Tullo
644 2918 773 2977 devictos
811 2921 910 2977 hostes
937 2916 1113 2993 gratulatum
1152 2928 1253 2974 contra

222 3018 301 3077 Tullus
321 3024 454 3080 Mettium
476 3024 598 3098 benigne
620 3024 785 3098 alloquitur.
828 3025 915 3099 Quod
937 3025 1010 3082 bene
1031 3034 1134 3092 vertat,
1157 3032 1253 3079 castra

222 3124 328 3184 Albanos
348 3130 490 3187 Romanis
511 3130 614 3187 caetris
634 3106 753 3205 iungere
772 3132 866 3201 iubet,
888 3129 1058 3187 sacrificium
1083 3128 1202 3184 lustrale
1222 3128 1251 3183 in

223 3229 278 3286 diem
296 3243 441 3307 posterum
462 3246 557 3310 parat.
589 3237 649 3295 Ubi
669 3236 772 3307 illuxit,
796 3238 907 3313 paratis
922 3234 1064 3303 omnibus,
1089 3243 1122 3319 ut
1135 3215 1282 3300 assolet,2

222 3339 298 3394 vocari
326 3341 364 3395 ed
393 3340 557 3397 contionem
591 3352 745 3417 utrumque
776 3344 933 3401 exercitum
962 3341 1050 3397 iubet.
1099 3340 1251 3395 Praeoones

223 3442 250 3496 ab
266 3455 391 3523 extremo
407 3446 467 3503 orsi
487 3447 597 3522 primos
617 3448 751 3505 excivere
761 3424 906 3506 Albanos.
940 3448 990 3517 Hi,
1012 3445 1140 3502 novitate
1164 3444 1250 3501 etiam

222 3548 253 3603 rei
268 3553 344 3623 moti,
365 3563 397 3609 ut
417 3570 516 3627 regem
536 3554 701 3611 Romanum
722 3555 936 3611 contionantem
958 3552 1104 3621 audirent,
1127 3549 1253 3625 proximi

223 3656 356 3713 comtitere.
398 3658 448 3715 Ex
469 3660 630 3734 composito
652 3670 766 3717 armata
788 3660 983 3718 circumdatur
1003 3661 1138 3717 Romana
1160 3656 1283 3731 legio;3

224 3763 410 3820 centurionibus
432 3763 532 3822 datum
553 3765 701 3841 negotium
724 3782 795 3837 erat,
819 3778 850 3823 ut
871 3767 932 3824 sine
954 3785 1037 3824 mora
1057 3761 1180 3837 imperia
1200 3779 1250 3817 ex·

224 3880 391 3941 sequerentur.
420 3870 497 3927 Tum
519 3871 561 3928 ita
582 3872 685 3929 Tullus
708 3872 784 3929 infit:
812 3871 968 3941 „Romani
990 3871 1015 3927 si
1036 3885 1163 3942 unquam
1185 3871 1280 3923 autel

225 3972 279 4031 abac
294 3975 350 4031 ullo
370 3975 401 4031 in
422 3975 499 4033 bello
513 3975 577 4048 fuit,
601 3978 679 4052 quod
700 3978 826 4053 primum
838 3977 893 4033 diis
916 3974 1126 4034 immortalibus
1141 3974 1251 4047 gratias

226 4082 332 4151 agerem,
353 4082 457 4138 deinde
478 4094 582 4140 vestrae
598 4085 728 4159 ipsorum
745 4082 855 4152 virtuti,
878 4082 1043 4139 hesternum
1058 4081 1088 4136 id
1109 4078 1248 4155 proelium

224 4180 270 4240 init
308 4188 486 4243 Dimicatum
513 4199 557 4244 est
578 4189 653 4245 enim
681 4208 740 4245 non
772 4188 865 4263 magis
898 4206 962 4245 cum
993 4187 1124 4243 hostibus
1154 4203 1250 4258 quam,

175 4285 176 4296 ¹
226 4306 273 4360 qua
290 4292 429 4350 dimicatio
451 4292 544 4349 maior
566 4306 654 4367 atque
675 4292 865 4368 periculosior
880 4303 931 4363 est,
954 4312 1017 4349 cum
1033 4290 1194 4367 proditione
1217 4306 1252 4343 ac
