3392 5084
468 530 507 587 36
894 524 972 575 Liber
989 524 1011 574 1.

394 714 454 770 'liu
480 711 581 771 Tiberi
612 712 711 782 facto,
741 709 876 784 coniungi
904 708 968 765 urbi
998 707 1115 783 placuit.
1182 707 1336 781 Quiritium
1366 728 1481 784 quoqne

424 816 521 888 fossa,
551 818 629 875 haud
657 834 780 892 parvum
806 814 1012 872 munimentum
1045 832 1064 870 a
1090 811 1268 888 planioribus
1300 816 1378 873 aditu
1398 815 1478 885 locis,

393 924 503 984 dAnci
522 923 600 998 regis
622 940 696 998 opus
717 930 768 979 est.
814 920 930 995 Ingenti
949 920 1124 977 incremento
1146 920 1231 977 rebus
1254 922 1362 992 auctis,
1391 940 1475 996 quum

425 1030 455 1087 in
481 1037 564 1085 tanta
589 1027 770 1110 multitudine
792 1026 959 1097 hominum,
981 1025 1144 1083 discrimine
1166 1035 1244 1083 recte
1268 1046 1306 1091 an
1327 1046 1475 1104 perperam
1527 1062 1528 1096 ι

426 1134 496 1192 facti
517 1132 652 1204 confuso,
676 1132 807 1190 facinora
829 1132 1007 1189 clandestina
1027 1132 1137 1219 fierent,
1160 1150 1258 1191 carcer
1278 1134 1316 1189 ad
1341 1144 1479 1191 terrorem
1527 1166 1528 1201 ι

425 1239 607 1297 increscentis
640 1239 768 1297 audacia
800 1238 895 1295 media
920 1238 1009 1307 urbe,
1040 1237 1191 1295 imminens
1218 1238 1283 1297 foro
1313 1240 1478 1296 aedificatun

395 1345 490 1403 9Neo
512 1346 581 1403 urbs
604 1354 715 1403 tantum
736 1347 792 1402 hoc
813 1361 883 1418 rege
904 1342 1013 1414 crevit,
1045 1342 1097 1399 sed
1123 1344 1211 1401 etiam
1241 1363 1311 1419 ager
1340 1345 1474 1419 finesque.

427 1450 509 1511 Silva
535 1450 629 1508 Mesia
654 1450 824 1509 Veientibus
856 1449 1006 1524 adempta,
1035 1467 1127 1524 nsque
1158 1450 1196 1506 ad
1228 1470 1307 1507 mare
1328 1432 1474 1525 imperium
1527 1486 1528 1519 ᾗ

425 1557 571 1633 prolatum
611 1566 638 1615 et
659 1558 690 1614 in
722 1575 772 1613 ore
793 1554 907 1614 Tiberis
930 1553 1015 1611 Ostia
1036 1556 1104 1613 urbs
1129 1556 1261 1626 condita;
1282 1555 1382 1612 salinae
1403 1555 1478 1613 circa
1527 1590 1528 1625 ;

427 1662 521 1734 facta,
543 1663 715 1738 egregieque
737 1664 822 1720 rebus
833 1660 910 1718 bello
928 1660 1025 1735 gestis,
1047 1662 1115 1718 adis
1126 1662 1205 1719 Iovis
1219 1660 1342 1718 Feretrii
1357 1662 1478 1737 amplifi·
1527 1700 1528 1731 ι

426 1777 500 1828 cata.

330 1866 376 1936 34
508 1878 593 1932 Anco
621 1879 760 1947 regnante
790 1873 938 1943 Lucumo,
970 1872 1015 1929 vir
1036 1873 1158 1948 impiger
1184 1892 1218 1930 ac
1239 1873 1346 1930 divitiis
1368 1881 1474 1949 potens,
1527 1924 1528 1933 ,

426 1982 550 2039 Romam
573 1978 773 2053 commigravit
796 1978 929 2053 cupidine
951 1979 1076 2036 maxime
1105 1998 1139 2037 ac
1161 1998 1212 2055 spe
1233 1980 1332 2054 magni
1351 1979 1479 2048 honoris,
1527 2018 1528 2051 ,

426 2087 506 2143 cuius
528 2081 704 2160 adipiscendi
725 2082 893 2156 Tarquiniis
916 2084 994 2155 (nam
1015 2084 1056 2141 ibi
1080 2103 1195 2159 quoque
1216 2086 1369 2161 peregrina
1391 2086 1474 2159 stirpe
1527 2124 1528 2157 ,

395 2188 563 2249 loriundus
584 2190 657 2261 erat)
679 2188 803 2250 facultas
822 2205 882 2245 non
900 2187 1004 2251 luerat.
1053 2190 1205 2248 Demarati
1235 2190 1377 2249 Corinthii
1406 2190 1477 2248 filius
1527 2232 1528 2239 ι

426 2307 503 2368 erat,
533 2297 584 2371 qui
597 2299 635 2355 ob
662 2296 816 2354 seditiones
838 2296 925 2352 domo
947 2293 1086 2371 profugus
1108 2314 1194 2370 quum
1216 2296 1384 2371 Tarquiniis
1406 2296 1480 2354 forte
1527 2336 1528 2371 ,

426 2402 616 2472 consedisset,
648 2422 740 2461 uxore
758 2403 800 2459 ibi
828 2402 924 2471 ducta,
943 2402 1015 2457 duos
1035 2400 1110 2457 filios
1132 2400 1238 2477 genuit.
1286 2402 1417 2459 Nomina
1435 2400 1479 2457 his
1527 2442 1528 2481 ,

319 2506 325 2522 '
395 2510 557 2567 .Lucumo
573 2511 787 2596 atqueArrnns
807 2506 931 2563 fuerunt.
977 2506 1108 2563 Lucumo
1127 2506 1268 2582 superfuit
1288 2509 1366 2583 patri
1387 2509 1474 2565 bono·

425 2633 489 2671 rum
512 2613 639 2672 omnium
660 2615 763 2687 beres3
784 2615 897 2670 Arruns
922 2611 1002 2685 prior
1023 2630 1109 2685 quam
1130 2624 1214 2689 pater
1234 2615 1366 2684 moritur,
1390 2629 1478 2671 uxore

395 2719 549 2795 dgravida
576 2720 687 2777 relicta.
732 2718 797 2774 Nec
828 2718 878 2774 diu
909 2727 1007 2773 manet
1035 2700 1179 2793 sliperstes
1208 2721 1267 2778 filio
1287 2703 1398 2796 'pater3
1431 2717 1474 2793 qui

426 2844 534 2900 quum,
568 2827 706 2901 ignorans
726 2841 830 2880 nurum
851 2832 981 2881 ventrem
1003 2823 1096 2897 ferre,
1122 2826 1274 2883 immemor
1295 2825 1325 2881 in
1347 2823 1473 2882 testando

426 2932 539 3007 nepotis
559 2928 742 2998 decessisset,
773 2946 864 3003 puero
890 2940 956 3007 post
978 2932 1026 2989 avi
1048 2940 1168 2988 mortem
1189 2932 1219 2988 in
1241 2931 1349 2989 nullam
1372 2940 1476 2989 sortem

394 3038 567 3099 tbonorum
596 3044 665 3092 nato
693 3035 730 3091 ab
760 3034 859 3110 inopia
884 3036 992 3111 Egerio
1020 3037 1142 3093 inditum
1163 3056 1276 3094 nomen.
1319 3034 1476 3095 Lucumoni

426 3151 535 3211 contra,
558 3142 685 3199 omnium
694 3139 794 3198 heredi
806 3142 956 3213 bonorum,
981 3162 1068 3218 quum
1091 3141 1196 3199 divitiae
1217 3143 1275 3200 iam
1298 3144 1412 3201 animos
1432 3142 1472 3200 fa·

426 3237 538 3319 carent,
560 3249 641 3307 auxit
670 3249 756 3305 ducta
786 3247 817 3303 in
844 3248 1057 3306 matrimonium
1086 3249 1246 3323 Tanaquil,
1279 3268 1393 3307 summo
1415 3251 1473 3307 loco

396 3331 402 3359 ἱ
425 3364 494 3413 nata
525 3365 555 3412 et
580 3373 644 3429 qnae
672 3355 751 3411 haud
772 3353 859 3412 facile
879 3354 930 3425 iis,
952 3354 981 3410 in
1003 3354 1107 3429 quibus
1128 3366 1200 3413 nata
1223 3366 1302 3426 erat,
1324 3356 1474 3413 humiliora

394 3454 585 3531 5sineretea,
604 3479 662 3534 quo
683 3460 866 3535 innupsisset.
912 3458 1118 3534 Spernentibus
1134 3461 1263 3519 Etruscis
1281 3463 1473 3520 Lucumonem

425 3567 524 3623 exsule
545 3566 658 3623 advena
679 3574 789 3638 ortum,
809 3564 885 3623 ferre
908 3564 1105 3641 indignitatem
1127 3585 1185 3624 non
1206 3568 1308 3642 potuit,
1331 3569 1473 3643 oblitaque

425 3672 557 3747 ingenita
578 3690 647 3746 erga
668 3672 792 3748 patriam
822 3672 966 3742 caritatis,
999 3674 1154 3730 dummodo
1184 3674 1278 3731 virum
1304 3676 1472 3732 honoratum

394 3778 554 3847 drideret,
586 3776 735 3833 consilium
768 3778 910 3853 migrandi
933 3778 970 3834 ab
1000 3778 1166 3853 Tarquiniis
1188 3780 1271 3854 cepit.
1318 3783 1474 3838 Romaest

426 3883 464 3941 ad
487 3882 518 3940 id
538 3882 689 3959 potissima
716 3883 795 3940 visa:
830 3885 861 3941 in
885 3904 961 3942 novo
983 3885 1111 3960 populo,
1145 3886 1194 3942 ubi
1215 3886 1307 3942 omnis
1329 3872 1475 3961 repentina

426 3999 513 4065 atque
538 4008 575 4046 ex
596 3988 701 4045 virtute
722 3989 857 4047 nobilitas
879 3991 924 4060 sit,
946 3988 1073 4047 futurum
1097 3991 1192 4048 locum
1214 3990 1283 4048 forti
1304 4009 1339 4047 ac
1360 4000 1472 4047 strenuo

424 4096 506 4166 vir03
526 4114 663 4172 regnasse
685 4095 803 4153 Tatium
821 4096 970 4167 Sabinum,
994 4094 1161 4152 arcessitum
1175 4096 1204 4152 in
1215 4115 1336 4171 regnum
1349 4098 1472 4154 Numam

424 4221 443 4258 a
464 4200 605 4270 Curibus,
637 4211 666 4259 et
686 4205 802 4259 Ancum
830 4201 940 4259 Sabina
970 4212 1062 4259 matre
1091 4210 1184 4259 ortum
1215 4202 1401 4277 nobilemque
1421 4219 1474 4260 una

395 4309 548 4385 timagine
574 4310 679 4397 Numae
710 4327 782 4369 esse.
831 4308 931 4365 Facile
958 4308 1112 4383 persuadet
1144 4318 1175 4365 ut
1206 4308 1309 4385 cupido
1336 4310 1471 4368 honorum
1527 4386 1528 4391 ἵ
