3392 5084
473 505 528 561 tau
760 502 838 551 arser
856 502 904 554 111.
942 503 984 560 (Α.
999 517 1023 552 u.
1038 519 1060 550 e.
1075 493 1147 567 soal)

429 688 514 746 citius
548 687 633 763 lapsa
664 705 711 744 res
745 696 788 744 est
823 686 1050 763 repetitumque,
1087 689 1199 746 duobus
1232 689 1273 745 uti
1305 690 1471 746 mandaretur

396 793 577 851 3consulum
622 811 728 850 nomen
769 793 987 868 imperiumque.
1062 795 1230 852 Decemviri
1278 795 1368 854 creati
1406 798 1470 872 App.

428 897 583 967 Claudius,
617 899 653 955 T.
675 897 839 967 Genucius,
872 900 906 956 P.
930 897 1055 971 Sestius,
1088 901 1124 956 L.
1147 901 1300 970 Veturius,
1334 899 1367 958 Ο.
1386 901 1471 970 Iulius,

427 1007 468 1062 Α.
498 1003 641 1074 Manlius,
671 1005 705 1064 P.
736 1004 895 1081 Sulpicius,
926 1005 961 1062 P.
992 1003 1154 1076 Curiatius,
1183 1006 1219 1062 Τ.
1250 1007 1405 1078 Romilius,
1431 1007 1470 1082 Sp.
1515 1009 1516 1014 ’

396 1109 605 1169 lPostnmius.
652 1108 777 1168 Claudio
805 1120 833 1167 et
856 1110 1003 1179 Genucio,
1037 1110 1105 1185 quia
1126 1111 1270 1187 designati
1299 1111 1425 1170 consules
1449 1111 1471 1166 in

428 1233 493 1272 eum
523 1234 630 1273 annum
664 1215 795 1290 fuerant,
831 1236 884 1292 pro
906 1219 1017 1274 honore
1037 1218 1131 1273 honos
1161 1218 1299 1286 redditus,
1333 1226 1361 1274 et
1383 1217 1471 1281 Sestio,
1515 1195 1516 1227 ³

426 1322 509 1380 elteri
531 1322 807 1398 consulum'prioris
829 1323 906 1391 anni,
929 1322 1007 1397 quod
1029 1341 1094 1380 eam
1116 1341 1176 1380 rem
1205 1324 1319 1398 collega
1339 1321 1424 1410 inv'ffc
1444 1322 1471 1377 ed

395 1434 524 1505 5patres
546 1427 693 1485 retulerat.
743 1428 798 1484 His
820 1428 946 1504 proximi
966 1429 1059 1487 habiti
1081 1428 1169 1504 legati
1191 1439 1259 1500 tres,
1281 1428 1332 1503 qui
1357 1431 1472 1488 Athenas
1515 1433 1516 1441 ’

426 1533 529 1604 ierant,
559 1531 645 1590 simul
677 1539 708 1588 ut
729 1552 783 1608 pro
814 1533 959 1608 legatione
986 1543 1046 1592 tam
1075 1531 1235 1610 longinqua
1264 1535 1384 1610 praemio
1412 1541 1472 1592 esset

425 1641 530 1707 bonos,
551 1638 637 1694 simul
657 1639 768 1714 peritos
800 1640 895 1715 legum
923 1642 1139 1717 peregrinarum
1171 1642 1209 1698 ad
1230 1641 1381 1698 condenda
1409 1660 1472 1698 nova
1515 1618 1516 1653 ³

394 1745 488 1803 diora
502 1743 567 1800 usui
580 1742 644 1800 iore
659 1745 824 1805 credebant.
869 1746 1047 1823 Supplevere
1062 1747 1149 1806 ceteri
1164 1763 1325 1806 numerum.
1373 1747 1471 1805 Graves

425 1869 542 1926 quoque
568 1858 652 1907 oetete
674 1849 779 1917 electos
802 1853 967 1910 novissimis
990 1851 1137 1929 suffragiis
1159 1852 1270 1925 ferunt,
1303 1872 1362 1929 quo
1394 1855 1472 1910 minus
1515 1831 1516 1864 ³

394 1955 558 2014 lierociter
578 1955 700 2014 aliorum
724 1947 807 2015 scitis
828 1958 1061 2018 adversarentur.
1109 1960 1250 2036 Regimen
1280 1960 1368 2017 totius
1396 1961 1471 2035 magi·
1515 1949 1516 1970 ³

423 2071 531 2120 suetus
552 2079 641 2136 penes
657 2065 786 2141 Appium
808 2073 871 2122 erat
892 2065 994 2123 favore
1015 2063 1118 2142 plebis,
1149 2069 1281 2143 adeoque
1303 2086 1409 2126 novum
1429 2066 1472 2124 sibl

421 2170 568 2245 ingenium
590 2169 733 2241 induerat,
755 2180 787 2229 ut
808 2171 953 2247 plebicola
974 2181 1094 2249 repente
1116 2173 1268 2248 omnisque
1293 2191 1374 2232 auree
1395 2193 1471 2250 popu·
1515 2175 1516 2182 ’

422 2276 491 2334 laris
513 2283 647 2351 captator
668 2278 805 2334 evaderet
832 2297 886 2353 pro
915 2279 988 2336 buci
1017 2297 1153 2356 sevoque
1181 2280 1355 2338 insectatore
1382 2280 1470 2356 plebis.
1515 2256 1516 2287 ³

392 2381 544 2441 8Decimo
566 2381 612 2438 die
634 2383 679 2439 ins
701 2382 809 2457 populo
829 2381 936 2459 singuli
950 2385 1118 2444 reddebant.
1167 2386 1212 2444 Eo
1235 2385 1282 2442 die
1303 2404 1392 2460 penes
1411 2403 1470 2462 pra
1515 2362 1516 2394 ³

422 2487 529 2544 fectum
557 2487 628 2544 iuris
659 2487 754 2544 iasces
775 2488 928 2546 duodecim
960 2499 1057 2560 erant3
1090 2491 1208 2567 collegis
1244 2510 1350 2551 novem
1382 2490 1471 2566 singuli
1515 2475 1516 2498 ³

422 2593 537 2650 accensi
558 2594 748 2668 apparebant.
796 2595 836 2651 Et
855 2595 886 2651 in
910 2596 996 2653 unica
1027 2597 1183 2654 concordia
1211 2598 1286 2654 inter
1313 2597 1406 2673 ipsos,
1433 2595 1471 2670 qui
1515 2603 1516 2606 ’

422 2716 578 2756 consensus
616 2700 737 2776 privatis
771 2701 914 2758 interdum
951 2703 1059 2760 inutilis
1094 2711 1153 2774 est,
1196 2721 1310 2760 summa
1348 2705 1470 2760 adversus
1515 2683 1516 2708 ¹

391 2804 495 2869 9alios
513 2806 634 2880 aequitas
655 2814 728 2866 erat.
772 2807 983 2864 Moderationis
1005 2826 1104 2865 eorum
1127 2817 1329 2883 argumentum
1353 2808 1470 2883 exemplo
1515 2783 1516 2818 ³

422 2911 506 2968 unius
527 2909 569 2968 r'ei
591 2921 710 2969 notasse
732 2911 803 2967 satis
824 2911 887 2968 erit.
949 2913 1045 2986 Quum
1073 2915 1135 2971 sine
1160 2915 1370 2990 provocatione
1395 2911 1471 2972 creati
1515 2897 1516 2908 ¹

422 3025 526 3087 essent,
550 3017 667 3075 defosso
682 3017 825 3075 cadavere
847 3016 926 3073 domi
941 3019 1019 3093 apud
1041 3021 1075 3077 P.
1092 3019 1227 3091 Sestium,
1248 3021 1378 3095 patriciae
1391 3019 1470 3096 gentis

375 3131 408 3184 10
421 3124 524 3194 virum,
546 3125 664 3180 invento
683 3121 857 3197 prolatoque
878 3123 907 3180 in
930 3124 1102 3196 contionem,
1124 3126 1153 3182 in
1174 3145 1206 3183 re
1227 3125 1310 3182 iuxta
1332 3123 1471 3182 manifesta

421 3238 508 3305 atque
533 3229 625 3287 atroci
649 3227 682 3287 O.
698 3227 788 3284 Inbue
810 3228 957 3286 decemvir
978 3230 1053 3287 diem
1070 3231 1164 3290 Sestio
1187 3231 1260 3288 dixit
1281 3240 1310 3288 et
1333 3239 1471 3289 accusator

422 3336 459 3393 ad
481 3335 621 3411 populum
644 3333 762 3403 exstitit,
784 3333 867 3391 cuius
887 3334 928 3390 rei
950 3334 1037 3392 iudex
1051 3336 1195 3410 legitimus
1211 3345 1282 3407 erat,
1305 3337 1471 3409 decessitque

395 3441 481 3498 'iure
515 3459 584 3510 erro,
620 3448 653 3496 ut
683 3441 834 3514 demptum
865 3441 901 3496 de
937 3440 967 3516 si
1000 3437 1188 3517 magistratus
1223 3442 1324 3518 populi
1360 3438 1471 3500 libertati

419 3546 564 3604 adiiceret.

326 3646 371 3716 34
504 3619 602 3724 diuum
627 3662 796 3728 promptum
821 3653 879 3708 hoc
899 3651 943 3710 ius
972 3652 1052 3711 velut
1080 3673 1118 3712 ex
1139 3653 1257 3711 oraculo
1285 3654 1470 3730 incorruptum

419 3757 529 3832 pariter
552 3758 589 3814 ab
611 3758 646 3814 iis
668 3759 773 3815 summi
794 3758 941 3831 infimique
964 3758 1081 3832 ferrent,
1112 3767 1172 3817 tum
1194 3759 1306 3836 legibus
1328 3757 1469 3818 condendis

422 3882 513 3938 opera
536 3861 675 3935 debetur3
702 3863 870 3938 ingentique
899 3865 1053 3921 hominum'
1079 3866 1295 3942 exspectatione
1328 3863 1470 3942 propositis

388 3969 518 4026 2decem
541 3969 656 4039 tabulis
677 3969 815 4044 populum
839 3968 1061 4027 adsertionem
1091 3971 1308 4030 advocaverunt
1330 3979 1373 4042 et,
1404 3965 1469 4044 qnod

423 4075 540 4144 bonum,
570 4074 697 4132 faustum
726 4073 855 4149 felixque
885 4075 927 4132 rei
951 4075 1088 4150 publicae,
1109 4076 1178 4152 ipsis
1205 4075 1363 4150 liberisque
1383 4092 1468 4132 eorum

389 4183 512 4249 deeset,
545 4181 589 4236 ire
615 4188 644 4236 et
672 4180 767 4255 legere
781 4156 874 4254 ¹leges
904 4181 1069 4256 propositas
1102 4180 1220 4239 iussere.
1273 4181 1322 4252 Se,
1344 4189 1468 4256 quantun

421 4283 520 4341 decem
544 4284 691 4342 hominnm
714 4286 836 4361 ingeniis
858 4285 1003 4360 provideri
1030 4287 1170 4362 potuerit,
1201 4277 1343 4359 omnibus,
1365 4283 1468 4344 summis
