3392 5084
483 486 539 544 158
722 483 799 534 Liber
816 483 865 536 IX.
900 484 946 543 (A.
957 497 983 532 m
997 499 1020 533 c.
1034 481 1196 547 tat-485.)

350 713 360 740 ,
434 687 499 745 quaa
531 668 569 726 ad
591 665 734 726 Caudium
768 669 875 726 amissa
903 677 995 738 erant,
1026 677 1070 740 ct,
1099 668 1178 742 quod
1209 665 1305 724 omnis
1331 664 1466 740 supembst

369 765 374 778 ’
433 773 549 850 madia,
574 773 717 850 equitibus
737 775 929 850 recuperatis,
951 793 1025 850 quos
1043 774 1167 850 pignore
1188 771 1269 848 pscis
1289 769 1467 828 mamimus

404 879 587 944 8Luceriam
620 877 765 938 Samnites
797 880 945 942 dederant.
999 882 1089 940 Harud
1119 878 1212 936 form
1245 877 1303 934 ulia
1331 875 1469 932 mutatione

435 986 531 1044 subita
558 1003 654 1042 rerum
687 982 793 1041 clarior
821 985 944 1043 victoria
964 986 1064 1063 populi
1089 985 1216 1044 Romani
1242 994 1300 1052 eat,
1329 981 1469 1056 siquidem

435 1090 530 1161 etiarm
553 1089 631 1165 quod
654 1089 825 1164 quibusdum
846 1091 876 1148 in
898 1092 1050 1149 annalibus
1069 1091 1195 1161 invenio,
1217 1088 1338 1147 Pontius
1350 1085 1471 1144 Hercunii

433 1196 518 1266 lilius,
540 1195 712 1255 Samnitium
731 1194 898 1270 imperator,
918 1209 950 1254 ut
972 1198 1104 1273 expiaret
1124 1194 1274 1254 consulum
1294 1192 1471 1267 ignominiam,

404 1303 488 1362 asub
524 1302 623 1377 iugum
661 1320 726 1358 oum
762 1303 864 1360 ceteris
902 1313 946 1361 est
980 1304 1094 1361 missus.
1159 1301 1295 1360 Ceterum
1329 1299 1358 1355 id
1393 1297 1472 1353 minna

434 1409 532 1478 miror,
565 1409 720 1465 obscurum
752 1427 815 1465 ease
853 1410 907 1496 ‘¹⁰2
930 1409 1056 1466 bostium
1095 1410 1170 1466 duce
1200 1392 1300 1464 dctlito
1330 1403 1472 1476 missoquc;

433 1514 464 1572 id
499 1481 593 1588 magia
624 1513 756 1571 mirabile
791 1523 835 1571 ast
867 1515 990 1590 ambigi,
1018 1515 1163 1572 Luciusne
1188 1511 1340 1570 Cornelius
1367 1510 1474 1566 dictator

434 1637 498 1677 oum
520 1619 555 1676 L.
583 1619 703 1694 Papirio
726 1619 852 1678 Cursore
879 1622 1019 1696 magistro
1046 1621 1174 1695 equitum
1200 1637 1251 1675 aas
1278 1635 1326 1673 ree
1354 1615 1390 1672 ad
1409 1612 1475 1670 Cau·

385 1728 420 1788 10
434 1725 512 1782 dium
536 1733 622 1798 atque
645 1725 712 1782 inde
733 1727 886 1784 Luceriam
907 1727 1042 1802 gesserit,
1068 1726 1203 1798 ultorque
1231 1723 1332 1780 unicus
1352 1723 1476 1778 Romans

432 1829 605 1906 ignominiae,
626 1831 705 1888 haud
726 1832 815 1890 seiam
837 1852 876 1888 au
896 1832 1052 1890 iustissimo
1077 1831 1224 1906 triumpho
1246 1829 1283 1885 ad
1299 1847 1362 1885 eam
1376 1835 1476 1884 aetatem

434 1935 590 1993 secundum
611 1937 731 1994 Furium
756 1936 920 2006 Camillum,
939 1935 1174 2012 triumphaverit,
1202 1953 1241 1990 an
1262 1934 1407 1990 consulum
1426 1932 1478 1989 Pa-

288 2088 291 2094 .
387 2046 420 2100 ll
434 2040 556 2117 piriiqus
576 2043 752 2118 praeoipuum
767 2044 796 2101 id
820 2043 972 2105 decussit.
1015 2042 1153 2116 Sequitur
1171 2041 1249 2097 hunc
1270 2059 1394 2098 errorem
1414 2037 1479 2094 alim

261 2128 422 2247 2ᾘὲῗὲ
435 2166 524 2216 error,
546 2145 691 2206 Cursorne
712 2150 847 2224 Papirius
869 2150 1009 2224 proximis
1026 2147 1150 2206 comitiis
1171 2165 1237 2203 cnm
1259 2146 1296 2220 Q.
1311 2145 1399 2203 Aulio
1418 2141 1479 2200 Cor-

434 2262 535 2312 retano
556 2253 669 2325 iterum,
691 2256 729 2313 ob
750 2275 811 2312 rom
833 2257 906 2313 bens
927 2264 1040 2330 gestam
1061 2254 1192 2312 Luceriae
1213 2253 1381 2311 continuato
1399 2247 1481 2322 magi·

434 2367 535 2430 sumu,
558 2358 792 2417 consultantium
815 2342 929 2418 creatus
958 2361 1010 2432 sit,
1041 2379 1079 2418 an
1099 2362 1136 2419 L,
1158 2359 1296 2435 Papirius
1318 2347 1481 2432 Mugillanus

435 2474 464 2522 et
483 2465 514 2522 iu
535 2466 705 2540 cognomino
726 2476 852 2546 erratum
874 2466 920 2523 sit.
1043 2485 1052 2492 ·

342 2567 381 2637 16
517 2569 659 2628 Convenit
690 2571 748 2627 iam
780 2571 846 2628 inde
877 2590 931 2647 per
958 2571 1089 2628 musuleo
1119 2571 1231 2644 reliqua
1258 2568 1333 2627 belli>
1356 2565 1483 2643 perlecta.

433 2675 539 2734 Aulius
560 2695 625 2734 cum
645 2676 799 2734 Frentanis
826 2695 884 2734 nno
905 2677 1031 2734 secundo
1051 2677 1155 2752 proelio
1180 2675 1353 2742 debellavita
1379 2673 1485 2730 urbam-

435 2799 491 2855 quo
511 2781 620 2856 ipsam,
644 2801 701 2856 quo
723 2802 754 2838 so
776 2782 843 2840 fusa
864 2783 1026 2840 contulerat
1052 2783 1144 2852 acies,
1175 2781 1326 2838 obsidibus
1347 2778 1486 2855 imperatis

404 2885 464 2946 lin
484 2886 660 2944 deditionem
685 2889 804 2964 accepit.
854 2888 925 2946 Pari
955 2887 1082 2950 fortuna,
1095 2887 1196 2944 consul
1218 2887 1294 2944 ulter
1315 2905 1381 2944 cum
1401 2885 1486 2944 Satti-

434 2991 523 3061 cenis
545 2992 594 3067 qui
614 2992 690 3050 cives
712 2995 839 3050 Romani
867 3003 935 3069 post
960 2992 1123 3051 Caudinam
1154 2993 1266 3050 cladem
1290 2994 1329 3049 ad
1350 2992 1487 3051 Samnites

434 3096 598 3156 defecerant
626 3098 849 3174 praesidiumque
880 3119 980 3157 eorum
1009 3101 1040 3156 in
1075 3099 1177 3156 urbem
1212 3110 1400 3174 acceperant,
1431 3117 1485 3155 rem

404 3203 531 3279 3gessit.
574 3205 652 3262 Nam
675 3221 764 3278 quum
786 3205 823 3261 ad
840 3206 948 3263 mmnia
969 3204 1075 3265 Satrici
1095 3205 1230 3260 admotus
1245 3217 1322 3261 esset
1341 3204 1487 3270 exercitus,

433 3309 595 3384 legatisque
615 3309 711 3368 missis
732 3311 771 3368 ad
791 3329 893 3387 pacem
915 3330 979 3371 oum
1001 3312 1133 3387 precibus
1154 3311 1310 3386 petendam
1341 3311 1424 3367 triste
1448 3328 1487 3365 rs·

434 3431 571 3490 sponsum
594 3416 631 3471 ab
652 3416 770 3474 consule
795 3417 939 3474 redditum
964 3427 1052 3488 osset,
1081 3417 1137 3473 uisi
1163 3416 1298 3492 prmsidio
1320 3415 1486 3474 Samnitium

434 3518 587 3578 interfecto'
607 3530 657 3578 aut
677 3521 785 3578 tradito
808 3540 845 3579 no
866 3523 905 3581 ad
925 3541 957 3580 se
976 3529 1147 3591 remearent,
1169 3520 1234 3596 plus
1254 3539 1292 3577 ea
1310 3539 1386 3577 voce
1407 3540 1486 3595 quam

405 3625 524 3682 termis
544 3625 631 3682 illatis
652 3627 770 3686 terroris
792 3627 902 3686 colonis
929 3629 1074 3690 iniectum.
1127 3628 1232 3701 Itaque
1262 3627 1384 3684 subinde
1413 3644 1487 3684 exso·

436 3738 561 3806 quantur
585 3733 738 3805 quaersndo
761 3753 779 3791 a
802 3732 919 3792 consule
937 3732 1040 3808 legati,
1069 3751 1195 3807 quonam
1216 3752 1249 3790 ae
1268 3741 1357 3808 pacto
1384 3748 1487 3808 paucos

436 3849 464 3894 et
484 3837 612 3894 infirmos
635 3839 764 3896 crederet
788 3839 924 3916 praesidio
950 3820 1011 3896 tom
1033 3839 1132 3896 relide
1153 3848 1182 3895 et
1203 3848 1317 3894 armato
1337 3839 1399 3894 rim
1424 3838 1487 3896 olla·

435 3952 525 4002 turos.
583 3943 633 4002 Ab
661 3943 763 4004 iisdem
785 3945 934 4004 consilium
958 3955 1057 4020 petere
1077 3944 1162 4014 iussi,
1192 3944 1300 4019 quibus¹
1325 3944 1485 4001 auctoribus

405 4049 598 4125 bproesidium
617 4048 648 4106 in
668 4050 768 4108 urbem
790 4050 977 4126 accepissent,
997 4050 1161 4120 discedunt,
1182 4068 1317 4124 aegreque
1329 4050 1485 4125 impetrata

435 4164 468 4212 ut
491 4155 529 4212 de
548 4173 584 4212 ee
604 4173 637 4212 rc
658 4154 769 4210 consuli
788 4165 920 4214 senatum
942 4175 1140 4233 responsaque
1167 4156 1207 4214 ati
1234 4174 1268 4213 se
1289 4155 1393 4213 rclerri
1419 4157 1485 4212 sino

405 4260 488 4333 oreo,
509 4263 547 4320 ed
567 4279 636 4320 suos
655 4259 785 4319 redeunt.
830 4261 907 4320 Duas
919 4262 1062 4321 moeones
1074 4272 1207 4322 senatum
1222 4263 1408 4333 distinebant,
1427 4279 1484 4327 uua
