3392 5084
489 485 545 542 tao
716 485 793 534 Liber
811 483 888 534 v111.
926 485 973 547 (Α.
986 501 1011 535 u.
1025 497 1047 533 c.
1062 485 1225 550 sas-sar.)

444 668 558 729 colonia
587 668 726 740 deducta,
760 678 790 726 et
819 670 928 746 populo
952 669 1104 728 visceratio
1126 671 1197 729 data
1225 691 1243 728 a
1275 672 1316 728 M.
1338 671 1480 728 Flavioin

415 774 544 836 sfeners
574 775 684 837 matris.
736 777 838 846 Erant,
869 774 919 849 qui
938 795 990 852 per
1019 776 1144 852 speciem
1171 777 1346 838 honorandas
1371 776 1482 851 parentis

446 881 577 938 meritam
595 883 754 940 mercedem
776 881 885 957 populo
903 881 1025 939 solutam
1042 877 1307 958 interpretarentur,
1327 884 1402 959 quod
1420 903 1483 952 eum,

445 987 492 1046 die
525 987 603 1046 dicta
633 988 670 1046 ab
692 986 837 1057 sedilibus,
866 987 984 1044 crimine
1005 995 1143 1063 stuprata
1167 988 1383 1049 matrisfamiliae
1403 988 1484 1074 absol·

416 1096 542 1153 luisset
589 1095 670 1153 Data
692 1089 844 1153 visceratio
866 1093 896 1149 in
924 1092 1097 1167 praeteritam
1119 1095 1217 1152 iudicii
1238 1095 1364 1171 gratiam
1383 1094 1484 1154 honoris

445 1201 532 1260 etiam
555 1202 581 1259 ei
607 1219 697 1259 causa
717 1199 780 1270 init,
801 1200 1007 1274 tribunatuque
1027 1200 1122 1274 plebei
1143 1202 1285 1277 proximis
1306 1201 1426 1259 comitiis
1445 1201 1485 1258 ab

445 1325 512 1365 sens
532 1306 695 1383 petentibus
715 1305 875 1382 praefertur.

417 1416 433 1470 5
528 1412 684 1488 Palaspolis
706 1411 761 1470 fuit
781 1412 861 1470 haud
881 1412 984 1488 procul
1004 1412 1087 1483 inde,
1116 1411 1166 1468 ubi
1187 1431 1263 1470 nunc
1285 1413 1423 1489 Neapolis
1442 1413 1486 1469 site

446 1528 505 1590 est;
533 1519 645 1576 duabus
677 1519 795 1576 urbibus
824 1518 949 1595 populus
977 1519 1053 1574 idem
1085 1518 1247 1578 habitabat.
1297 1517 1396 1578 Cumis
1420 1529 1486 1576 erum

417 1625 575 1694 doriundi3
599 1623 722 1682 Cumani
743 1622 881 1682 Chalcide
902 1623 1035 1682 Euboica
1062 1624 1200 1699 originem
1223 1626 1352 1684 trahunt.
1396 1625 1486 1692 Clasae,

447 1751 505 1807 qua
525 1730 639 1788 advecti
658 1732 698 1788 ab
719 1731 807 1788 domo
827 1729 952 1800 fuerant,
973 1730 1093 1788 multum
1114 1731 1144 1787 in
1162 1749 1214 1788 ora
1229 1732 1319 1789 maris
1335 1733 1406 1801 eins,
1426 1730 1486 1806 qnod

447 1836 588 1903 accolunt,
616 1846 750 1911 potuere,
781 1836 875 1912 primo
897 1835 927 1892 in
959 1836 1068 1894 insulas
1090 1837 1245 1893 AEnariam
1284 1845 1313 1893 et
1335 1837 1486 1895 Pithecusas

417 1943 571 2018 legressi,
601 1942 704 2000 deinde
734 1943 764 2000 in
791 1942 982 2000 continentem
1013 1941 1076 2000 ausi
1108 1942 1190 1998 sedes
1217 1942 1386 2000 mansfcrre.
1431 1942 1486 2000 Hac

447 2049 548 2106 civitas
569 2068 656 2124 quum
678 2047 738 2104 suis
759 2047 877 2117 viribus,
899 2057 959 2105 tum
984 2047 1156 2108 Samnitium
1177 2048 1272 2105 infidas
1295 2049 1433 2106 adversus
1444 2049 1487 2104 Ro·

448 2173 549 2213 manos
571 2153 702 2212 societati
723 2152 814 2223 freta⁴
833 2153 895 2209 sive
918 2153 1100 2228 pestilentie,
1131 2171 1195 2228 quse
1216 2155 1384 2216 Romanam
1406 2156 1486 2212 ur'oeu

449 2261 553 2317 adorta
583 2260 784 2328 nuntiabatur,
810 2259 901 2316 fidens
930 2259 1021 2315 multa
1047 2259 1164 2316 hostilia
1192 2260 1334 2318 adversus
1355 2263 1485 2320 Romanos

418 2367 551 2442 8agrum
583 2365 762 2441 Campanum
795 2365 1011 2440 Falernumque
1042 2365 1198 2422 incolentes
1231 2364 1310 2422 fecit.
1357 2366 1445 2442 Igitm
1463 2365 1487 2420 b.
1516 2361 1517 2386 ¹

274 2449 583 2570 ffljgljmmeno
605 2471 737 2542 Lentulo,
760 2471 796 2544 Q.
818 2470 945 2566 rubum
973 2470 1097 2528 Philone
1119 2471 1221 2528 nerum
1244 2473 1421 2542 consensus,
1438 2470 1489 2528 ferr·

449 2578 541 2635 alibus
574 2578 742 2654 Palaepolim
774 2578 813 2634 nd
845 2595 892 2634 res
923 2577 1094 2652 repetendas
1122 2577 1232 2647 missis,
1266 2596 1357 2651 quum
1384 2579 1487 2635 relatum

448 2693 524 2740 asset
544 2702 562 2739 a
583 2682 704 2753 Graecis,
724 2692 809 2758 gente
830 2682 931 2757 lingua
952 2682 1044 2757 magis
1060 2680 1176 2740 strenua
1198 2703 1286 2758 quarn
1309 2683 1406 2755 factis,
1421 2682 1490 2740 ferox

447 2808 627 2864 responsum,
651 2808 688 2846 ex
703 2789 874 2846 auctoritate
887 2797 1003 2863 patrum
1013 2851 1016 2858 ¹
1025 2789 1151 2864 populus
1166 2789 1387 2865 Palaepolitanis
1401 2789 1489 2846 bellun

417 2895 510 2955 9fieri
530 2895 622 2956 iussit.
669 2896 750 2951 Inter
770 2894 902 2952 consules
923 2895 1079 2969 provinciis
1102 2896 1286 2970 comparatis,
1309 2877 1386 2954 bello
1412 2895 1489 2954 Grau'

447 3001 636 3076 persequendi
650 3001 777 3058 Publilio
799 3011 968 3068 evenerunt;
991 2999 1142 3059 Cornelius
1164 3003 1255 3060 altero
1279 3005 1409 3062 exercitu
1421 3002 1490 3062 Sam·

400 3107 568 3175 lOnitibus,
595 3107 620 3164 si
643 3127 702 3182 qua
729 3125 761 3163 se
788 3113 952 3175 moverent,
979 3107 1138 3180 oppositus.
1187 3108 1282 3164 Fama
1312 3119 1408 3166 autem
1433 3117 1489 3165 erat
1513 3145 1514 3152 κ

448 3213 601 3271 defectioni
622 3211 837 3288 Campanorum
858 3211 1038 3268 imminentes
1061 3213 1228 3271 admoturos
1250 3223 1365 3286 castra;
1393 3215 1430 3272 ibi
1448 3233 1489 3288 op·

448 3321 547 3377 dmum
577 3320 672 3377 visum
696 3317 831 3376 Cornelio
862 3317 968 3374 stativa
998 3318 1114 3377 hebere.
1162 3321 1211 3376 Ab
1234 3329 1358 3396 utroque
1380 3318 1487 3378 cmsule.

450 3425 584 3499 exiguam
608 3444 689 3500 spem
711 3425 792 3501 pacis
812 3443 876 3482 cum
900 3423 1077 3482 Samnitibus
1099 3442 1170 3494 esse,
1195 3425 1301 3482 certior
1322 3427 1356 3482 fit
1376 3433 1488 3482 senatus:
1512 3487 1513 3492 ἵ

352 3522 396 3592 23
449 3530 600 3600 Publilius,
631 3531 689 3592 duo
711 3532 802 3590 millia
822 3530 1002 3588 Nolanorum
1033 3530 1152 3588 militum
1180 3538 1209 3586 et
1232 3539 1372 3606 quattuor
1393 3527 1488 3591 Samni·

448 3635 536 3704 tium,
565 3638 658 3712 magis
679 3636 803 3693 Nolanis
835 3637 1004 3712 cogentibus
1033 3655 1119 3710 quam
1151 3637 1302 3694 voluntate
1335 3636 1486 3696 Graecorum

419 3741 565 3816 2rccepta
584 3743 735 3818 Palaepoli,
756 3741 886 3811 miseran
921 3744 1022 3800 Romoe
1043 3752 1231 3817 compertum,
1259 3743 1394 3800 dilectum
1416 3738 1486 3798 indic·

448 3854 508 3904 tum
524 3866 543 3903 a
559 3847 774 3924 magistratibus
787 3847 1010 3923 universumque
1021 3848 1170 3908 Samnium
1186 3858 1323 3917 erectum,
1346 3867 1380 3906 ac
1396 3846 1485 3904 vicinos

448 3953 581 4029 populos,
602 3953 802 4013 Privernatem
822 3954 1053 4029 Fundanumque
1074 3963 1104 4010 et
1123 3954 1321 4025 Formianum,
1343 3954 1422 4012 haud
1439 3969 1485 4008 au·

419 4059 536 4134 3bigue
556 4061 713 4119 sollicitari.
759 4058 805 4117 Ob
828 4060 890 4116 haeo
912 4045 999 4145 quum
1021 4060 1133 4134 legatos
1155 4059 1228 4116 mitti
1249 4058 1406 4135 placuisset
1424 4056 1484 4134 pn'ut

450 4165 654 4236 adSamnites,
676 4184 762 4240 quam
785 4165 893 4222 bellum
915 4166 1004 4235 fieret,
1025 4183 1195 4241 responsum
1215 4165 1346 4222 redditur
1367 4167 1404 4222 ab
1419 4165 1483 4224 San·

419 4270 556 4327 cnutus
576 4269 671 4330 ferox.
717 4271 803 4330 Ultro
824 4269 996 4328 incusabant
1023 4270 1142 4329 iniurias
1166 4271 1380 4339 Romanornm;
1411 4283 1481 4341 nsque

419 4376 484 4431 beo
505 4375 693 4450 negligentius
723 4393 773 4443 ea,
802 4391 868 4447 quae
889 4374 959 4449 ipsis
981 4374 1187 4446 obiicerentur,
1219 4377 1397 4450 purgabant:
1423 4369 1480 4432 haud
