3392 5084
480 483 535 538 160
769 477 848 525 Liber
864 475 910 525 11
951 475 1036 539 (Am.
1047 490 1068 527 c.
1081 475 1156 538 435.)

435 683 494 740 qua
525 662 604 720 nulla
636 661 773 719 virtutum
806 660 931 718 feracior
951 659 1020 729 fuit,
1051 679 1137 717 namo
1169 676 1244 715 uuus
1265 668 1326 714 arat
1346 658 1394 727 vir,
1412 675 1462 732 quo

434 769 526 844 magis
547 767 647 826 innixa
670 787 717 824 res
738 769 874 825 Romana
893 775 993 824 staret.
1032 765 1109 839 Quin
1130 784 1197 822 sum
1223 783 1321 839 parem
1341 764 1464 820 destinent

434 875 536 932 animis
560 891 666 948 magno
688 873 859 931 Alexandro
880 874 995 942 ducem,
1015 872 1042 928 si
1062 890 1145 928 arma
1164 871 1241 928 Asia
1266 869 1416 945 perdomito
1439 870 1466 924 iu

433 983 581 1055 Europam
603 979 744 1036 vertisset.

338 1091 380 1160 Π
518 1085 600 1144 Nihil
633 1085 726 1142 miuus
758 1083 909 1159 quesitum
942 1101 960 1139 a
986 1082 1127 1158 principio
1157 1083 1243 1140 huius
1269 1081 1361 1156 operis
1390 1080 1469 1136 rideri

434 1202 538 1269 potest,
561 1210 648 1266 quum
670 1199 701 1246 ut
722 1188 786 1263 plus
806 1188 883 1245 iusto
903 1191 941 1246 ab
962 1206 1057 1245 rerum
1078 1189 1180 1246 ordine
1201 1188 1370 1246 declinarem
1388 1187 1469 1243 varie·

342 1275 349 1298 ⁸
425 1299 597 1372 'talibusque
628 1295 828 1368 distinguendo
859 1314 947 1370 opere
965 1304 994 1350 st
1013 1293 1175 1368 legentibus
1204 1295 1285 1351 velut
1312 1295 1469 1352 deverticnls

403 1413 548 1469 2amoena
570 1412 598 1458 ct
618 1400 746 1475 requiem
774 1400 871 1457 animo
903 1418 967 1456 mac
995 1418 1167 1475 quaererem
1193 1410 1292 1457 tamen
1320 1401 1389 1457 tanti
1406 1400 1470 1474 regis

434 1527 469 1566 ac
489 1509 570 1566 ducis
588 1490 712 1576 mentio,
745 1504 848 1579 quibus
876 1523 954 1581 steps
985 1505 1080 1561 tacitis
1109 1505 1334 1580 cogitationibus
1358 1506 1471 1562 volutari

435 1616 576 1682 animum,
606 1631 655 1668 eas
677 1622 781 1669 evocat
801 1612 831 1668 in
861 1611 1001 1679 medinm,
1033 1620 1066 1668 ut
1085 1630 1213 1686 quaerere
1236 1611 1341 1682 libeat,
1370 1612 1472 1686 quinam

340 1723 341 1727 ’
435 1729 553 1778 eventus
564 1719 703 1776 Romanis
717 1719 812 1784 rebus,
827 1718 853 1774 si
867 1736 930 1774 curn
942 1716 1112 1774 Alexandro
1124 1714 1200 1795 foret
1213 1715 1360 1786 bellatum,
1373 1716 1473 1774 firturus

404 1825 529 1887 3fuerit.
579 1824 740 1882 Plurimum
769 1825 799 1882 iu
826 1822 904 1881 bello
925 1822 1035 1898 pollere
1054 1822 1189 1880 videntur
1208 1821 1332 1879 militum
1352 1825 1430 1899 copia
1448 1835 1472 1880 ct

435 1931 535 1998 virtus,
558 1931 674 2005 ingenia
695 1930 912 2005 imperatorum,
933 1928 1060 1998 fortuna,
1073 1948 1126 2004 per
1140 1929 1238 1985 omnia
1251 1930 1387 1998 humens,
1399 1949 1471 1986 mux-
1513 2001 1514 2007 ἵ

404 2036 490 2098 time
510 2037 540 2093 iu
562 2054 608 2094 res
630 2036 748 2093 bellicas
769 2047 888 2111 potens3
910 2055 946 2093 ea
966 2045 994 2092 et
1014 2035 1129 2110 singula
1150 2035 1272 2092 intuenti
1297 2046 1327 2092 et
1347 2037 1476 2102 universa,

434 2142 507 2199 sicut
527 2143 564 2200 ab
586 2141 650 2198 aliis
671 2142 787 2216 regibus
813 2143 1021 2217 gentibusque,
1050 2142 1093 2199 ita
1120 2142 1159 2198 sb
1188 2142 1245 2198 hoc
1267 2159 1384 2217 quoque
1402 2140 1476 2199 facilc

405 2258 573 2322 5praestant
606 2247 741 2304 invictum
774 2248 939 2304 Romanurn
967 2248 1129 2322 imperinm.
1184 2247 1252 2304 Ism
1286 2247 1424 2322 primurn,
1452 2257 1478 2303 ut
1513 2248 1514 2303 l

435 2353 533 2409 ordiar
564 2353 601 2409 ab
622 2353 742 2409 ducibus
764 2354 982 2428 comparandis,
1009 2354 1087 2410 haud
1110 2353 1244 2428 equidem
1266 2354 1379 2423 abnuo,
1408 2373 1477 2428 egre

434 2459 512 2533 glum
542 2459 643 2515 ducem
672 2457 761 2515 fuisse
789 2459 1006 2529 Alexandrum
1037 2459 1088 2516 sed
1121 2459 1274 2516 clariorem
1299 2468 1398 2518 tamen
1423 2477 1479 2516 erun
1512 2534 1513 2537 Ἴ

324 2583 326 2594 ·
435 2562 512 2632 lacit,
535 2564 613 2638 quod
634 2583 707 2622 unus
733 2563 802 2633 fuit,
831 2565 909 2639 quod
939 2565 1106 2622 adolescens
1132 2565 1163 2622 in
1182 2565 1363 2622 incremento
1388 2583 1481 2633 rarum,

404 2671 560 2730 dnoudum
583 2669 702 2728 alteram
724 2670 871 2728 fortunam
895 2681 1046 2744 expertus,
1078 2670 1208 2729 decessit.
1251 2670 1296 2729 Ut
1317 2672 1390 2729 alios
1408 2688 1482 2744 reges

434 2776 528 2832 claros
546 2776 690 2850 ducesque
712 2776 853 2846 omittam,
874 2794 983 2850 magua
996 2776 1130 2850 exempla
1149 2795 1270 2833 casuum
1290 2778 1483 2843 humanorum,

434 2880 559 2957 Cyrum,
594 2901 679 2956 quem
702 2882 828 2939 maxime
850 2881 947 2940 Gracci
977 2881 1111 2939 laudibus
1143 2882 1305 2954 celebrant,
1337 2882 1404 2957 quid
1436 2878 1483 2936 uisi

434 2986 523 3062 longa
545 2987 614 3057 vita,
635 2963 710 3045 sicut
729 2989 870 3062 Magnum
895 2986 982 3043 modo
1002 2987 1191 3062 Pompeium,
1218 2988 1345 3046 vertenti
1371 2986 1484 3064 prebuit

405 3091 577 3151 lfortunael
589 3095 775 3151 'Recenseam
799 3093 886 3149 duces
907 3095 1066 3164 Romanos,
1085 3112 1138 3150 nec
1152 3112 1253 3150 omnes
1274 3095 1403 3152 omnium
1422 3104 1484 3151 reta·

299 3261 300 3266 1
435 3201 522 3269 tium,
552 3200 604 3256 sed
624 3199 703 3274 ipsos
716 3217 791 3268 eos,
820 3217 884 3256 cum
916 3200 1020 3274 quibus
1043 3198 1208 3255 consulibus
1232 3208 1285 3256 aut
1304 3200 1483 3258 dictatoribus

319 3345 322 3352 -
404 3305 604 3364 8Alexsndro
626 3305 681 3362 fuit
701 3304 881 3374 bellandum,
904 3306 946 3367 M.
967 3305 1118 3362 Valerium
1139 3303 1278 3377 Corvum,
1300 3303 1335 3364 C.
1351 3306 1484 3362 Marcion

434 3412 573 3480 Rutilum,
595 3409 628 3470 O.
651 3410 818 3486 Sulpicium,
840 3412 877 3470 T.
899 3409 1040 3468 Manlium
1063 3411 1256 3484 Torquatum,
1278 3412 1316 3485 Q.
1337 3414 1484 3471 Publilium

434 3516 602 3596 Philonem,
636 3518 670 3574 L.
702 3507 853 3592 Papirium
885 3514 1055 3587 Cursorem,
1091 3515 1128 3588 Q.
1161 3517 1288 3575 Fabium
1319 3519 1483 3585 Maximum,

404 3621 507 3679 9duos
529 3621 647 3691 Decios,
670 3625 705 3682 L.
729 3621 929 3690 Volumnium,
951 3623 1002 3679 Μ’.
1024 3620 1162 3678 Curium
1189 3622 1337 3700 Deinceps
1358 3625 1484 3700 ingentes

435 3729 679 3803 sequnntur‘viri,
710 3729 735 3785 si
754 3730 899 3787 Punicum
918 3729 1053 3786 Romano
1075 3728 1269 3802 proevertisset
1288 3729 1398 3787 bellum
1419 3728 1483 3786 seui·

386 3837 422 3891 10
435 3853 526 3910 crque
547 3834 577 3891 iu
598 3834 714 3891 Italiam
733 3835 901 3894 traiecisset.
941 3834 1057 3892 Horum
1071 3833 1101 3890 in
1123 3833 1253 3908 quolibet
1272 3853 1363 3909 quum
1382 3836 1483 3893 indoles

436 3942 547 4013 eadem,
574 3957 638 4014 quae
662 3940 693 3996 iu
714 3933 895 4010 Alexandro,
923 3949 987 3998 crst
1007 3939 1096 3996 enimi
1123 3939 1298 4016 ingeniique,
1326 3951 1387 3999 tum
1410 3939 1483 3998 disci·

436 4046 516 4123 plina
537 4046 677 4117 militaris,
698 4047 759 4104 iarn
779 4046 845 4102 inde
860 4047 898 4102 ab
918 4044 1007 4102 initiis
1028 4045 1107 4102 urbis
1127 4046 1236 4103 tradita
1255 4065 1310 4122 par
1330 4045 1482 4116 manus,iu

390 4143 422 4198 1¹
437 4153 507 4210 artis
528 4152 673 4242 perpetuis
694 4151 845 4228 preceptis
867 4152 1007 4209 ordinata
1028 4151 1145 4208 modum
1167 4162 1296 4211 venerat.
1342 4152 1393 4210 Ita
1412 4166 1483 4226 rege

436 4268 585 4335 gesseram
606 4258 696 4326 bella,
726 4258 768 4314 its
789 4257 893 4314 deinde
913 4265 1063 4316 exactores
1089 4275 1190 4332 regum
1217 4257 1295 4316 Iunii
1318 4258 1482 4333 vuefiique
