3392 5084
473 517 531 574 218
768 513 846 564 niue
862 500 906 562 x.'
934 511 981 576 (A.
994 529 1018 562 u.
1029 526 1052 562 e.
1063 513 1137 576 111.)

381 701 416 759 12
430 701 616 776 significate-‘⁵
660 701 737 757 Tum
762 717 832 755 vero
851 707 948 756 tantus
975 705 1019 755 ast
1041 697 1152 754 clamor
1172 704 1303 768 exortus,
1333 705 1364 754 nt
1381 697 1466 754 hostes

431 805 569 863 ecastris
596 805 711 863 exciret
765 805 866 864 Armis
894 805 1015 880 arreptis
1041 804 1071 861 in
1100 804 1190 862 aciem
1218 805 1395 862 descendunt.
1434 803 1468 860 ltt

382 915 416 971 13
430 911 603 969 Volumnius
625 911 708 986 signa
730 929 832 970 canere
854 930 889 968 ae
913 910 1020 968 vexilla
1046 907 1142 967 efferri
1165 911 1268 968 castris
1294 911 1385 980 iussit3
1413 911 1468 984 Ap·

429 1017 509 1094 pium
533 1017 718 1074 addubitasse
738 1016 849 1088 ierunt,
873 1025 1050 1085 cernentem,
1072 1032 1123 1072 seu
1144 991 1361 1092 pugnante‘seu
1381 1016 1465 1090 quieto

430 1141 461 1180 se
488 1121 552 1180 iore
580 1123 698 1198 collega
719 1122 887 1191 victoriam3
923 1122 1025 1178 deinde
1051 1122 1189 1193 veritum,
1220 1143 1257 1182 ne
1285 1143 1343 1180 snae
1368 1139 1468 1196 quoquc

429 1229 556 1304 legiones
580 1228 769 1286 Volumnium
793 1237 994 1304 sequerentur,
1023 1238 1052 1286 et
1081 1229 1175 1304 ipsum
1201 1230 1395 1305 flagitantibus
1420 1227 1469 1285 suis

381 1338 413 1393 14
429 1335 541 1410 signum
571 1334 692 1392 dedisse.
749 1335 798 1392 Ab
827 1343 930 1392 neutra
961 1343 1044 1409 parte
1072 1334 1144 1392 satis
1174 1335 1327 1392 commode
1351 1333 1469 1392 instructi

428 1441 561 1512 fuer-una
591 1459 659 1497 nam
683 1450 712 1497 et
734 1439 906 1499 Samnitium
935 1441 996 1497 dux
1017 1440 1129 1499 Gellius
1151 1440 1294 1516 Egnatius
1316 1440 1470 1516 pabulatum

429 1566 494 1605 oum
521 1548 687 1605 cohortibus
718 1546 818 1622 paucis
853 1546 943 1616 ierat,
981 1564 1092 1621 suoque
1116 1546 1227 1623 impetu
1261 1549 1355 1624 magis
1380 1547 1470 1604 milites

380 1656 416 1711 15
430 1673 517 1730 qnam
541 1653 709 1727 cuiusquam
731 1652 818 1709 ductu
847 1662 898 1709 aut
922 1652 1043 1728 imperio
1070 1669 1198 1735 pqgnam
1223 1655 1423 1728 capessebant,
1449 1663 1472 1707 et

427 1759 553 1818 Romani
574 1759 715 1817 exercitus
736 1777 789 1816 nec
809 1759 918 1833 pariter
940 1759 1027 1815 ambo
1057 1759 1134 1816 ducti
1165 1776 1218 1816 nec
1247 1760 1318 1816 satis
1347 1758 1472 1834 temporis

380 1866 415 1921 16
429 1865 467 1922 ad
487 1865 683 1922 instruendum
705 1865 769 1926 fuit.
811 1865 899 1922 Prius
917 1865 1060 1921 concurrit
1072 1865 1255 1937 Volumnius,
1270 1883 1357 1940 quam
1370 1863 1471 1939 Appius

429 1973 467 2028 ad
488 1973 600 2029 hostem
622 1973 799 2047 perveniret3
831 1971 930 2046 itaque
952 1969 1048 2027 fronte
1074 1971 1210 2045 inaequali
1233 1989 1404 2028 coneursum
1424 1978 1473 2037 est;

429 2087 456 2134 et
472 2078 550 2135 velut
566 2089 644 2135 sorte
662 2079 788 2153 quadarn
803 2085 933 2134 mutante
948 2085 1079 2134 assuetos
1099 2077 1174 2133 inter
1192 2096 1224 2134 se
1236 2078 1346 2146 hostes,
1368 2075 1473 2134 Etrusci

428 2183 601 2254 Volumnio,
629 2183 783 2254 Samnites,
817 2201 974 2260 parumper
1005 2182 1145 2253 cunctati,
1177 2182 1246 2258 quia
1279 2183 1339 2240 dux
1371 2184 1471 2251 eberat,

381 2289 414 2344 17
428 2289 528 2364 Appio
551 2308 709 2348 occurrere.
752 2290 868 2347 Dicitur
882 2291 996 2367 Appius
1018 2289 1049 2362 iq
1069 2289 1164 2346 medio
1186 2307 1291 2365 pugnae
1312 2289 1474 2355 discrimine,

428 2395 470 2452 ita
491 2403 523 2451 ut
542 2395 617 2452 inter
639 2395 741 2470 prima·
755 2396 839 2470 signa
869 2397 1002 2455 manibus
1028 2395 1067 2454 ad
1094 2396 1194 2452 calum
1223 2395 1344 2453 sublatis
1372 2395 1474 2470 conspi-

428 2509 548 2572 ceretur,
569 2501 611 2558 ita
633 2510 767 2576 precatus
790 2519 868 2558 esse:
902 2501 1052 2573 ,Bellona
1075 2502 1100 2559 si
1119 2500 1206 2558 hodie
1226 2502 1312 2559 nobis
1333 2502 1475 2560 victoriam

379 2604 415 2661 18
428 2606 506 2677 duis,
537 2615 583 2664 ast
610 2625 664 2682 ego
691 2607 744 2665 tibi
772 2608 910 2684 templum
937 2597 1079 2678 voveoss‘f¹
1124 2609 1197 2666 Haeo
1222 2617 1374 2684 precatus,
1406 2608 1476 2665 velut

365 2693 367 2700 Ι
427 2712 580 2788 instigante
602 2715 673 2785 dea,
705 2725 734 2772 at
761 2715 822 2790 ipse
847 2714 964 2789 collega
989 2721 1018 2770 et
1039 2714 1181 2771 exercitus
1201 2713 1337 2771 virtutem
1359 2713 1476 2789 aequarit

429 2818 518 2876 ducis.
560 2819 602 2874 Et
623 2820 705 2878 duces
725 2821 912 2897 imperatoria
933 2839 1023 2894 opera
1045 2828 1240 2892 exsequuntur
1261 2830 1290 2877 et
1312 2820 1424 2890 milites,
1446 2838 1475 2874 ne

378 2925 465 2982 19111)
488 2923 579 2982 altera
600 2933 683 3001 parte
704 2925 783 3001 prius
803 2925 927 2987 uictoria
947 2925 1074 3000 incipiat,
1101 2924 1275 2985 annituntur.
1317 2925 1398 3000 Ergo
1418 2923 1475 2981 iun·

428 3031 500 3102 dunt
519 3027 679 3106 fugantque¹
700 3033 806 3104 hostes,
827 3033 966 3090 maiorem
982 3031 1087 3089 molem
1103 3031 1180 3088 baud
1196 3030 1284 3088 facile
1303 3032 1475 3098 sustinentes,

429 3157 515 3213 quam
546 3157 610 3196 cnm
639 3157 698 3213 qua
723 3156 827 3196 manus
857 3156 1009 3195 conserere
1035 3137 1143 3195 assueti
1170 3135 1297 3197 fuerant.
1342 3137 1473 3213 Urgendo

376 3244 414 3300 20
428 3244 560 3302 cedentes
596 3244 830 3319 insequendoque
875 3243 982 3302 effusos
1017 3243 1181 3319 compulere
1215 3243 1254 3299 ad
1293 3251 1403 3312 oneum
1440 3240 1474 3297 rbi

427 3348 589 3407 interventu
611 3349 699 3409 Gellii
722 3350 942 3424 cohortiumque
963 3349 1144 3408 Sabellarum
1164 3348 1314 3424 paulisper
1339 3347 1474 3406 recruduit

427 3471 533 3529 pugna.
576 3455 618 3512 Iis
634 3473 748 3530 quoqne
769 3473 839 3512 mox
853 3453 934 3526 fusis,
954 3455 1012 3512 iam
1035 3473 1054 3511 a
1075 3454 1231 3512 victoribus
1253 3461 1352 3513 castra
1371 3470 1473 3528 oppug-

376 3560 588 3630 sinebantur,
625 3569 653 3617 et
692 3579 779 3635 quum
815 3561 990 3618 Volumnius
1020 3560 1083 3637 ipso
1111 3569 1204 3635 portae
1235 3559 1321 3636 signa
1354 3558 1474 3622 inferret,

427 3665 542 3740 Appius
576 3665 728 3723 Bellonam
763 3665 910 3724 victricem
944 3666 1098 3723 identidem
1134 3665 1284 3723 celebrans
1315 3664 1474 3723 accenderet

377 3769 697 3842 numinenumine,
727 3791 780 3848 per
807 3772 931 3843 vallum,
962 3791 1014 3848 per
1040 3771 1136 3830 fossas
1158 3771 1332 3847 irruperunt.
1378 3768 1474 3828 Castra
1530 3834 1532 3840 y

427 3883 513 3951 capta
535 3877 721 3952 direptaque3
752 3878 851 3953 praeda
873 3878 974 3954 ingens
996 3885 1081 3953 parta
1109 3886 1138 3935 et
1165 3877 1249 3935 militi
1270 3893 1406 3936 concessa
1426 3883 1471 3931 est
1530 3912 1532 3987 ἰ

428 3979 543 4056 Septem
566 3983 655 4040 millia
677 3983 832 4059 octingenti
852 3985 978 4041 hostium
999 3984 1095 4054 oecisi,
1116 3983 1174 4040 duo
1201 3982 1293 4040 millia
1314 3991 1342 4040 et
1367 3991 1470 4040 centum

427 4087 530 4163 viginti
551 4089 638 4165 capti.

334 4184 378 4252 20
510 4194 589 4251 Dum
612 4195 698 4251 ambo
722 4196 854 4253 consules
882 4194 1032 4270 omnisque
1052 4195 1186 4252 Romana
1210 4194 1307 4252 visin
1327 4195 1469 4253 Etruscum

427 4296 532 4354 bellum
563 4299 656 4374 magis
687 4299 820 4370 inclinat,
853 4300 883 4356 in
908 4299 1028 4358 Samnio
1054 4301 1124 4357 nori
1151 4301 1294 4358 exercitus
1324 4298 1414 4358 exorti
1439 4293 1470 4352 ad
