3392 5084
474 535 532 591 212
740 529 818 580 Liber
835 530 884 580 lv.
920 530 963 593 (A.
978 545 1004 580 u.
1016 546 1038 582 e.
1052 533 1214 594 tlt-tlt.)

430 715 595 789 cimumque
623 713 769 772 tribunum
796 714 889 790 plebis
916 721 1084 789 cooptatum
1112 715 1283 774 seditionem
1315 723 1422 772 motem
1450 733 1478 771 en

399 821 568 880 tMseliens
599 820 677 877 crede
712 819 831 876 sedasse
862 819 997 891 inveni03
1033 829 1159 879 ceterum
1193 821 1244 880 vix
1275 819 1412 878 credibile
1437 827 1479 885 est

429 943 581 984 numerum
602 925 783 983 tribunorum
805 934 904 1001 patres
926 924 1028 1000 augeri
1048 945 1169 1001 pessos,
1197 926 1287 1001 idque
1314 925 1479 1001 potissimum

430 1031 593 1107 exemplum
617 1050 635 1088 a
656 1029 780 1106 patricio
793 1031 912 1088 homine
929 1030 1135 1102 introductum,
1156 1046 1210 1090 nec
1224 1031 1329 1088 deiude
1339 1031 1372 1088 id
1382 1030 1478 1106 piebem

430 1154 598 1195 concessum
633 1136 723 1194 semel
757 1135 917 1193 obtinuisse
948 1143 1000 1192 out
1031 1143 1109 1194 certe
1140 1144 1277 1195 numum.
1340 1136 1400 1195 Sed
1426 1145 1478 1192 suto

430 1242 528 1299 omnis
548 1241 654 1300 refellit
673 1239 782 1298 {eleum
802 1239 937 1314 imaginis
964 1242 1078 1299 titulum
1104 1242 1207 1318 paucis
1231 1251 1301 1301 unte
1326 1243 1409 1300 annis
1428 1242 1479 1316 lege

429 1355 555 1433 ctutum,
577 1365 614 1403 ne
635 1345 757 1404 tribunis
782 1339 924 1422 collegam
946 1354 1085 1422 cooptare
1106 1347 1214 1406 liceret

399 1463 415 1516 5
512 1440 550 1525 Q:
577 1451 727 1522 caeuuus,
758 1451 794 1526 Q.
817 1451 936 1523 nnius,
965 1451 1034 1511 Sex.
1062 1452 1189 1511 nimius
1218 1454 1274 1512 sou
1305 1474 1346 1512 ex
1373 1452 1478 1526 comm

427 1557 609 1615 tribunorum
640 1574 735 1631 neque
768 1556 895 1613 tulerant
930 1557 966 1614 de
1000 1558 1160 1616 honoribus
1188 1559 1311 1617 Minucii
1343 1559 1433 1634 legem
1458 1565 1479 1614 et

427 1662 574 1720 criminari
596 1681 673 1720 nunc
694 1661 864 1732 Minucium,
885 1680 962 1719 nnnc
983 1662 1139 1722 Servilium
1161 1665 1240 1739 epud
1261 1664 1380 1740 plebem
1401 1661 1479 1737 queri

397 1777 484 1841 (tque
504 1766 653 1841 indiguam
675 1785 774 1824 necem
797 1766 887 1824 Maelii
906 1786 966 1824 non
986 1769 1165 1828 destiterant
1197 1767 1478 1843 Pervicernntigitun

426 1881 458 1929 ut
479 1872 660 1930 tribunorum
682 1872 804 1930 militum
831 1872 930 1947 potius
958 1891 1047 1948 quem
1078 1875 1229 1933 consulum
1256 1875 1379 1933 comitis
1405 1874 1478 1930 bibe

426 1953 533 2048 rentur,
557 1978 637 2036 haud
657 1977 747 2047 dubii,
769 1978 838 2052 quin
860 1996 913 2036 sex
934 1979 1006 2037 loeis
1028 1982 1085 2053 (tot
1104 1980 1182 2039 enim
1196 1981 1254 2038 ism
1269 1981 1367 2038 crenri
1376 1976 1478 2051 licebat)

427 2092 455 2140 et
483 2083 589 2159 plebeii
617 2084 725 2158 aliqui,
756 2083 920 2159 profitendo
949 2102 982 2142 se
1007 2085 1118 2144 ultores
1145 2085 1211 2144 fore
1231 2086 1380 2143 Melinum
1399 2082 1479 2150 cudis,

396 2199 600 2252 'teresi-entur.
645 2189 744 2260 Plebs,
766 2207 934 2264 quanquam
956 2189 1068 2265 agitate
1089 2191 1186 2250 multis
1210 2210 1245 2249 eo
1268 2211 1346 2250 euno
1361 2189 1479 2264 etvmiis

424 2295 551 2353 motibus
573 2304 650 2364 eret,
682 2312 736 2352 nec
764 2295 863 2370 plures
890 2313 978 2368 quam
1002 2305 1062 2353 tres
1088 2297 1220 2355 tribunos
1242 2297 1391 2354 consulari
1410 2303 1478 2372 poto

424 2409 500 2458 stute
524 2401 634 2458 creavit
656 2408 684 2456 et
708 2400 738 2456 in
759 2400 795 2457 iis
818 2401 854 2460 L.
866 2399 1033 2472 Quinctium
1048 2399 1211 2460 Cincinnati
1233 2402 1334 2473 filium,
1355 2421 1397 2461 ex
1413 2401 1478 2459 cuim

424 2505 574 2564 dictaturus
611 2504 722 2563 invidie
753 2505 893 2562 tumultus
930 2507 1123 2580 qdaerebetur.
1171 2507 1317 2565 Prteletus
1345 2506 1478 2583 suffragiis

425 2611 560 2686 Quinctio
585 2613 750 2668 Mamercus
771 2609 921 2681 AEmiliun
939 2611 986 2668 vir
1006 2631 1127 2670 summm
1147 2612 1315 2688 dignitatis3
1334 2615 1370 2674 L.
1386 2614 1477 2672 Iulium

423 2716 540 2774 tertium
564 2723 673 2773 creent.
737 2737 741 2746 ⁴

325 2814 365 2883 Π
506 2823 541 2880 In
566 2823 669 2880 horum
690 2820 864 2895 magistratu
878 2822 1007 2892 Fideuae,
1028 2822 1301 2895 colouinRomunn,
1322 2824 1477 2882 edLnrteu

391 2925 609 2984 2Tolumnium
639 2903 806 2983 Veientium
835 2943 934 3002 regem
964 2944 999 2984 eo
1029 2925 1174 2984 Veientes
1197 2926 1340 2990 deiecere.
1394 2928 1477 2987 Maius

422 3033 551 3090 additum
574 3031 729 3089 defectioni
752 3031 861 3089 scelus:
883 3029 916 3090 C.
936 3031 1110 3104 Fulcinium,
1132 3029 1266 3090 Cloelium
1287 3035 1416 3104 Tullum,
1435 3033 1476 3106 sp.
1519 3076 1520 3079 η

421 3137 559 3208 Antium,
586 3139 620 3195 L.
641 3136 796 3207 Roscium,
818 3135 933 3210 legatos
953 3138 1119 3208 Romanos,
1145 3155 1267 3195 censam
1287 3141 1360 3198 novi
1379 3135 1477 3197 consilii

391 3249 591 3318 dquaerentee‚
613 3241 693 3298 iussu
714 3239 866 3298 Tolumnii
886 3239 1101 3300 iuterfecerunt.
1135 3243 1251 3302 Levant
1271 3244 1391 3318 quidum
1412 3242 1476 3317 regis
1519 3300 1520 3303 ,

420 3347 550 3408 facinus:
579 3347 609 3404 in
637 3355 812 3404 tesserarum
840 3363 983 3421 prospero
1008 3346 1087 3404 iectu
1105 3366 1208 3405 vocem
1228 3349 1291 3407 eius
1312 3351 1475 3425 ambiguam,

367 3521 369 3525 ι
419 3463 452 3512 ut
474 3453 567 3512 occidi
587 3452 706 3510 iussisse
738 3453 901 3522 videretur,
927 3469 946 3507 a
968 3442 1159 3510 Fidenatibus
1186 3463 1340 3529 exceptum
1370 3471 1474 3514 causum

329 3537 334 3542 ⁵
389 3557 521 3621 tmortis
542 3556 647 3631 legetis
668 3556 773 3615 fuisse:
794 3576 855 3615 rem
878 3555 1086 3627 incredibilem,
1108 3559 1271 3617 interventu
1294 3559 1474 3624 Fidenatium,

419 3681 562 3720 novorum
585 3662 740 3732 sociorum,
759 3661 971 3719 consulentium
993 3662 1030 3719 de
1051 3662 1130 3719 coede
1149 3673 1273 3739 rupture
1292 3665 1474 3742 iusgentium

419 3785 478 3825 non
501 3784 635 3824 aversum
657 3767 694 3824 nb
717 3767 875 3825 intentione
896 3765 977 3822 lusus
998 3766 1138 3838 animum,
1158 3787 1213 3828 nec
1226 3770 1331 3827 deinde
1345 3771 1375 3828 in
1384 3771 1473 3828 horto

390 3885 481 3939 trem
503 3888 618 3930 versum
641 3871 764 3929 facinus.
810 3870 939 3945 Propius
959 3880 1005 3926 est
1024 3872 1121 3943 fidem,
1143 3873 1285 3950 obstringi
1303 3875 1473 3934 Fidenctium

419 3977 574 4054 populum,
605 3995 641 4034 ne
664 3976 809 4065 respicere
830 3994 912 4051 spem
933 3975 1023 4032 ullam
1046 3977 1085 4034 cb
1106 3979 1247 4037 Romanis
1274 3990 1389 4055 posset,
1414 3995 1472 4036 con·

388 4083 539 4150 uenientia
559 4077 633 4139 tenti
654 4081 770 4138 sceleris
792 4079 930 4139 voluisse.
978 4081 1175 4156 negatorum,
1205 4085 1256 4159 qui
1277 4085 1395 4144 Fidenis
1416 4082 1471 4143 euti

419 4196 510 4258 erent,
534 4193 637 4268 stetuae
659 4185 774 4260 publice
796 4185 826 4242 in
846 4185 950 4270 rostris
972 4185 1075 4261 positae
1096 4198 1171 4247 sunt.

502 4289 576 4348 Cum
615 4289 787 4347 Veientibus
823 4289 1087 4366 Fidenatibusque‚
1122 4302 1317 4369 preterquam
1357 4286 1470 4354 buton

241 2479 412 2533 A.u.c.316.

244 2550 277 2602 A.
292 2548 338 2600 ch.
352 2556 411 2600 438.
