3392 5084
547 495 918 562 fflmmmm
1163 500 1216 554 tm

208 684 245 740 ita
274 683 410 758 deinceps
431 685 532 752 Fabii,
563 683 705 756 Quinctii,
734 681 876 752 Cornelii,
908 680 951 737 ita
979 681 1085 738 Furius
1114 679 1262 750 Camillus,
1344 681 1349 690 '

210 807 287 863 quem
302 789 422 846 iuvenes
436 789 467 859 ii,
485 790 589 863 quibus
604 807 668 846 cum
684 788 854 846 Alexandro
869 787 1063 843 dimicandum
1078 797 1149 855 erat,
1164 805 1260 842 senem
1326 784 1329 794 “

208 895 345 954 viderant.
392 895 534 953 Militaria
554 913 645 970 opera
665 892 820 968 pugnando
844 892 963 950 obeunti
983 892 1154 948 Alexandro
1182 892 1262 965 (nam
1278 891 1313 948 12

209 1019 238 1056 ea
260 1020 378 1075 quoque
398 1001 478 1058 haud
499 1001 592 1058 minus
615 999 723 1057 clarum
746 1017 810 1054 eum
834 996 956 1070 faciunt)
978 999 1111 1054 cessisset
1130 997 1263 1054 videlicet

206 1107 317 1164 inacie
346 1108 462 1164 oblatus
482 1125 538 1180 par
564 1104 689 1162 Manlius
719 1105 889 1177 Torquatus
912 1113 963 1160 aut
984 1104 1119 1160 Valerius
1141 1102 1264 1174 Corvus,

207 1213 330 1288 insignes
364 1222 431 1270 ante
457 1212 562 1268 milites
592 1229 680 1286 quam
708 1211 810 1280 duces,
844 1210 997 1267 cessissent
1026 1209 1120 1279 Decii,
1152 1210 1264 1266 devotis
1279 1209 1314 1264 13

207 1319 375 1394 corporibus
399 1317 430 1374 in
458 1319 570 1374 hostem
593 1326 724 1385 ruentes,
751 1316 885 1372 cessisset
908 1316 1045 1390 Papisius
1072 1313 1181 1372 Cursor
1213 1314 1263 1370 illo

206 1424 335 1500 corporis
356 1423 472 1494 robore,
493 1423 543 1480 illo
559 1423 662 1492 animi;
683 1421 776 1480 victus
800 1433 877 1478 esset
892 1421 1017 1478 consiliis
1038 1421 1150 1478 iuvenis
1170 1420 1315 1490 unius,14

205 1550 237 1586 ne
258 1529 392 1604 singulos
413 1527 574 1599 nominem,
595 1539 711 1584 senatus
732 1527 795 1598 ille,
821 1546 905 1602 quem
928 1527 978 1601 qui
1000 1546 1038 1583 ex
1057 1527 1173 1602 regibus
1197 1544 1265 1582 con·

205 1645 280 1692 stare
309 1634 398 1703 dixit,
426 1651 499 1690 unus
526 1652 625 1690 veram
657 1633 783 1707 speciem
803 1631 931 1690 Romani
958 1642 1074 1688 senatus
1103 1632 1187 1706 cepit
1229 1633 1265 1689 Id
1282 1634 1316 1688 15

204 1760 271 1797 vero
297 1749 362 1796 eret
384 1735 557 1812 periculum,
580 1755 616 1794 ne
640 1738 783 1794 sollertius
806 1757 895 1812 quam
918 1737 1037 1812 quilibet
1058 1756 1131 1795 unus
1154 1758 1190 1795 ex
1210 1738 1264 1807 his,

205 1865 276 1920 quos
299 1842 464 1911 nominaui,
497 1842 601 1907 castris
620 1843 715 1900 locum
737 1853 870 1918 caperet,
901 1852 1079 1900 commeatus
1108 1844 1265 1918 expediret,

204 1953 238 2008 ab
259 1950 376 2006 insidiis
399 1957 589 2022 praecaveret,
610 1956 723 2036 tempus
743 1967 849 2024 pugnae
871 1949 1023 2024 deligeret,
1045 1948 1136 2006 aciem
1159 1948 1265 2004 instru-

204 2067 270 2128 eret,
303 2053 441 2120 subsidiis
462 2053 598 2110 firmaret.
637 2055 706 2112 Non
737 2073 801 2112 cum
825 2055 925 2112 Dareo
956 2074 1018 2110 rem
1041 2071 1106 2111 esse
1127 2044 1266 2125 dixisset,
1281 2058 1316 2112 16

203 2181 289 2236 quem
312 2159 467 2216 mulierum
490 2174 525 2214 ac
546 2158 707 2232 spadonum
729 2179 833 2234 agmen
856 2160 1034 2229 trahentem,
1063 2159 1139 2216 inter
1159 2178 1267 2234 purpu-

200 2287 262 2324 ram
287 2275 379 2339 atque
394 2283 506 2333 aurum,
530 2253 678 2320 oneratum
699 2264 823 2322 fortunae
839 2265 1028 2339 apparatibus
1050 2283 1118 2333 suae,
1139 2266 1268 2339 praedam

201 2375 301 2431 verius
324 2390 414 2447 quam
435 2373 557 2439 hostem,
589 2370 660 2426 nihil
683 2370 762 2426 aliud
784 2390 872 2445 quam
895 2372 969 2427 bene
991 2389 1080 2428 ausus
1101 2389 1180 2428 vana
1200 2390 1268 2427 con·

201 2490 343 2548 temnere,
365 2477 529 2533 incruentus
552 2474 665 2532 devicit.
714 2475 822 2550 Longe
844 2475 917 2532 alius
943 2476 1037 2533 Italiae
1058 2495 1147 2550 quam
1167 2476 1267 2546 Indiae,
1283 2478 1317 2530 17

201 2605 253 2660 per
284 2601 376 2658 quam
402 2581 559 2638 temulento
592 2581 706 2654 agmine
741 2581 980 2639 comissabundus
1016 2582 1146 2653 incessit,
1188 2584 1268 2640 visus

200 2691 241 2746 illi
262 2688 387 2747 habitus
409 2701 499 2758 esset,
532 2685 622 2742 saltus
645 2679 760 2760 Apuliae
789 2704 824 2742 ac
845 2697 958 2744 montes
986 2688 1122 2744 Lucanos
1143 2685 1270 2747 cernenti

202 2807 229 2852 et
251 2794 383 2872 vestigia
403 2793 531 2849 recentia
545 2791 710 2848 domesticae
731 2791 834 2862 cladis,
854 2792 903 2848 ubi
915 2792 1073 2849 avunculus
1087 2793 1149 2850 eius
1169 2813 1270 2868 nuper,

201 2902 290 2977 Epiri
308 2918 363 2956 rex
382 2898 562 2968 Alexander,
583 2898 752 2970 absumptus
774 2908 844 2954 erat.
888 2897 928 2954 Et
948 2898 1093 2972 loquimur
1116 2899 1153 2956 de
1173 2899 1267 2958 Alex·
1306 2893 1362 2962 ·18

176 3041 178 3046 ·
201 3009 298 3064 andro
321 3003 452 3060 nondum
474 2981 568 3059 merso
591 2999 722 3058 secundis
743 3001 838 3074 rebus,
862 3021 984 3076 quarum
1004 3024 1090 3061 nemo
1113 3006 1269 3062 intoleran-

200 3115 259 3171 tior
281 3112 349 3170 fuit.
403 3108 461 3180 Qui
493 3107 517 3164 si
546 3127 583 3164 ex
604 3105 703 3163 habitu
730 3124 814 3162 novae
844 3106 968 3165 fortunae
994 3111 1137 3184 novique,
1169 3122 1202 3167 ut
1228 3111 1300 3167 ita2

201 3220 319 3288 dicam,
349 3213 472 3289 ingenii,
508 3213 586 3287 quod
612 3210 668 3267 sibi
692 3211 784 3268 victor
804 3213 952 3284 induerat,
980 3201 1141 3290 spectetur,
1170 3217 1301 3273 Dareo-3

200 3324 301 3398 magis
325 3320 427 3378 similis
450 3336 538 3391 quam
559 3315 729 3374 Alexandro
761 3316 791 3372 in
811 3318 932 3376 Italiam
955 3321 1095 3391 venisset,
1128 3316 1158 3376 et
1189 3339 1271 3376 exer·

200 3430 294 3486 citum
318 3423 502 3484 Macedoniae
524 3421 644 3497 qblitum
665 3421 947 3498 degenerantemque
975 3425 1034 3481 iam
1063 3425 1093 3481 in
1114 3426 1272 3482 Persarum

199 3551 304 3592 mores
339 3529 518 3588 adduxisset.
571 3525 691 3584 Referre
726 3527 756 3583 in
791 3537 872 3585 tauto
904 3549 974 3604 rege
1006 3531 1086 3606 piget
1118 3533 1302 3606 superbam4

200 3637 401 3696 mutationem
422 3634 512 3691 vestis
539 3643 568 3690 et
593 3632 770 3702 desideratas
791 3633 873 3689 humi
900 3636 1054 3694 iacentium
1082 3636 1273 3709 adulationes,

200 3747 296 3804 etiam
319 3742 406 3800 victis
428 3739 638 3797 Macedonibus
659 3756 787 3813 gravesr
808 3740 914 3798 nedum
940 3741 1112 3812 victoribus,
1144 3751 1173 3800 et
1194 3742 1274 3800 foeda

199 3849 355 3928 supplicia
379 3857 408 3904 et
439 3846 514 3901 iuter
544 3844 642 3901 vinum
664 3855 692 3901 et
713 3844 814 3918 epulas
840 3847 932 3902 caedes
954 3847 1112 3904 amicorum
1141 3858 1171 3904 et
1191 3849 1273 3904 vani-

197 3969 298 4016 tatem
325 3951 515 4012 ementiendae
540 3949 648 4024 stirpis,
690 3949 783 4022 Quid,
813 3951 840 4006 si
863 3950 923 4008 vini
944 3971 1027 4008 amor
1047 3953 1077 4009 in
1099 3955 1160 4011 dies
1193 3955 1304 4011 fieret5

199 4060 328 4121 acrior?
351 4060 432 4134 quid,
454 4057 479 4112 si
494 4065 562 4112 trux
583 4073 617 4112 ac
632 4052 804 4128 praefervida
822 4055 886 4111 ira?
909 4053 1141 4132 (necquicquam
1155 4059 1274 4121 dubium
1294 4039 1297 4043 7

197 4171 281 4226 inter
298 4167 459 4240 scriptores
480 4159 586 4236 refero)
609 4159 725 4217 nullane
743 4161 805 4216 haec
824 4161 931 4218 damna
952 4164 1144 4238 imperatoriis
1162 4165 1275 4222 virtuti·

196 4278 257 4334 bus
283 4268 441 4330 ducimus?
462 4269 499 4325 Id
520 4285 590 4324 vero
604 4265 762 4340 periculum
778 4279 850 4337 erat,
872 4269 951 4342 quod
972 4268 1110 4328 levissimi
1132 4291 1170 4329 ex
1192 4271 1306 4331 Grae-6

227 4389 301 4426 Livius
318 4395 342 4422 ox
357 4394 395 4420 rsa.
411 4379 510 4426 llsdvigii.
539 4376 562 4414 11.
1032 4378 1060 4422 1¹

361 4549 385 4605 't
