3392 5084
508 552 586 602 Liber
597 551 631 601 V.
669 550 718 615 (A.
734 549 957 614 (lh-400-398.)
1159 556 1215 613 271
1295 556 1307 565 ”

214 737 306 793 latores
341 732 500 811 Capenatis
538 734 602 809 agri
639 733 777 808 reliquias
820 752 926 809 pagine
962 734 1160 810 absumpsere.
1222 736 1262 795 Et
1279 739 1315 795 tc

213 840 360 897 Veientium
383 838 558 914 refugientes
579 839 609 897 iu
632 840 731 897 urbem
754 840 836 900 multi
859 848 927 897 ante
954 847 1056 914 port-as
1084 840 1166 911 caesi,
1192 841 1261 899 dum

213 962 261 1018 pre
289 953 380 1013 metu,
420 964 458 1002 ne
485 944 572 1003 simul
599 947 750 1002 Romanus
776 944 963 1019 irrumperet,
1002 944 1123 1003 obiectis
1150 944 1262 1003 toruus

211 1060 340 1107 extremos
362 1066 482 1107 suorum
505 1050 660 1126 exclcqsere.

277 1155 349 1213 Hae
371 1174 406 1213 ee
430 1172 506 1211 auno
529 1155 609 1224 acta;
639 1162 667 1211 et
695 1154 753 1211 iam
784 1154 903 1211 comitia
928 1154 1109 1212 tribunorum
1140 1154 1262 1213 militum
1320 1141 1358 1209 14

210 1258 332 1329 aderant,
363 1278 489 1333 quorum
510 1278 602 1339 prope
624 1260 718 1317 maior
739 1260 872 1334 patribus
897 1277 985 1333 qnam
1007 1260 1075 1317 belli
1098 1279 1169 1317 cura
1190 1268 1262 1330 erat,

211 1364 302 1439 quippe
323 1382 384 1442 nou
407 1364 650 1423 communicatum
673 1364 762 1425 medo
784 1384 849 1423 cum
870 1364 966 1439 plebe,
987 1364 1037 1421 sed
1062 1384 1155 1440 prope
1176 1366 1262 1423 amis-

211 1470 466 1527 concernentibus
488 1487 631 1527 summum
652 1462 815 1544 imperium.
864 1471 970 1544 Itaque
998 1470 1165 1527 clarissimis
1182 1463 1293 1533 cirin
1359 1522 1363 1529 .

211 1593 240 1629 ex
258 1566 420 1649 composito
441 1574 613 1649 praeparatis
636 1576 674 1632 ad
695 1576 861 1649 petendum,
884 1594 958 1649 quos
975 1576 1168 1650 praetereundi
1181 1594 1264 1633 vene·

211 1680 329 1736 cundiam
352 1680 505 1737 crederent
524 1678 597 1749 iore,
618 1680 708 1737 nihilo
731 1680 824 1739 minus
845 1654 912 1755 ipsi,
934 1680 1054 1755 perinde
1068 1698 1103 1739 ac
1117 1682 1144 1738 si
1164 1698 1265 1739 omnes

210 1785 341 1843 candidati
365 1794 477 1854 esseut,
499 1792 603 1841 cuncta
623 1786 818 1859 experientes,
840 1804 900 1841 non
927 1786 1059 1843 homines
1086 1787 1190 1856 modo,
1213 1787 1264 1843 sed

208 1890 265 1947 deos
285 1892 376 1947 etiam
399 1890 550 1959 excibant,
578 1889 608 1947 iu
630 1888 798 1962 religionem
827 1899 972 1977 vertentes
1002 1892 1119 1949 comitia
1148 1891 1264 1949 biennio

207 1995 307 2053 habita:
334 1995 435 2070 priore
461 2014 538 2051 anno
558 1994 770 2051 intolerandam
793 1995 917 2053 hiemem
938 1997 1138 2071 prodigiisque
1160 1996 1295 2054 divinis3
1339 1978 1348 1999 ⁶

207 2100 312 2157 similem
346 2110 495 2170 coortam,
528 2099 662 2174 proximo
690 2118 749 2181 non
776 2100 927 2175 prodigia,
963 2101 1014 2157 sad
1042 2102 1102 2158 iam
1131 2110 1264 2159 eventus:

206 2206 388 2277 pestilentiam
411 2205 490 2280 agris
515 2204 637 2277 urbique
659 2202 770 2261 illatam
793 2204 873 2261 haud
895 2204 984 2262 dubia
1005 2205 1051 2263 ira
1071 2207 1169 2276 deum,
1189 2194 1295 2280 'quusi

205 2312 280 2384 pestis
302 2312 365 2369 eres
395 2308 527 2368 arceudae
555 2326 645 2366 cansa
667 2309 834 2383 'placandos
865 2329 929 2368 esse
957 2310 987 2367 in
1018 2311 1099 2367 libris
1126 2310 1266 2368 fatalibus

206 2412 341 2473 inventam
370 2415 422 2484 sin
452 2414 590 2491 comitiis,
622 2414 774 2489 auspicato
802 2434 867 2490 quac
893 2418 1010 2487 fierent,
1038 2415 1188 2489 indignum
1210 2414 1265 2471 diis
1288 2404 1291 2409 ¹

209 2520 290 2577 nsum
311 2522 441 2578 honores
462 2516 576 2594 vulgari
598 2518 821 2594 discriminaque
842 2522 970 2595 gentium
994 2520 1141 2577 confundi.
1183 2521 1294 2577 Prae-5

209 2632 329 2699 terquam
351 2625 505 2683 maiestate
526 2622 703 2701 petentium,
724 2624 864 2698 religione
887 2626 975 2681 ctiam
998 2626 1114 2682 attoniti
1133 2626 1265 2685 homiues
1310 2678 1314 2683 ,

209 2732 333 2803 patricios
366 2749 483 2800 omnes,
515 2738 628 2804 partem
660 2746 796 2803 maguam
826 2730 1083 2788 honoratissimum
1113 2749 1266 2805 quemque,

210 2836 329 2895 tribunos
358 2836 482 2893 militum
509 2833 655 2893 consulari
687 2842 832 2907 potestate
864 2853 1015 2907 creavere,
1052 2839 1088 2894 L.
1115 2837 1266 2893 Valerium
1279 2823 1311 2873 Δ·
1283 2838 1373 2949 AB:
1381 2831 1440 2944 332·

210 2940 328 2999 Potitum
352 2941 494 3016 quintum,
519 2942 570 2998 M:
584 2938 736 2998 Valerium
758 2940 931 3010 Maximum,
952 2942 996 2999 M.
1012 2942 1135 2999 Furium
1157 2940 1266 2998 Camil·
1435 2935 1440 2945 '

210 3042 259 3100 lum
288 3046 412 3115 iterum,
449 3047 484 3103 L.
510 3044 632 3102 Furium
659 3044 848 3103 Medullinum
878 3046 1009 3116 tertium,
1045 3047 1081 3119 Q.
1112 3045 1265 3103 Servilium

211 3147 371 3207 Fidenatem
411 3151 533 3220 iterum,
572 3150 607 3222 Q.
639 3148 799 3225 Sulpicium
828 3148 1015 3208 Camerinum
1034 3151 1161 3208 iterum.
1211 3150 1297 3207 Hisd

211 3253 323 3312 tribunis
342 3256 383 3312 ad
405 3256 497 3313 Veios
518 3254 589 3311 nihil
610 3254 766 3313 admodum
788 3256 978 3313 memorabile
998 3262 1095 3311 actum
1118 3262 1176 3323 est3
1203 3262 1266 3310 tota

211 3359 247 3415 via
265 3361 294 3417 iu
316 3360 555 3436 populationibus
576 3358 639 3416 fnit.
682 3360 751 3417 Duo
782 3360 888 3417 summi
915 3359 1121 3435 imperatores,
1151 3359 1296 3416 Potitus?

212 3464 378 3536 aFaleriis,
408 3462 547 3522 Camillus
576 3482 595 3520 a
615 3464 735 3542 Capena
759 3466 873 3541 praedas
901 3466 1032 3539 ingentes
1059 3482 1160 3539 egere,
1187 3462 1267 3520 nulla

211 3566 338 3627 incolumi
358 3570 461 3627 relicta
481 3586 522 3636 re,
546 3568 592 3625 cui
612 3568 690 3628 ferro
712 3579 763 3627 aut
783 3568 843 3643 igni
866 3570 964 3631 noceri
985 3578 1093 3645 posset.

283 3674 428 3749 Prodigia
447 3672 561 3729 interim
583 3676 674 3731 multa
688 3674 825 3744 mundari,
849 3692 972 3748 quorum
983 3676 1134 3750 pleraque,
1156 3680 1185 3729 et
1199 3672 1269 3747 quia
1322 3662 1363 3730 15

213 3776 307 3852 cinguli
329 3789 464 3836 auctores
485 3788 576 3849 eraut,
598 3798 701 3854 parum
724 3779 833 3836 credita
848 3788 1014 3854 spretaque,
1036 3787 1065 3835 et
1077 3778 1157 3851 quia,
1178 3778 1268 3835 hosti·

213 3880 258 3938 bus
278 3885 426 3953 Etruscis,
447 3900 499 3958 per
521 3900 594 3957 quos
617 3902 651 3940 ea
672 3892 880 3957 procurarent,
901 3884 1070 3957 haruspices
1092 3902 1151 3940 non
1172 3892 1269 3952 erunt;

213 3984 239 4041 iu
260 4006 349 4047 unum
379 3989 506 4047 omniurn
539 4002 625 4045 curae
642 4006 734 4045 versae
763 3994 844 4056 sunt,
876 3988 955 4062 quod
983 3988 1103 4044 lacus'
1093 4007 1124 4045 cn
1152 3985 1300 4046 Alcanor

215 4108 321 4153 nemore
342 4096 404 4152 siue
425 4094 491 4151 ullis
513 4093 672 4151 celestibus
693 4092 777 4167 aquis
799 4110 927 4151 causave
949 4112 1009 4167 qua
1030 4094 1098 4163 alia,
1122 4110 1187 4167 qum
1207 4112 1268 4149 rem

216 4198 344 4257 miraculo
369 4198 522 4269 eximeret,
551 4198 581 4254 in
607 4197 785 4255 altitudinem
807 4198 955 4255 insolitam
978 4199 1079 4259 crevit.
1122 4191 1300 4269 Quidnamd

216 4318 245 4356 eo
276 4304 320 4383 dii.
344 4303 551 4379 portenderent
576 4302 726 4378 prodigio,
759 4302 840 4359 missi
869 4302 1046 4359 sciscitatum
1074 4309 1206 4357 oratores
1232 4299 1270 4356 ad
