3392 5084
491 555 546 612 186
744 550 820 598 Liber
837 549 886 598 111.
924 549 967 604 tA.
978 564 1002 598 u.
1013 564 1034 598 c.
1045 553 1203 606 sot-307.)
1237 607 1241 612 ¹

444 756 520 794 nune
534 737 609 794 sedes
624 735 768 811 Apollinis
784 743 828 792 est
849 734 920 808 (iam
935 745 997 792 tum
1012 733 1184 809 Apollinare
1198 735 1405 810 appellabunt),
1425 754 1479 790 avo·

415 847 548 902 Sonuere
569 851 709 900 senatum.
759 842 818 902 Ubi
840 859 929 916 quum
950 840 1060 914 ingenti
1083 858 1225 901 consenso
1245 849 1361 916 patrum
1381 859 1481 916 negare

355 969 358 976 ’
446 961 493 1006 tur
513 947 683 1023 triumphus,
705 947 740 1004 L.
763 946 862 1003 Icilius
883 946 1015 1022 tribunus
1038 945 1216 1022 plebistulit
1244 946 1283 1002 ad
1304 947 1436 1023 populum
1455 947 1481 1002 de
1514 1024 1515 1029 ἵ

445 1055 589 1130 triumpho
619 1051 783 1121 consulum,
811 1051 907 1108 multis
936 1051 1099 1110 dissuasum
1126 1052 1350 1127 prodeuntibus,
1378 1053 1482 1110 maxim

414 1160 479 1220 90.
502 1160 624 1218 Claudio
646 1157 840 1225 vociferante,
863 1157 899 1214 de
920 1157 1062 1232 patribus,
1083 1177 1142 1214 non
1155 1159 1198 1230 de
1218 1147 1351 1216 hostibus
1372 1158 1481 1215 consules

445 1267 622 1342 triumphare
643 1264 732 1333 velle,
754 1263 937 1338 gratiamque
958 1282 1011 1338 pro
1033 1263 1148 1337 privato
1171 1263 1273 1322 merito
1294 1264 1324 1320 in
1346 1265 1480 1323 tribunum.

444 1391 502 1430 non
523 1391 577 1448 pro
598 1371 704 1428 virtute
732 1371 872 1426 honorem
896 1369 965 1445 peti.
1012 1369 1170 1443 Nunquam
1200 1381 1268 1426 ante
1294 1370 1330 1427 de
1356 1369 1481 1444 triumpho

444 1499 497 1555 per
517 1477 662 1554 populum'
679 1484 789 1544 actum3
819 1481 933 1550 semper
954 1475 1173 1532 mumouonem
1203 1475 1413 1550 arbitriumque
1437 1476 1482 1532 eins

397 1596 431 1650 10
444 1584 563 1643 honoris
593 1601 681 1659 penes
710 1590 841 1638 senatum
870 1581 973 1649 fuisse3
1007 1600 1043 1637 ne
1073 1599 1157 1655 reges
1184 1581 1299 1655 quidem
1322 1581 1481 1638 maiestatem

445 1691 549 1748 summi
571 1689 678 1746 ordinis
708 1687 893 1746 imminuisse.
945 1687 992 1744 Ne
1019 1687 1061 1744 ita
1089 1687 1187 1743 omnia
1215 1686 1321 1744 tribuni
1350 1685 1483 1761 potestatis

444 1814 503 1852 suae
530 1794 698 1870 implerent,
727 1805 759 1850 ut
786 1793 895 1850 nullum
926 1793 1071 1868 publicum
1101 1792 1250 1852 eonsilium
1279 1793 1407 1850 sinerent
1429 1809 1483 1848 esse.

342 1919 346 1928 ·
445 1901 492 1958 Ite
515 1900 629 1958 demum
654 1899 774 1956 liberam
796 1898 943 1956 civitatem
964 1897 1042 1967 fore,
1070 1899 1112 1955 ita
1133 1909 1262 1973 aequatas
1285 1899 1375 1974 loges,
1404 1899 1484 1954 nsua

396 2013 428 2066 11
446 2005 565 2080 quisque
586 2007 651 2102 ipra
672 2005 754 2076 ordo,
775 2024 858 2062 suam
880 2005 1060 2062 maiestatem
1082 2015 1187 2070 teneat,
1229 2004 1265 2061 In
1293 2004 1417 2062 eandem
1435 2022 1484 2058 seu·

406 2113 408 2120 ’
445 2113 562 2168 tentiam
596 2111 686 2168 utulta
721 2118 749 2166 et
778 2129 797 2166 a
828 2111 930 2168 ceteris
956 2111 1117 2168 senioribus
1144 2120 1259 2184 patrum
1289 2129 1378 2184 quum
1409 2121 1484 2168 essert

444 2217 530 2286 diota,
552 2235 651 2274 omnes
666 2215 757 2273 tribus
779 2234 844 2272 eam
859 2215 1039 2301 rogationem
1055 2223 1236 2290 acceperunt.
1280 2217 1358 2274 Tum
1378 2218 1484 2292 primun

444 2323 505 2379 sine
527 2325 697 2380 auctoritate
718 2331 835 2378 senatus
854 2321 954 2396 populi
975 2323 1055 2378 iussu
1076 2321 1283 2396 triumphatum
1306 2333 1359 2378 est

353 2419 397 2486 iii
526 2430 598 2486 Haeo
619 2428 741 2485 victoria
756 2427 934 2484 tribunorum
950 2427 1101 2504 plebisque
1114 2444 1205 2502 prope
1219 2426 1248 2482 in
1262 2428 1342 2485 haud
1356 2430 1484 2486 salubrem

443 2534 586 2590 luxuriam
615 2534 715 2603 vertit,
745 2532 958 2608 conspiratione
986 2533 1061 2590 inter
1081 2533 1212 2590 tribunos
1233 2532 1329 2603 iacta,
1359 2543 1392 2591 ut
1416 2535 1486 2591 iidem

406 2675 417 2700 ι
443 2639 550 2696 tribuni
586 2641 770 2696 reficerentur
808 2651 851 2710 et,
885 2658 943 2712 quo
976 2657 1031 2696 sua
1063 2640 1157 2696 minus
1184 2639 1328 2714 cupiditas
1356 2642 1485 2698 emineret
1517 2694 1518 2697 ,

414 2743 607 2800 2consulibus
629 2762 745 2819 quoque
770 2745 971 2801 continuarent
992 2745 1202 2819 magistratum.
1247 2744 1426 2802 Consensum
1446 2765 1485 2819 pa·

444 2861 517 2906 trum
541 2852 745 2918 causabantur,
768 2869 826 2924 quo
850 2868 902 2924 per
924 2839 1127 2908 contumeliam
1149 2849 1300 2906 consulum
1324 2825 1389 2910 inre
1410 2851 1486 2928 plebis

414 2954 713 3014 31abefactaessent.
757 2956 834 3028 Quid
863 2957 991 3014 futurum
1022 2956 1149 3012 nondum
1177 2955 1299 3014 firmatis
1320 2957 1445 3032 legibus,
1468 2955 1486 3010 si

351 3079 370 3102 ·
443 3079 535 3118 novos
557 3061 687 3154 tribunos
705 3080 758 3136 per
780 3060 915 3118 factionis
936 3080 996 3118 suae
1019 3060 1150 3121 consules
1172 3062 1268 3118 adorti
1298 3063 1413 3122 essent?
1440 3059 1518 3121 non']

444 3167 518 3224 enim
539 3186 653 3243 semper
675 3168 810 3224 Valerios
831 3168 1030 3242 Horatiosque
1051 3166 1183 3225 consules
1204 3166 1281 3237 fore,
1305 3170 1356 3243 qui
1376 3168 1488 3227 libertati

414 3274 535 3349 iplebis
557 3292 626 3330 suas
647 3291 718 3362 opes
739 3273 925 3349 postferrent.
971 3276 1061 3332 Forte
1083 3272 1209 3347 quodam
1232 3273 1293 3329 utili
1318 3276 1357 3332 ad
1378 3287 1487 3350 tempus.

444 3389 475 3436 ut
496 3379 618 3436 comitiis
640 3389 786 3455 praesset,
807 3380 990 3456 potissimum
1013 3380 1054 3436 M.
1077 3378 1187 3436 Duillio
1209 3391 1289 3437 sorte
1310 3383 1415 3452 evenit,
1435 3380 1487 3437 viro

441 3484 576 3559 prudenti
598 3494 626 3540 et
647 3503 684 3543 ex
705 3486 922 3544 continuatione
942 3485 1129 3560 magistratus
1143 3485 1282 3542 invidiam
1303 3488 1485 3545 imminentem

392 3593 428 3646 =5
442 3590 578 3646 cernenti.
623 3591 680 3664 Qui
708 3610 796 3666 quum
825 3611 863 3648 ex
891 3591 1036 3648 veteribus
1064 3591 1186 3649 tribunis
1213 3604 1335 3667 negaret
1363 3593 1443 3650 ullius
1461 3609 1487 3644 se

443 3695 583 3754 rationem
606 3698 787 3766 habiturum,
808 3704 1030 3772 pugnarentque
1051 3696 1184 3772 collegae,
1212 3707 1243 3754 ut
1272 3699 1381 3781 liberas
1408 3699 1487 3754 tribus

434 3803 471 3858 in
493 3801 662 3879 suffragium
686 3805 812 3862 mitteret
837 3812 889 3858 aut
915 3803 1086 3860 concederet
1106 3813 1213 3862 sortem
1235 3805 1417 3862 comitiorum
1436 3801 1485 3858 col·

442 3908 527 3983 legis,
548 3911 689 3968 habituris
711 3929 727 3967 e
748 3910 812 3984 lege
839 3907 936 3982 potius
960 3908 1077 3965 comitia
1101 3928 1187 3983 quam
1210 3929 1248 3966 ex
1276 3910 1424 3968 voluntate
1441 3927 1486 3983 pa·

412 4017 428 4070 o
441 4023 527 4082 trum,
547 4016 652 4074 iniecta
667 4009 859 4082 contentione,
873 4013 1008 4081 Duillius,
1027 4015 1162 4073 consules
1177 4015 1216 4072 ad
1231 4016 1370 4074 subsellia
1390 4014 1486 4074 accitos

441 4137 528 4194 quum
557 4123 780 4198 interrogasset,
809 4121 879 4195 quid
906 4119 942 4176 de
970 4119 1094 4178 comitiis
1122 4121 1322 4180 consularibus
1343 4123 1373 4180 in
1400 4120 1486 4178 animo

439 4227 589 4295 haberent,
610 4227 892 4301 respondissentque,
914 4245 945 4284 se
965 4245 1060 4284 novos
1081 4228 1213 4285 consules
1235 4239 1400 4299 creaturos,
1426 4243 1485 4284 aoc-

440 4341 517 4388 tores
538 4331 694 4406 populares
715 4332 863 4388 sententiae
885 4332 964 4400 haud
984 4332 1134 4408 popularis
1157 4341 1259 4390 nactus
1281 4333 1310 4390 in
1334 4333 1485 4391 contionem
