3392 5084
488 543 567 593 Liber
583 544 633 594 ΙΙΙ.
676 542 962 608 (somme-45⁷.)
1165 547 1222 604 153

217 736 267 784 tum
286 727 404 802 imperio
426 728 538 786 meliori
561 731 675 787 animus
695 740 847 790 mansuete
872 732 1009 791 obediens
1032 740 1104 802 erat,
1125 731 1264 788 utbene·

215 834 263 890 ficii
280 834 370 909 magis
391 852 482 908 quam
502 834 668 909 ignominiae
695 836 743 894 hic
771 839 915 896 exereitus
936 857 1049 895 memor
1077 845 1105 893 et
1126 853 1264 894 coronem

216 957 319 995 auream
341 939 492 1009 dictatori,
520 939 625 998 libram
654 941 769 1015 pondo,
802 942 964 1001 decreverit
985 953 1014 1000 et
1035 941 1264 1018 proficiscentem

216 1061 268 1099 eum
288 1052 444 1118 patronum
465 1044 644 1106 salutaverit.
686 1049 789 1105 Romae
810 1066 828 1104 a
851 1048 888 1122 Q.
909 1049 1004 1107 Fabio
1026 1045 1163 1124 praefecto
1185 1045 1295 1104 urbist

215 1158 315 1205 senatus
335 1149 455 1208 habitus
469 1149 694 1227 triumphantem
710 1153 888 1226 Quinctium,
911 1173 968 1229 quo
990 1153 1126 1212 veniebat
1140 1149 1264 1224 agmine,
1336 1130 1342 1151 ’

215 1255 299 1310 urbem
329 1254 445 1330 ingredi
480 1255 573 1314 iussit.
632 1259 722 1316 Ducti
753 1268 821 1316 ante
855 1277 970 1317 currum
1001 1259 1128 1316 hostium
1163 1257 1265 1323 duces;

215 1358 336 1415 militarie
371 1359 458 1434 signa
492 1363 627 1437 proeleto3
670 1373 786 1420 secutus
821 1365 965 1423 exercitus
999 1363 1099 1440 praeda
1135 1369 1264 1418 onustus.

215 1463 301 1537 llpube
313 1463 462 1522 instructa
477 1466 610 1525 dicuntur
630 1468 720 1526 brisse
741 1478 809 1527 ante
822 1472 951 1530 omnium
967 1473 1079 1538 domos,
1102 1466 1264 1543 epulantes·
1279 1474 1297 1528 5
1334 1529 1353 1548 ι·

215 1586 260 1640 que
278 1587 344 1626 eum
365 1571 495 1630 carmine
513 1574 681 1650 triumphali
701 1584 731 1633 et
751 1576 939 1634 sollemnibus
960 1575 1032 1634 iocis
1047 1572 1265 1633 comissantium

215 1675 287 1731 nodo
310 1693 428 1733 currum
449 1679 541 1736 secuti
561 1687 637 1737 sunt.

282 1780 329 1837 Eo
359 1781 407 1837 die
439 1782 474 1839 L·.
505 1784 638 1844 Mamilio
668 1788 853 1858 Tusculano,
887 1785 1116 1862 approbantibus
1148 1781 1265 1850 eunetis,
1278 1785 1312 1844 θ’

216 1885 301 1943 civitas
323 1886 395 1943 data
415 1896 468 1944 est.
513 1887 674 1948 Confestim
698 1909 731 1949 se
752 1891 877 1948 dictator
899 1891 1070 1964 magistratu
1092 1889 1265 1955 abdicasset,

216 1990 370 2048 nicomitia
390 1993 433 2049 M.
454 1993 582 2064 Volscii,
614 1996 683 2054 falsi
710 1997 809 2067 testis,
838 1997 1005 2057 tenuissent.
1053 1996 1100 2053 Ea
1120 2014 1156 2052 ne
1174 1994 1265 2068 impe·

217 2096 295 2153 ditent
324 2098 448 2170 tribuni,
481 2100 630 2159 dictatoris
658 2103 771 2160 obstitit
797 2112 905 2174 metns3
938 2101 1075 2159 Volscius
1109 2101 1264 2156 damnatus

216 2203 365 2262 Lanuvium
386 2205 417 2260 in
438 2207 570 2264 exsilium
595 2208 674 2266 abiit
723 2207 875 2280 Quinctius
896 2217 979 2265 sexto
1001 2207 1114 2264 decimo
1136 2204 1183 2261 die
1205 2203 1293 2260 dic-'l

218 2319 299 2367 latura
328 2311 359 2366 in
390 2328 443 2368 sex
474 2330 587 2369 menses
619 2322 740 2389 accepta
772 2332 804 2371 se
834 2314 988 2372 abdicavit.
1034 2315 1093 2370 Per
1124 2329 1174 2368 eos
1203 2310 1264 2365 dies

219 2416 302 2472 consul
321 2416 450 2474 Nautius
473 2417 512 2474 ad
539 2419 659 2476 Eretum
689 2439 754 2478 cum
785 2420 903 2480 Sabinis
933 2418 1048 2494 egregie
1069 2424 1193 2492 pugnat3
1227 2415 1265 2471 ed

220 2530 333 2581 vastatos
362 2540 452 2596 agros
483 2540 519 2579 eu
547 2541 664 2598 quoque
691 2526 789 2583 clades
821 2526 943 2584 accessit·
964 2523 1089 2584 Sabinis.
1136 2520 1265 2579 Minucio

220 2625 313 2684 Fabius
344 2627 491 2702 [Quintus]
524 2647 675 2687 successor
710 2632 741 2688 in
776 2632 917 2706 Algidum
954 2630 1066 2686 missus.
1124 2624 1297 2698 Extremoll

221 2749 283 2788 euno
311 2733 454 2808 agitatum
476 2735 512 2790 de
532 2734 597 2810 lege
619 2737 658 2792 ab
678 2736 802 2794 tribunis
826 2746 885 2806 est3
915 2736 967 2794 sed
998 2736 1066 2811 qnia
1094 2735 1152 2791 duo
1183 2751 1266 2790 exer·

222 2836 279 2893 citus
299 2839 430 2911 aberant,
459 2859 497 2897 ne
518 2840 588 2914 quid
608 2840 733 2898 ferretur
760 2842 798 2898 ad
820 2841 978 2917 populum,
1008 2849 1106 2916 patres
1136 2847 1266 2906 tenuere3

221 2943 302 3015 plebes
328 2945 413 3017 vicit,
445 2955 478 3002 ut
504 2947 634 3020 quintum
666 2947 783 3004 eosdem
815 2948 948 3005 tribunos
977 2953 1117 3007 crearent.
1167 2940 1297 3018 Lupostl

221 3049 284 3106 visos
310 3051 341 3108 in
362 3049 510 3126 Capitolio
531 3052 627 3110 ferunt
648 3071 668 3108 a
689 3053 809 3110 canibus
830 3053 962 3128 fugatos3
992 3053 1030 3110 ob
1052 3051 1082 3108 id
1103 3048 1266 3126 prodigium

222 3154 355 3215 tumetum
378 3155 557 3233 Capitolium
577 3174 649 3217 esse.
693 3158 766 3214 Haec
788 3177 823 3215 eo
845 3178 922 3215 anno
946 3169 1038 3234 geste.

289 3261 454 3336 Sequuntur
483 3262 616 3333 eonsules
638 3262 674 3335 Q.
697 3263 858 3334 Minucius,
889 3262 923 3321 C.
942 3263 1083 3321 Horatius
1114 3257 1266 3317 Pulvillus.
1312 3247 1360 3316 30

224 3361 296 3423 Cuius
324 3367 406 3424 initio
441 3366 511 3422 anni
542 3383 631 3439 quum
661 3366 734 3424 foris
763 3367 854 3426 otium
885 3377 976 3438 esset,
1004 3367 1082 3424 domi
1089 3373 1095 3381 '
1112 3364 1267 3422 seditiones
1279 3334 1313 3452 ἓ·
1320 3338 1441 3452 ὃιξὲξξ

225 3468 293 3527 iidem
320 3472 443 3542 tribuni,
473 3472 575 3528 eadem
595 3473 644 3530 lex
666 3471 808 3542 faciebam
837 3475 1014 3548 ulteriusque
1045 3479 1162 3528 ventum
1191 3467 1297 3532 foret2

226 3575 294 3644 (eden
325 3586 495 3634 exarserant
527 3577 658 3650 animis),
692 3577 730 3649 ni,
762 3579 841 3635 velut
862 3580 961 3636 dedita
989 3597 1094 3655 opere,
1126 3585 1267 3633 nocturno

225 3677 314 3754 inpetu
345 3683 515 3755 AEquorum
548 3679 695 3740 Corbione
727 3685 865 3741 amissum
898 3683 1064 3759 praesidium
1105 3681 1266 3738 nuntiatum

227 3794 291 3845 uret.
336 3786 477 3845 Senatum
498 3785 631 3843 consules
651 3796 773 3852 vocant:
794 3788 930 3844 iubentur
951 3787 1121 3844 subitarium
1143 3783 1298 3843 seribereb

227 3892 361 3949 exereitum
384 3899 474 3966 atque
487 3893 518 3949 in
538 3892 680 3968 Algidum
702 3893 816 3951 ducere.
858 3892 941 3962 Inde,
963 3891 1059 3966 posito
1081 3886 1268 3967 legis'eerte·

228 3995 296 4067 minc,
313 4016 390 4054 nova
412 3997 449 4054 de
471 3998 584 4063 delectu
603 3999 750 4054 contentio
773 4006 852 4066 orta3
873 3996 1102 4072 vincebaturque
1117 3994 1300 4053 consuleret

228 4097 357 4174 imperium
379 4102 534 4160 tribunicio
556 4103 675 4175 auxilio,
698 4122 787 4178 quum
811 4103 886 4159 elius
910 4101 1026 4158 additur
1047 4109 1156 4171 terror,
1185 4099 1269 4158 Sabi-

229 4220 282 4262 num
300 4209 452 4266 exereitum
475 4209 636 4284 praedatum
657 4208 840 4266 descendisse
860 4208 891 4264 iu
913 4223 1001 4280 agros
1022 4189 1181 4276 Romanos,
1202 4204 1268 4260 inde

231 4308 259 4363 sd
275 4313 365 4371 urbem
386 4314 495 4372 venire.
542 4314 574 4370 is
604 4323 698 4372 metus
720 4312 861 4389 perpulit,
891 4320 923 4369 ut
949 4311 1036 4370 sen'bi
1069 4309 1188 4398 militem
1217 4306 1299 4363 tri-5
