3392 5084
539 547 674 600 ninam.
712 547 818 613 (aon
832 550 909 614 aa.)
969 552 975 560 ·
1165 558 1225 616 211

216 745 230 782 a
248 729 381 803 magistro
404 730 533 805 equitum
556 731 593 787 ad
603 731 779 790 'dictatorern
794 751 854 790 non
869 735 1003 794 venisset.
1039 737 1079 795 Se
1097 739 1136 794 ad
1150 742 1298 799 causam2

215 830 433 906 cognoscendam
456 837 630 908 consedisse,
653 855 711 912 qua
722 838 839 912 cognita
853 840 1020 898 habiturum
1038 841 1130 901 fuisse
1140 845 1267 903 Maelium

214 940 322 998 similem
344 957 441 998 causae
461 940 624 1012 fortunam3
652 943 711 999 viru
738 953 908 1018 parantem,
937 965 975 1004 ue
997 947 1105 1005 iudicio
1133 967 1166 1006 se
1187 970 1266 1010 com·

215 1045 340 1116 mitteret,
368 1047 399 1102 vi
421 1048 576 1106 coercitum
600 1067 673 1108 esse.
720 1048 785 1106 Nec
809 1047 875 1106 oum
896 1068 932 1107 oo
953 1060 1094 1127 tanquam
1114 1073 1181 1114 cum
1203 1058 1297 1125 oive3

214 1152 343 1223 agendum
364 1151 464 1224 fuisse,
487 1153 536 1228 qui
557 1157 651 1212 natus*
664 1153 806 1212 iu'libero
827 1155 937 1229 populo
951 1157 1100 1215 interiura
1119 1159 1266 1236 legesque,

213 1275 243 1311 cx
262 1276 317 1330 qua
339 1260 413 1316 urbe
436 1278 519 1335 reges
542 1266 661 1316 exactos
686 1259 772 1317 sciret
794 1259 956 1334 eodemque
976 1279 1053 1320 anno
1069 1266 1177 1322 sororis
1188 1267 1265 1325 lilios

213 1363 276 1438 regis
297 1372 326 1420 et
346 1363 454 1444 liberos
479 1364 614 1436 consulis,
635 1364 799 1424 liberatoris
823 1366 935 1440 patriae,
957 1377 1078 1442 propter
1100 1371 1263 1444 pactionem

212 1468 354 1526 indicatam
376 1467 607 1545 recipiendorum
629 1471 659 1527 in
679 1470 781 1528 urbem
802 1489 904 1545 regum
932 1492 950 1529 a
976 1481 1060 1549 patre
1086 1476 1180 1532 securi
1201 1495 1265 1535 esse

212 1591 366 1647 percussos,
394 1593 432 1632 ex
459 1593 518 1650 qua
545 1567 721 1633 Collatinum
743 1576 936 1650 Tarquinium
964 1580 1113 1637 ‘consulem
1139 1579 1295 1639 nominis4

213 1679 268 1735 odio
289 1679 425 1736 abdicare
447 1698 479 1735 se
499 1680 672 1755 magistratu
695 1689 783 1756 atque
806 1682 941 1740 exsulare
961 1684 1086 1755 iussum,
1109 1684 1139 1742 iu
1154 1704 1214 1760 qua
1228 1687 1264 1744 da

213 1783 254 1858 Sp.
274 1783 375 1842 Cassio
396 1793 465 1859 post
489 1785 600 1860 aliquot
622 1803 713 1844 annos
734 1795 856 1864 propter
877 1785 998 1846 consilia
1020 1789 1093 1846 inita
1116 1790 1152 1847 de
1172 1810 1263 1866 regno

213 1884 367 1966 supplicium
391 1899 554 1966 sumptum,
584 1893 614 1948 in
637 1910 697 1967 qua
716 1909 810 1967 nuper
830 1893 1011 1951 decemviros
1030 1895 1129 1967 bonis,
1151 1896 1264 1967 exsilio,

213 1995 292 2070 capite
311 1997 451 2053 multatos
474 1997 512 2056 ob
534 1997 699 2072 superbiam
721 1996 842 2072 regiam,
863 1998 893 2054 in
915 2018 951 2056 ea
971 1999 1023 2074 Sp.
1045 2001 1159 2057 Mallus
1182 2021 1263 2076 spem

212 2102 281 2174 regni
300 2102 473 2177 conceperit.
505 2103 545 2160 Et
558 2103 622 2177 quis
641 2101 751 2160 homo?
774 2121 942 2177 quanquam
952 2105 1062 2162 nullam
1073 2104 1294 2177 nobilitatem,5

211 2206 291 2264 nullos
311 2208 447 2279 honores,
469 2207 549 2264 nulla
570 2195 673 2266 merita
695 2209 829 2283 cuiquam
844 2209 882 2266 ad
895 2209 1122 2267 dominationem
1134 2211 1264 2285 pandere

212 2310 292 2382 viam3
312 2313 362 2369 sed
387 2321 487 2370 tamen
509 2313 657 2385 Claudios,
678 2312 799 2371 Cassios
824 2315 1035 2385 consulatibus,
1061 2317 1266 2374 decemviratu

213 2418 266 2487 bus,
284 2418 339 2476 auis
352 2419 555 2492 maiorumque
568 2420 737 2490 honoribus,
759 2419 914 2494 splendore
923 2419 1100 2477 familiarum
1112 2421 1262 2478 sustulisse

212 2523 321 2594 animos,
343 2543 401 2599 quo
424 2522 508 2580 ueies
531 2523 632 2592 fuerit3
663 2524 714 2599 Sp.
737 2524 884 2595 Malium,
912 2525 958 2582 cui
983 2525 1146 2582 trdtunatus
1168 2525 1292 2600 plebisd

212 2629 289 2702 magis
309 2629 454 2704 optandus
478 2647 565 2702 quam
588 2629 748 2704 sperandus
771 2629 867 2702 fuerit,
888 2630 1109 2688 frumentarium
1132 2629 1262 2702 divitem,
1299 2615 1303 2619 ⁵

212 2732 305 2791 bilibris
329 2733 417 2792 farris
449 2752 583 2810 sperasse
611 2734 774 2792 libertatem
806 2753 837 2792 se
864 2735 970 2793 civium
997 2753 1117 2793 suorum
1148 2736 1262 2807 emisse,

213 2838 501 2914 ciboque'obiiciendo
522 2847 618 2897 ratum
640 2839 779 2896 victorem
807 2840 994 2897 finitimorum
1017 2839 1147 2898 omnium
1167 2859 1262 2916 popu·

212 2940 259 2998 lum
272 2944 299 3001 in
312 2946 479 3002 servitutem
500 2944 596 3020 pellici
615 2963 711 3020 posse,
732 2953 773 3016 ut,
796 2963 883 3018 quem
899 2949 1064 3000 senatorem
1080 2944 1293 3020 concoquere?

212 3047 297 3106 civitas
316 3050 366 3107 vix
387 3057 504 3126 posset,
534 3068 632 3124 regem
655 3049 760 3121 ferret,
791 3049 911 3108 Romuli
938 3049 1111 3121 conditoris,
1141 3052 1179 3108 ab
1206 3051 1261 3107 diis

213 3152 266 3220 orti,
284 3155 387 3230 recepti
410 3155 448 3210 ad
470 3155 550 3238 deos,
572 3155 696 3230 insignia
715 3163 802 3230 atque
815 3154 968 3230 imperium
983 3157 1148 3212 habentem.
1190 3157 1262 3213 Non

212 3272 256 3327 pro
275 3259 375 3316 scelere
395 3259 427 3317 id
448 3261 543 3338 magis
566 3277 653 3333 quam
676 3279 731 3334 pro
753 3267 883 3316 monstro
904 3260 1085 3330 babendum,
1114 3279 1168 3316 nec
1189 3257 1292 3317 satisss

214 3377 265 3416 esse
283 3365 418 3439 sanguine
440 3365 501 3422 eius
524 3365 682 3440 expiatum,
704 3364 759 3421 nisi
781 3374 858 3421 tecta
878 3365 1072 3440 parietesque,
1097 3365 1173 3422 intra
1196 3383 1260 3439 quae

214 3475 306 3524 tentum
326 3471 459 3527 amentiae
480 3449 650 3545 conceptum
674 3479 765 3541 esset,
792 3469 1002 3545 dissiparentur
1027 3469 1164 3543 bonoque
1190 3486 1259 3525 oon-

214 3577 278 3628 tacta
304 3575 402 3650 pretiis
437 3573 521 3648 regni
556 3573 705 3630 mercandi
740 3575 965 3650 publicarentur.
1024 3576 1130 3632 lubere
1160 3575 1260 3648 itaque

216 3685 349 3746 quaestores
364 3679 492 3736 vendere
507 3697 542 3735 ea
556 3679 634 3736 bona
649 3686 736 3753 atque
751 3679 780 3736 in
793 3679 943 3755 publicum
956 3679 1096 3754 redigere.
1129 3681 1260 3738 Domum
1315 3675 1355 3744 lb

216 3775 307 3852 deinde,
326 3792 357 3840 ut
377 3779 566 3842 monumento
589 3801 659 3840 area
680 3792 757 3840 esset
769 3803 925 3860 ,oppressa
946 3784 1065 3842 nefariae
1086 3785 1163 3860 spei,
1185 3786 1260 3844 dirui

217 3889 340 3962 extemplo
362 3889 456 3945 lussit.
505 3888 542 3944 Id
565 3888 785 3962 AEquimaelium
809 3891 987 3965 appellatum
1011 3900 1062 3947 est.
1106 3893 1140 3949 L.
1162 3881 1290 3950 Minu-2

216 3985 263 4044 cios
288 3993 359 4051 bove
385 4001 491 4050 aurato
528 4001 554 4049 et
591 4001 685 4049 statua
719 4001 804 4050 extra
838 4004 955 4070 portam
984 3996 1184 4070 Trigeminam
1216 4010 1260 4058 est

217 4089 334 4169 donatus,
365 4117 402 4155 ne
423 4097 509 4172 plebe
531 4097 648 4171 quidam
669 4096 777 4167 invita,
804 4099 875 4172 quia
895 4099 1071 4158 frumentum
1091 4102 1259 4162 Maeliauum

218 4197 309 4257 assibus
333 4203 362 4259 iu
388 4203 503 4260 modios
532 4204 705 4261 aestimatum
731 4203 809 4278 plebi
827 4204 945 4289 divisit.
989 4206 1077 4264 Hune
1098 4208 1289 4267 Minucium3
1335 4219 1338 4223 '

219 4304 278 4372 apud
298 4287 434 4380 quosdam
457 4316 592 4368 auctores
613 4308 751 4367 transisse
773 4327 793 4366 a
812 4309 944 4385 patribus
966 4310 1005 4367 ad
1023 4311 1147 4385 plebem,
1169 4314 1259 4370 unde·

1013 4416 1057 4462 14*
