3392 5084
543 541 622 590 msa
637 538 675 587 11.
711 539 757 603 (A.
778 538 826 592 cn.
846 540 919 603 soe.)
1183 544 1220 599 65

224 724 305 779 audita
321 731 394 791 sunt,
415 743 469 799 per
490 722 603 797 aliquot
623 723 685 780 dies
707 742 743 781 ea
764 722 937 780 consultatio
952 722 1053 792 tenuit,
1073 742 1110 780 ne
1124 742 1183 780 non
1197 722 1264 780 red·

225 829 271 884 dita
289 828 352 885 belli
372 845 476 896 causa,
504 828 619 884 reddita
642 828 709 885 belli
738 828 861 885 materia
884 836 914 884 et
940 828 1137 886 adiumentum
1159 837 1263 885 essent.

223 932 321 990 Interim
351 932 440 1007 legati
468 931 527 1015 alia
565 932 673 1001 moliri3
724 943 824 1009 aperte
859 934 937 990 bona
971 942 1149 1009 repetentes,
1188 934 1294 990 clamti

223 1036 389 1111 recuperandi
404 1037 486 1111 regni
508 1036 629 1094 consilia
644 1048 769 1106 struers3
789 1046 819 1094 et
839 1048 979 1111 tanquam
1001 1037 1039 1093 ad
1060 1038 1099 1108 id,
1122 1038 1201 1113 quod
1216 1040 1264 1114 agi

223 1143 372 1210 videbatur,
394 1141 555 1198 ambientes
582 1142 721 1199 nobilium
749 1142 976 1200 adolescentium
1008 1142 1121 1201 animos
1149 1152 1264 1219 perten-

223 1257 280 1303 tant
318 1250 347 1303 Α
368 1247 473 1320 quibus
495 1247 610 1321 placide
625 1246 719 1303 oratio
736 1256 858 1322 accepta
878 1257 931 1317 est,
952 1246 988 1303 iis
1009 1246 1120 1305 litteras
1136 1250 1174 1305 ab
1188 1250 1294 1307 Tar-7

223 1352 309 1425 quiniis
327 1352 452 1408 reddunt
479 1360 508 1407 et
540 1353 577 1407 de
605 1351 779 1426 accipiendis
807 1352 882 1409 clam
906 1361 991 1410 nocte
1013 1353 1044 1408 in
1065 1354 1166 1409 urbem
1188 1353 1264 1428 regi·

221 1457 490 1530 buscolloquuntur.
534 1456 660 1514 Vitelliis
694 1458 879 1533 Aquiliisque
904 1455 1044 1515 fratribus
1065 1456 1159 1533 primo
1185 1476 1263 1513 com·
1338 1452 1359 1519 4

175 1550 176 1553 “
223 1562 296 1618 missa
324 1580 370 1619 res
402 1572 455 1619 est
502 1562 686 1620 Vitelliorum
715 1581 800 1620 soror
826 1562 937 1620 consuli
957 1571 1049 1637 nupta
1076 1562 1169 1619 Bruto
1192 1572 1264 1634 erat,

221 1668 320 1741 ianque
339 1686 377 1725 ex
398 1686 434 1723 eo
456 1668 641 1731 matrimonio
664 1668 862 1725 adolescentes
884 1676 968 1726 erant
986 1667 1084 1738 liberi,
1106 1668 1191 1729 Titus
1213 1668 1265 1725 Ti·

222 1772 369 1845 beriusqu03
391 1791 443 1829 eos
465 1791 582 1848 quoque
596 1774 626 1830 in
640 1773 809 1831 societatem
824 1772 936 1830 consilii
949 1772 1085 1830 avunculi
1107 1782 1265 1830 assumunt
1278 1771 1295 1827 2

222 1878 350 1935 Praeterea
371 1877 484 1953 aliquot
504 1878 616 1935 nobiles
636 1878 834 1935 adolescentes
848 1878 956 1935 conscii
971 1878 1120 1953 assumpti,
1142 1898 1266 1953 quorum

223 1992 348 2040 vetustate
368 1982 512 2039 memoria
525 1982 605 2041 abiit.
649 1984 768 2040 Interim
781 2003 870 2057 quum
891 1983 921 2039 in
942 1993 1043 2041 senatu
1064 1984 1180 2042 vicisset
1203 1983 1296 2041 sen-3

222 2087 310 2156 tent-ia,
342 2107 408 2163 quae
428 2090 565 2145 censebat
590 2088 739 2146 reddenda
764 2090 859 2157 bona,
888 2107 1011 2162 eamque
1031 2089 1126 2164 ipsam
1148 2108 1266 2147 causam

222 2210 297 2249 nora
315 2194 343 2250 in
365 2194 438 2250 urbe
457 2193 600 2251 haberent
620 2192 718 2268 legati,
742 2193 819 2268 quod
842 2193 968 2269 spatium
988 2194 1026 2251 ad
1041 2193 1174 2250 vehicula
1188 2212 1267 2250 com·

222 2298 377 2370 parandae
399 2297 566 2355 consulibus
592 2298 796 2373 sumpsissent,
829 2298 935 2372 quibus
961 2316 1062 2373 regum
1084 2303 1268 2372 asportarent

224 2420 272 2473 res,
298 2422 380 2469 omne
407 2403 438 2459 id
461 2413 575 2477 tempus
607 2420 672 2459 cum
702 2404 859 2460 coniuratis
886 2402 1076 2460 consultando
1103 2403 1268 2471 absumunt,

224 2506 398 2582 evincuntque
417 2507 570 2579 instando,
601 2515 633 2564 ut
655 2506 756 2563 litterae
777 2507 833 2564 sibi
855 2508 892 2564 ad
916 2507 1094 2581 Tarquinios
1116 2507 1266 2562 darentur:

224 2629 278 2667 nam
292 2612 373 2669 aliter
394 2595 455 2687 qui
467 2612 628 2669 credituros
638 2631 699 2682 eos,
720 2631 779 2668 non
800 2632 880 2669 vana
900 2614 938 2669 ab
960 2612 1064 2686 legatis
1079 2630 1167 2686 super
1181 2612 1296 2671 rebusl

224 2717 298 2773 uotis
318 2716 434 2775 afferri?
456 2719 544 2775 Datoe
564 2717 674 2789 litteroe,
697 2729 729 2774 ut
748 2718 854 2793 pignus
875 2717 942 2774 fidei
957 2726 1061 2787 essent,
1083 2714 1267 2773 manifestum

224 2819 470 2883 iacinusfecerunt.
502 2824 582 2880 Nam
597 2840 687 2896 quum
706 2822 808 2897 pridie,
823 2842 911 2896 quam
926 2822 1015 2898 legati
1038 2822 1075 2879 ad
1090 2820 1299 2895 Tarquinios5

225 2928 472 2998 proficiscerentur,
494 2938 627 2985 cenatum
651 2926 728 2984 forte
749 2926 827 3001 apud
852 2928 985 2986 Vitellios
1007 2937 1091 2998 esset,
1113 2925 1269 2983 coniurati·

226 3048 272 3103 que
291 3033 339 3102 ibi,
359 3032 479 3090 remotis
500 3032 627 3101 arbitrie,
649 3032 741 3088 multa
761 3032 837 3089 inter
860 3050 891 3089 se
912 3032 949 3089 de
970 3050 1063 3103 novo,
1085 3040 1117 3087 ut
1137 3032 1178 3098 fit,
1201 3044 1270 3087 con·

226 3135 278 3193 silio
298 3138 436 3213 egissent,
467 3155 628 3193 sermonem
652 3155 751 3193 eorum
777 3156 815 3193 ex
837 3135 929 3193 servis
954 3154 1027 3193 unus
1058 3135 1189 3209 excepit,
1221 3132 1271 3207 qui

226 3239 273 3297 ian
293 3253 377 3299 autea
398 3243 428 3299 id
450 3250 580 3299 senserat
601 3242 659 3317 agi,
682 3242 815 3298 sedeam
840 3242 1033 3313 occasionem,
1054 3251 1086 3297 ut
1106 3240 1208 3295 littere
1229 3238 1301 3299 le·6

227 3346 289 3418 gatis
309 3349 459 3417 darentur,
492 3366 557 3421 quas
585 3347 771 3421 deprehensas
790 3365 853 3403 rem
874 3364 1032 3421 coarguere
1054 3353 1189 3420 possent,
1220 3362 1270 3401 ex·

227 3454 373 3522 spectabat.
416 3454 579 3527 Postquam
601 3453 687 3509 datas
714 3452 817 3520 sensit,
847 3470 908 3508 rem
938 3452 977 3507 ad
1006 3450 1138 3508 consules
1161 3450 1271 3509 detulit.

229 3550 353 3619 Consules
385 3558 424 3613 ad
458 3556 716 3631 deprehendendos
746 3558 860 3632 legatos
891 3556 1117 3630 coniuratosque
1149 3554 1301 3631 profecti?
1396 3540 1400 3555 ¹

229 3657 302 3716 domo
321 3661 382 3717 sine
403 3660 528 3717 tumultu
548 3680 610 3717 rem
632 3680 746 3719 omnem
771 3678 958 3737 oppressere3
980 3660 1139 3717 litterarum
1162 3662 1192 3717 in
1213 3661 1272 3736 pri·

229 3763 274 3819 nis
292 3766 389 3823 habita
410 3784 498 3834 cura,
531 3784 568 3822 ne
589 3767 799 3825 interciderent.
853 3766 1055 3823 Proditoribus
1078 3765 1223 3840 extemplo
1244 3766 1275 3821 in

231 3868 331 3927 vincula
344 3872 490 3941 coniectis,
505 3873 542 3928 de
555 3872 659 3947 legatis
674 3871 823 3947 paululum
838 3870 1040 3927 addubitatum
1059 3879 1117 3939 est;
1139 3878 1169 3926 et
1183 3888 1275 3944 quan·
1302 3858 1304 3867 ’

233 3988 305 4043 quam
335 3976 390 4033 visi
424 3986 492 4034 sunt
521 3978 713 4047 commisisse,
746 3986 779 4032 ut
800 3976 926 4032 hostium
947 3975 1013 4032 loco
1035 3982 1144 4043 essent,
1164 3974 1210 4031 ius
1231 3982 1276 4031 ta·

234 4094 286 4133 men
306 4082 430 4155 gentium
451 4080 552 4137 valuit.
595 4082 643 4138 De
663 4082 748 4138 bonis
769 4081 866 4155 regiis,
889 4098 952 4153 quae
972 4078 1055 4136 reddi
1077 4089 1143 4136 ante
1158 4097 1275 4135 censue·
1350 4073 1372 4140 5

233 4193 295 4253 rant,
313 4204 357 4242 res
378 4187 493 4261 integra
513 4185 638 4243 refertur
659 4187 697 4243 ad
718 4195 827 4261 pat-res.
863 4184 890 4241 Ii
904 4184 973 4241 victi
987 4183 1032 4239 ira
1052 4194 1170 4241 vetuere
1185 4181 1276 4249 reddi,

235 4298 335 4349 vetuere
360 4293 390 4349 in
416 4292 565 4366 publicum
597 4291 699 4366 redigi.
744 4290 917 4365 Diripienda
943 4288 1019 4365 plebi
1053 4298 1120 4345 sunt
1140 4289 1223 4359 data,
1246 4290 1307 4345 ut2

257 4404 312 4445 livius
326 4422 346 4448 ιι
360 4424 399 4449 ree.
415 4410 515 4456 iladvigii.
1064 4420 1078 4461 5
