3392 5084
460 513 516 568 174
701 509 779 558 Liber
796 463 844 558 lxi
882 509 929 572 (Α.
942 526 966 559 ιι.
980 523 1002 560 e.
1016 509 1176 574 sss-era.)
1478 525 1484 532 ·

1521 670 1522 709 l

246 713 484 793 A.u.e.442.'⁶¹⁸⁰
505 711 540 752 ao
563 693 667 751 misere
688 693 857 750 colonorum
878 703 1017 769 quattuor
1032 693 1124 752 millia
1143 695 1325 772 insequentes
1338 697 1454 754 musuleo
1521 714 1522 727 ¹

248 811 404 866 achela.
417 802 458 862 M.
483 799 625 869 Valerius,
647 800 682 856 P.
706 799 823 857 Decius.

321 903 367 974 29
497 905 658 980 Pmliigato
679 903 740 963 farn
762 905 937 964 Samnitium
957 905 1049 978 bello,
1078 908 1248 983 priusquam
1273 925 1308 965 ea
1330 926 1395 966 eura
1413 908 1454 964 de-

384 1012 528 1072 loederet
549 1013 679 1087 patribus
705 1011 854 1082 Romanis,
881 1011 999 1070 Etrusci
1017 1013 1086 1077 belli
1107 1011 1187 1071 fama
1209 1024 1313 1073 exorta
1333 1023 1386 1085 estr
1411 1033 1456 1072 nee

414 1128 478 1176 erat
497 1137 533 1176 ea
554 1126 724 1193 tempestate
745 1135 815 1193 geue
830 1118 898 1189 alia
919 1119 1000 1177 ouius
1014 1120 1170 1178 seeundum
1188 1120 1322 1179 Gallicos
1334 1121 1458 1178 tumultus

414 1243 497 1283 arma
517 1224 692 1282 terribiliora
712 1223 807 1282 esseut
823 1241 911 1298 quum
928 1226 1143 1301 propinquitate
1166 1227 1240 1302 agri,
1261 1237 1324 1285 tum
1343 1226 1457 1283 multitu
1522 1242 1523 1309 ᾗ

384 1330 480 1388 3diue
511 1331 667 1392 homiuum.
719 1331 825 1405 Itaque
852 1329 945 1387 altero
973 1333 1090 1389 oonsule
1118 1332 1148 1388 in
1182 1332 1304 1392 Samnio
1333 1330 1456 1406 reliquias
1522 1392 1523 1403 χ

415 1437 483 1496 belli
500 1437 699 1512 persequenti,
729 1437 763 1495 P.
787 1436 911 1506 Decius,
940 1437 990 1510 qui
1014 1439 1144 1512 graviter
1164 1457 1244 1515 eger
1262 1440 1364 1498 Roma
1383 1436 1457 1494 resti·
1522 1412 1523 1421 ἵ

414 1553 506 1614 terat,
535 1552 652 1601 auctore
680 1552 781 1600 senatu
812 1541 982 1601 dictatorem
1004 1542 1038 1602 0.
1060 1545 1175 1622 Iunium
1197 1544 1360 1602 Bubulcum
1387 1542 1457 1599 dixit.

384 1649 455 1719 lla,
476 1659 563 1725 prout
585 1649 627 1706 rei
640 1645 808 1724 magnitude
825 1651 1002 1725 postulabat,
1025 1669 1126 1707 omues
1140 1651 1267 1709 iuniores
1288 1657 1456 1707 sacramento

414 1755 514 1830 adigit,
537 1773 628 1824 arma,
650 1773 771 1830 quaque
793 1757 852 1812 alia
871 1775 919 1813 res
941 1757 1044 1832 poscit,
1070 1773 1185 1812 summa
1207 1754 1351 1813 industria
1369 1763 1460 1831 parsu

413 1879 466 1918 nso
486 1861 573 1918 tantis
593 1861 781 1938 apparatibus
803 1861 896 1919 elatus
919 1861 956 1917 de
983 1860 1134 1918 inferendo
1153 1860 1231 1917 bello
1252 1862 1360 1938 agitet,
1390 1859 1459 1934 quie

384 1968 494 2024 iturus
516 1967 713 2037 hauddubie,
742 1969 797 2026 nisi
825 1968 901 2026 ultro
930 1987 1012 2026 arma
1032 1966 1149 2024 Etrusci
1168 1965 1317 2024 inferrent.
1359 1967 1459 2026 Eadem

413 2073 443 2130 iu
464 2073 661 2148 comparando
683 2073 904 2148 eohibendoque
925 2073 1002 2131 bello
1028 2072 1150 2132 consilis
1175 2080 1205 2130 et
1231 2074 1312 2150 apud
1332 2073 1458 2131 Euneos
1522 2124 1523 2131 ,

414 2177 507 2248 fuere;
529 2179 623 2235 neutri
646 2179 750 2236 fluibus
772 2179 889 2254 egressi.

497 2285 537 2342 Et
558 2303 680 2342 censura
700 2285 780 2341 olera
801 2303 835 2341 eo
858 2302 935 2342 auno
950 2287 1030 2360 App.
1046 2283 1161 2343 claudii
1182 2293 1211 2342 et
1233 2283 1267 2342 (l.
1283 2284 1393 2342 Plautii
1406 2283 1460 2349 fuit

385 2391 560 2450 limemoriae
581 2399 678 2448 tamen
699 2390 834 2448 felicioris
849 2391 888 2448 ad
901 2399 1035 2466 posteros
1054 2410 1159 2449 nomeu
1170 2390 1272 2466 Appii,
1294 2391 1374 2466 quod
1392 2369 1460 2446 uiam

386 2496 537 2556 lmuuivit
558 2505 587 2553 et
608 2515 715 2572 aquam
737 2497 766 2554 in
787 2495 888 2552 urbem
909 2497 1001 2568 duxit,
1027 2515 1120 2573 eaque
1141 2515 1215 2556 unus
1235 2495 1374 2573 perierit,
1402 2495 1462 2571 quia

416 2603 454 2660 ob
479 2600 617 2660 infamem
643 2610 731 2677 atque
757 2601 930 2661 invidiosam
963 2612 1080 2660 senatus
1117 2603 1268 2661 lectionem
1298 2601 1462 2660 verecundia

385 2707 507 2768 8viotus
539 2708 651 2783 collega
681 2707 853 2782 magistratu
881 2725 913 2764 se
944 2709 1144 2779 abdicaverat3
1179 2709 1296 2786 Appius
1321 2711 1381 2767 iam
1405 2707 1463 2765 iude

416 2816 573 2890 antiquitus
594 2814 708 2870 insitam
730 2813 918 2889 pertinaciam
939 2811 1056 2871 familiae
1075 2816 1202 2890 gerendo
1223 2816 1304 2873 solus
1322 2831 1464 2873 censuram

385 2921 548 2980 llobtinuit.
591 2919 703 2978 Eodem
725 2917 826 3004 Appio
847 2928 967 2978 auemre
987 2921 1097 2993 Potitii,
1120 2939 1201 2998 gens,
1229 2922 1311 2980 euius
1332 2921 1370 2978 ad
1391 2937 1464 2977 eram

416 3027 572 3084 maximam
595 3024 729 3082 Herculis
755 3023 900 3082 familiare
920 3025 1113 3084 sacerdotium
1141 3027 1251 3099 fluerat,
1273 3045 1372 3086 servos
1395 3026 1464 3102 pub-

415 3133 487 3190 licos
509 3131 659 3189 ministerii
680 3130 832 3206 delegandi
859 3150 949 3189 eausa
967 3133 1117 3191 sollemnia
1135 3132 1196 3190 eius
1215 3133 1293 3191 seori
1307 3134 1463 3191 docuerant.

367 3242 403 3297 lll
416 3239 556 3297 Traditur
582 3237 649 3296 inde
675 3238 753 3294 diotu
782 3238 914 3294 mirabile
942 3247 971 3296 et
997 3238 1074 3313 quod
1103 3240 1290 3297 demovendis
1317 3248 1394 3297 statu
1417 3255 1463 3294 suo

416 3345 506 3402 saeris
533 3342 700 3417 religionem
725 3341 821 3401 faeere
851 3345 957 3419 possit,
990 3363 1078 3421 quum
1106 3345 1257 3403 duodecim
1290 3344 1405 3404 faula
1433 3361 1464 3400 ea

417 3459 588 3525 tempestate
600 3449 775 3507 Potitiorum
797 3459 901 3522 essent,
922 3452 1045 3526 puberes
1067 3451 1106 3507 ad
1128 3451 1256 3529 triginta,
1277 3469 1375 3510 omues
1396 3451 1464 3507 intra
1523 3442 1524 3485 ἓ

369 3559 401 3613 11
418 3573 524 3612 anuum
547 3571 612 3612 oum
640 3555 729 3630 stirpe
753 3556 926 3626 exstiumos3
956 3577 1010 3615 neo
1035 3575 1142 3615 nomeu
1167 3567 1280 3615 tantum
1300 3558 1462 3617 Potitiomm

418 3659 563 3730 interisse,
590 3661 641 3717 sed
663 3679 811 3718 censorem
833 3663 920 3719 etiam
942 3665 1073 3740 Appium
1095 3663 1216 3721 memori
1236 3663 1323 3721 deum
1342 3665 1386 3722 ira
1405 3667 1463 3738 post

420 3765 531 3840 aliquot
551 3783 643 3824 annos
664 3767 818 3826 luminibus
840 3776 964 3844 neptum.

325 3867 373 3936 3⁰
501 3873 606 3947 Itaque
627 3873 776 3943 eonsules,
804 3875 853 3949 qui
874 3893 940 3932 eum
968 3893 1074 3932 aunum
1096 3875 1186 3932 secuti
1206 3882 1289 3955 suut,
1319 3873 1353 3933 0.
1374 3871 1462 3932 Iunius

246 3955 407 4076 {zfiffl
419 3978 567 4036 Bubulcus
588 3977 703 4036 tertium
725 3989 753 4036 et
775 3979 810 4052 Q.
833 3980 971 4038 AEmilius
994 3981 1124 4039 Barbula
1153 3981 1272 4053 iterum,
1299 3980 1379 4038 initio
1404 3975 1463 4036 anni

420 4083 514 4159 questi
543 4084 620 4159 apud
646 4084 800 4160 populum,
839 4085 1032 4144 deformatum
1064 4087 1194 4144 ordinem
1227 4107 1321 4163 prava
1352 4085 1461 4146 lectione

388 4195 545 4266 leonatus,
568 4207 625 4264 qua
646 4190 774 4265 potiores
796 4191 906 4265 aliquot
926 4192 1006 4249 lectis
1020 4193 1157 4268 praeteriti
1172 4203 1277 4265 esseut,
1297 4194 1462 4269 negaverunt

420 4311 484 4351 eam
506 4295 656 4352 laetiouem
679 4313 719 4367 se,
743 4313 807 4369 qua
828 4296 890 4353 sine
909 4298 981 4354 resti
1001 4298 1143 4374 pravique
1163 4299 1327 4357 discrimine
1347 4300 1387 4356 ad
1404 4314 1461 4372 grs-
