3392 5084
478 554 538 611 300
785 550 909 603 Liberv,
935 553 984 611 (Α.
995 568 1021 601 ιι.
1037 567 1059 601 c.
1073 552 1146 615 att.)

434 736 607 793 consultare.
640 736 704 795 Nee
719 752 802 793 secus
825 754 913 811 quam
934 735 1034 793 divino
1054 736 1156 812 spiritu
1178 740 1285 809 tactus,
1307 758 1396 814 quum
1416 740 1480 797 sein
1517 707 1519 748 ι

432 842 558 898 mediam
581 841 744 898 contionem
766 841 918 911 intulisset,
940 842 1087 899 obstinere
1105 853 1205 899 suetus
1226 853 1295 902 onte
1309 846 1413 902 talibus
1428 864 1480 903 oon·
1517 841 1519 870 ¹

337 930 382 999 44
432 946 515 1017 ciliis,
539 946 723 1016 „Ardeatos“
745 946 847 1021 inquit,
871 953 1003 1015 „veteres
1024 946 1121 1016 amici,
1142 932 1321 1006 novi'etism
1344 950 1420 1007 cives
1431 950 1481 1018 mei,

432 1051 551 1128 quqndo
573 1060 602 1108 et
623 1061 750 1108 vostrum
773 1038 944 1110 beneficium
964 1053 1008 1109 its
1028 1053 1093 1110 tulit
1113 1064 1143 1111 et
1163 1054 1281 1112 manns
1304 1056 1402 1131 coegit
1419 1075 1481 1128 mes3

431 1170 518 1215 nemo
549 1166 677 1215 vestrum
712 1156 891 1215 condicionis
919 1173 989 1214 meoe
1019 1157 1140 1215 oblitum
1168 1179 1216 1217 nie
1241 1162 1300 1218 huc
1327 1160 1482 1236 processisse

430 1272 530 1340 putot3
562 1263 613 1320 sed
642 1282 689 1320 res
712 1282 746 1321 so
776 1263 934 1339 periculum
964 1281 1117 1321 commuue
1146 1266 1241 1340 cogit,
1271 1266 1353 1341 qnod
1381 1268 1483 1341 quisque

337 1348 340 1396 Ῑ
401 1366 533 1445 2possit‚
554 1369 585 1425 in
607 1388 639 1425 re
660 1370 774 1445 trepida
794 1366 921 1445 preesidii
943 1367 973 1424 in
995 1369 1120 1426 medium
1141 1371 1283 1431 conferre.
1329 1370 1372 1429 Et
1385 1373 1481 1447 qnando

431 1474 593 1551 ogo‚vobis
619 1492 673 1549 pro
697 1475 785 1532 tantis
807 1473 913 1531 vestris
940 1474 971 1530 in
997 1492 1045 1531 mo
1071 1476 1181 1532 meritis
1209 1476 1340 1551 gratiam
1368 1478 1483 1544 reform
1517 1494 1519 1500 ’

430 1580 456 1637 si
476 1599 552 1639 nuno
574 1578 751 1637 cessavero?
781 1587 832 1636 eut
854 1579 904 1636 ubi
924 1597 995 1636 osus
1022 1580 1077 1635 erit
1104 1579 1161 1636 mei
1185 1580 1286 1650 vobis,
1317 1582 1344 1639 si
1370 1584 1401 1640 in
1423 1584 1484 1641 belo

430 1704 488 1743 non
518 1684 625 1743 fuerit?
671 1686 739 1743 Hac
768 1694 830 1742 erte
858 1685 889 1742 in
918 1685 1015 1761 patris
1041 1684 1125 1753 steti,
1156 1694 1185 1740 et
1211 1685 1341 1744 invictus
1369 1690 1483 1747 bellois

400 1794 502 1865 Spsce
524 1791 562 1846 ab
582 1790 705 1865 ingratis
726 1790 837 1849 civibus
860 1791 962 1866 pulsus
982 1808 1057 1849 som,
1099 1790 1194 1848 Vobis
1214 1768 1325 1863 sutem}
1349 1796 1484 1863 Ardeates,
1517 1821 1519 1824 ·

428 1895 547 1953 fortune
578 1896 678 1954 oblate
709 1905 753 1953 est
782 1906 811 1953 et
844 1916 900 1973 pro
932 1896 1022 1953 tentis
1055 1895 1156 1971 populi
1186 1898 1316 1955 Romani
1346 1900 1485 1969 beneficiis,
1517 1903 1519 1931 ³

429 2010 540 2076 quantu
555 2002 612 2078 ipsi
628 2001 797 2061 meministis
820 2002 887 2076 (nec
896 2002 972 2059 enim
984 2002 1238 2077 exprobrandeee
1253 2004 1337 2079 opud
1359 2022 1485 2062 memores
1517 2019 1519 2025 '

429 2107 518 2181 sunt),
539 2108 640 2183 gratiae
660 2106 820 2164 referende
841 2115 871 2162 et
890 2106 958 2163 huic
979 2107 1044 2163 urbi
1065 2106 1153 2163 <leons
1166 2106 1270 2181 ingens
1283 2109 1357 2166 belli
1368 2129 1407 2167 ex
1418 2111 1485 2167 hosts
1517 2114 1519 2148 ῑ

398 2213 575 2275 4communi
596 2211 737 2289 pariendi,
760 2212 810 2285 qui
831 2210 925 2269 offuso
947 2212 1063 2287 agmine
1084 2211 1231 2268 adventet.
1274 2213 1363 2272 Gens
1382 2225 1433 2286 est,
1450 2215 1486 2271 cni

428 2327 533 2375 natura
557 2336 682 2393 corpore
704 2317 876 2392 animosque
898 2333 1005 2392 magus
1029 2317 1124 2393 magis
1151 2334 1240 2391 qnam
1261 2319 1355 2377 firmo
1378 2320 1485 2386 dederit3

398 2430 463 2484 boo
485 2422 514 2480 in
537 2434 683 2481 certamen
705 2440 791 2479 omne
811 2422 877 2499 plus
899 2422 1019 2479 terroris
1042 2399 1129 2496 quum
1152 2423 1257 2479 virium
1286 2422 1399 2483 ferunt
1439 2429 1485 2482 Ar·
1517 2445 1519 2464 ²

427 2537 565 2603 gumento
587 2530 625 2585 sit
645 2527 744 2584 clades
764 2506 915 2585 Romana}
936 2535 1084 2602 petentem
1107 2546 1209 2604 cepere
1231 2528 1356 2599 urbem;
1377 2546 1486 2587 cx-uree

427 2632 632 2708 Capitolioque
653 2632 688 2690 iis
710 2631 816 2707 exigua
838 2631 982 2690 resistitur
1003 2652 1104 2703 munu3
1136 2634 1196 2690 ium
1226 2634 1395 2694 obsidionis
1416 2636 1486 2693 tedio
1517 2647 1519 2680 ῑ

396 2738 496 2799 bricti
527 2738 687 2795 abscedunt
719 2738 846 2812 vagique
874 2756 928 2813 por
953 2756 1042 2813 egros
1068 2740 1213 2814 peluntur.
1266 2738 1348 2800 Cibo
1375 2744 1487 2817 vinoque
1517 2781 1519 2786 .

425 2840 532 2918 raptim
554 2844 660 2900 hausto
683 2843 800 2918 repleti,
822 2842 873 2900 ubi
895 2861 956 2899 nox
977 2844 1104 2918 appetit,
1133 2861 1229 2920 prope
1248 2845 1335 2903 rivos
1358 2866 1485 2922 aquarum
1517 2885 1519 2892 ·

426 2950 488 3007 sine
517 2949 708 3018 munimento,
739 2949 802 3005 sine
821 2948 995 3005 stationibus
1017 2966 1052 3005 ec
1073 2947 1212 3005 custodiis
1233 2951 1349 3024 passim
1373 2951 1486 3009 ferorum

424 3055 481 3112 ritu
504 3062 684 3123 sternuntur,
713 3069 790 3109 nunc
811 3071 831 3107 a
851 3050 986 3109 secundis
1007 3054 1095 3110 rebus
1116 3054 1211 3129 magis
1231 3056 1321 3113 etiam
1346 3058 1435 3114 solito
1453 3057 1487 3112 in·

395 3160 515 3219 icauti:
555 3160 587 3219 Si
614 3159 698 3217 vobis
727 3158 757 3215 in
784 3157 884 3215 auimo
914 3166 959 3215 est
985 3158 1060 3214 tucri
1084 3158 1192 3215 moenia
1221 3169 1323 3217 vestro
1355 3182 1412 3221 nec
1437 3160 1487 3238 poti

423 3266 486 3323 hoc
507 3266 606 3323 omnia
630 3264 759 3322 Gelliam
784 3264 857 3332 fieri,
877 3264 974 3338 prims
993 3262 1095 3338 vigilio
1107 3264 1204 3337 capito
1215 3283 1302 3340 erma
1311 3265 1487 3343 frequentem

424 3388 470 3425 me
493 3369 645 3445 sequimini
667 3370 705 3426 od
727 3368 844 3439 eusdem,
865 3387 925 3425 non
947 3369 985 3425 ad
1007 3347 1145 3443 pugnum.
1180 3369 1248 3427 Nisi
1261 3372 1386 3431 vinctos
1397 3390 1487 3431 somno

423 3471 503 3530 velut
523 3473 648 3549 pecudes
666 3474 855 3531 trucidandos
875 3474 1034 3543 tradidero,
1054 3492 1113 3530 nou
1133 3492 1239 3531 recuso
1250 3478 1381 3536 eundem
1393 3478 1488 3538 Artes
1517 3515 1519 3542 ³

422 3594 518 3634 rerum
541 3596 673 3635 mserum
695 3579 815 3648 exitum,
837 3597 923 3653 quem
945 3580 1048 3654 Βοωω
1069 3580 1189 3636 hsbui.“

328 3680 372 3751 45
505 3683 614 3757 AEquis
642 3684 807 3767 iniquisque
835 3684 1007 3759 persuasum
1035 3692 1115 3752 erat,
1146 3693 1261 3743 tontum
1293 3690 1377 3748 bello
1405 3690 1488 3748 virm

421 3784 564 3843 neminem
587 3806 710 3863 usquam
734 3805 770 3845 eo
791 3798 964 3865 tempestate
984 3807 1058 3847 osse.
1101 3788 1247 3849 Contione
1267 3793 1415 3864 dimisso,
1434 3814 1488 3852 cor·

421 3908 495 3966 pora
517 3902 635 3987 curum,
664 3894 779 3966 intenti,
807 3913 895 3969 quam
918 3914 989 3952 mox
1011 3895 1124 3969 signum
1147 3883 1276 3955 duretur.
1325 3900 1398 3973 Quo
1420 3901 1489 3965 dato.

374 3994 408 4059 '2
421 3995 522 4069 primae
543 3997 657 4055 silentio
675 4000 770 4057 noctis
791 4000 830 4057 sd
851 4008 954 4075 portes
972 4000 1097 4059 Camillo
1120 4011 1227 4076 praesto
1247 4002 1343 4061 fuero.
1377 4004 1489 4082 Egressi

337 4134 340 4141 ·
422 4102 501 4159 houd
524 4102 627 4177 procul
648 4106 735 4175 urbe,
756 4105 831 4162 sicut
853 4106 1023 4181 praedictum
1045 4116 1123 4174 erut,
1149 4116 1249 4164 castro
1269 4108 1433 4172 Gnllomm
1452 4112 1488 4168 in·

422 4214 488 4263 toto
515 4206 706 4282 neglectoque
732 4208 771 4267 sb
799 4211 879 4269 omui
909 4222 995 4289 purte
1024 4212 1103 4271 necti
1132 4231 1198 4270 oum
1224 4213 1338 4289 ingenti
1367 4217 1488 4275 clsmors

393 4310 575 4377 sinvsdunt.
623 4312 779 4389 Nusquam
800 4316 944 4391 praelium,
966 4319 1100 4376 omnibus
1121 4319 1193 4376 locis
1216 4319 1312 4377 caedes
1333 4330 1397 4391 est;
1418 4320 1488 4379 nods
