3392 5084
483 506 522 560 tt
691 474 694 482 ¹
726 499 885 551 Linum
922 499 1208 563 (t.r.c.tos-tos.)

410 687 539 745 illinus
559 685 672 760 insigne
691 695 839 746 cmtcmen
859 687 1018 743 humanum
1044 683 1162 742 numine
1187 683 1353 760 interposito
1374 681 1477 738 deorum

440 790 565 862 fectnm3
586 810 711 866 namque
731 792 892 850 conserenti
913 791 971 848 ictu
987 810 1103 848 manum
1114 792 1249 848 Romano
1263 806 1364 846 corvus
1377 796 1478 862 repente

411 899 472 956 lin
496 898 582 974 galea
601 897 740 967 consedit,
760 896 790 952 in
810 898 923 954 hostem
938 914 1048 954 versus.
1090 896 1176 970 Quod
1192 897 1285 972 primo
1300 901 1330 951 ut
1344 893 1479 968 augurium

441 1004 513 1062 orele
555 1004 675 1062 missum
707 1002 791 1060 loetus
825 1003 938 1078 accepit
968 1003 1116 1073 tribunus,
1151 1013 1289 1077 precatus
1318 999 1432 1069 deinde,
1461 997 1480 1054 si

443 1110 544 1182 divus,
573 1111 598 1168 si
619 1109 688 1166 diva
708 1117 800 1180 esset,
831 1109 882 1183 qui
898 1108 1128 1185 sibi'praepetem
1151 1107 1290 1178 misisset,
1315 1105 1481 1178 voleuspro·

413 1217 530 1293 ipitius
552 1218 673 1275 adesset.
705 1215 794 1273 Dictu
814 1214 962 1285 mirabile,
995 1215 1086 1272 tenuit
1106 1233 1164 1272 non
1186 1213 1280 1271 solum
1302 1211 1362 1269 ales
1384 1220 1481 1284 captum

443 1325 533 1383 semel
552 1324 660 1393 sedern,
689 1322 750 1391 sed,
778 1321 1004 1395 quotiescunque
1029 1331 1174 1378 certamen
1196 1320 1299 1378 initum
1320 1328 1373 1388 est,
1400 1316 1482 1373 levans

443 1449 476 1488 se
497 1430 550 1488 elis
571 1449 605 1486 os
627 1428 784 1502 oculosque
805 1427 896 1484 hostis
923 1438 1019 1484 rostro
1041 1436 1070 1483 et
1089 1427 1233 1502 unguibus
1255 1424 1382 1501 appetit,
1409 1423 1483 1478 (louet
1516 1455 1517 1486 t

443 1537 573 1594 territum
594 1534 719 1611 prodigii
740 1534 805 1590 talis
826 1533 891 1590 visu
913 1532 1060 1606 oculisque
1080 1533 1220 1590 simulac
1241 1540 1338 1588 mente
1356 1529 1483 1586 turbatum
1516 1585 1517 1592 χ

443 1640 581 1700 Valerius
600 1642 768 1709 obtruncat3
788 1657 894 1696 corvus
909 1657 946 1696 ex
967 1647 1122 1713 conspectu
1143 1637 1237 1695 elet-us
1260 1637 1400 1692 orientem
1419 1632 1484 1708 petit

414 1749 594 1807 6Hactenus
618 1745 721 1820 quiete
747 1745 881 1818 utrinque
911 1745 1049 1801 stationes
1072 1743 1168 1813 fuere;
1198 1752 1357 1818 postquam
1378 1739 1485 1816 spoliare
1516 1775 1517 1806 3

375 1895 379 1910 t
444 1871 550 1928 corpus
564 1853 631 1910 cassi
643 1851 734 1910 hostis
748 1851 880 1908 tribunus
895 1851 989 1926 coepit,
1000 1869 1053 1908 nec
1065 1850 1145 1909 Gelli
1159 1868 1191 1906 se
1205 1849 1333 1906 statione
1343 1852 1486 1912 tenuemnt

445 1968 474 2017 et
487 1961 686 2016 Romanorum
701 1974 802 2014 cursus
817 1957 855 2012 ed
876 1957 1015 2014 victorem
1040 1957 1127 2014 etiam
1150 1954 1231 2012 ocior
1251 1953 1317 2012 fuit.
1360 1955 1407 2012 Ibi
1426 1953 1487 2010 circs
1516 1987 1517 1992 κ

400 2120 404 2129 ,
445 2065 565 2122 iacentis
577 2063 657 2123 Galli
667 2081 773 2138 corpus
788 2073 937 2120 contrecto
950 2063 1114 2130 certamine,
1125 2080 1224 2137 pugna
1236 2069 1324 2118 atrox
1335 2061 1486 2118 concitetur.
1516 2095 1517 2124 ;

416 2172 510 2229 llam
525 2189 583 2228 non
598 2170 752 2246 manipulis
766 2169 964 2244 proximarum
980 2170 1146 2238 stationum,
1163 2168 1214 2224 sed
1235 2167 1399 2243 legionibus
1413 2164 1487 2222 uuin-
1516 2201 1517 2232 1

447 2296 504 2352 que
518 2275 617 2334 effusis
630 2295 677 2333 res
692 2275 810 2350 geritur.
842 2273 982 2332 Camillus
1004 2275 1099 2332 laetum
1116 2273 1235 2331 militem
1250 2273 1377 2330 victoria
1390 2269 1488 2336 tribuni
1516 2319 1517 2338 p

409 2370 414 2382 ¹
445 2385 543 2441 ltetum
563 2393 623 2440 tam
644 2382 833 2466 praesent-ibus
863 2399 899 2438 ac
920 2381 1051 2438 secundis
1073 2381 1127 2438 diis
1148 2381 1191 2438 ire
1211 2381 1241 2436 in
1257 2379 1393 2455 proelium
1413 2379 1489 2442 iubet
1516 2416 1517 2448 3

387 2507 391 2527 ¹
447 2499 652 2562 ostentansque
672 2489 812 2564 insignem
832 2487 932 2563 spoliis
952 2488 1107 2557 tribunum,
1132 2487 1238 2555 „Hunc
1256 2486 1382 2552 imitere,
1403 2483 1487 2540 miles*
1509 2469 1510 2472 ¹

447 2596 560 2665 siebat,
597 2605 645 2666 „ct
665 2595 743 2652 circs
762 2594 903 2651 iacentem
925 2593 1025 2649 ducem
1048 2601 1143 2649 sterne
1165 2591 1322 2650 Gallorum
1343 2591 1488 2649 cateruas?
1516 2607 1517 2662 j

416 2701 498 2762 8Dii
518 2701 706 2774 hominesque
726 2699 767 2756 illi
789 2697 899 2756 affuere
920 2716 1037 2774 pugne,
1070 2699 1327 2774 depugnatumque
1353 2696 1488 2770 haudqua-
1516 2759 1517 2766 ἵ

447 2825 535 2882 quam
557 2805 714 2864 certamine
734 2804 871 2879 ambiguo
893 2823 957 2861 cum
979 2802 1076 2862 Gallis
1098 2812 1156 2872 est;
1181 2801 1264 2859 adeo
1286 2801 1411 2860 duorum
1432 2800 1491 2858 mili·
1516 2845 1517 2868 2

446 2923 508 2971 tum
530 2920 674 2981 eventum,
694 2910 770 2966 inter
790 2929 865 2984 quos
886 2919 1047 2985 pugnatum
1069 2918 1141 2978 erat,
1163 2918 1288 2982 utraque
1313 2908 1390 2966 scies
1405 2905 1491 2964 animis
1516 2943 1517 2952 η

416 3023 632 3095 9prteceperet.
675 3017 757 3073 Inter
777 3016 897 3091 primos,
928 3033 1051 3089 quorum
1072 3033 1229 3072 concursus
1254 3013 1330 3070 alios
1352 3014 1491 3078 exciverat
1516 3050 1517 3082 3

447 3135 534 3183 atrox
554 3123 687 3199 proelium
712 3121 781 3192 luit3
817 3121 1078 3192 aliemultitudo„
1095 3120 1264 3195 priusquam
1288 3119 1327 3175 ed
1346 3120 1489 3176 coniectum
1516 3177 1517 3188 1

447 3231 497 3290 teli
518 3231 645 3299 veniret,
676 3236 761 3303 terge
789 3229 886 3285 vertit.
945 3228 1045 3285 Primo
1066 3246 1119 3302 per
1140 3225 1266 3282 Volscos
1291 3225 1490 3296 Felemumque

447 3357 550 3414 agrum
571 3335 702 3411 dissipati
724 3343 808 3409 sunt3
840 3333 907 3390 inde
929 3333 1068 3408 Apuliam
1100 3351 1135 3390 uc
1161 3350 1242 3389 mare
1273 3349 1411 3406 superum
1432 3327 1490 3404 peti·
1516 3375 1517 3400 p

399 3447 541 3501 luerunt.
590 3441 708 3512 Consul,
730 3440 863 3498 contione
884 3441 1037 3511 advocate,
1066 3438 1215 3496 laudatum
1237 3437 1387 3494 tribunum
1408 3436 1490 3492 decem
1516 3473 1517 3502 2

447 3548 542 3605 bubus
564 3564 711 3620 aureaque
731 3563 841 3603 corone
867 3546 971 3618 donet3
1003 3545 1066 3622 ipse
1094 3545 1189 3603 iussus
1216 3545 1254 3627 el)
1276 3557 1381 3602 senatu
1401 3541 1490 3599 bellun
1516 3579 1517 3610 p

399 3660 433 3713 tt
448 3654 623 3711 maritimum
645 3671 765 3721 curare,
793 3671 859 3709 curn
889 3661 1013 3726 praetore
1038 3651 1132 3709 iunxit
1153 3660 1258 3708 castra.
1301 3649 1350 3707 Ibi
1372 3649 1438 3724 quia
1455 3660 1490 3701 ret
1516 3687 1517 3714 2

447 3758 531 3843 trahis
546 3758 668 3834 segnitia
688 3757 858 3817 Graecorum
880 3775 939 3814 non
960 3758 1196 3818 committentium
1218 3775 1250 3813 se
1270 3755 1302 3812 iu
1321 3755 1414 3812 eciem
1426 3751 1490 3809 side·
1516 3789 1517 3820 2

449 3865 568 3935 bantur,
595 3865 764 3922 dictatorem
786 3864 967 3922 comit-iorum
990 3883 1079 3922 cause
1103 3865 1139 3923 T.
1160 3863 1302 3922 Manlium
1323 3861 1489 3935 Torquatum
1516 3891 1517 3926 p

400 3973 437 4030 12
450 3990 488 4028 ex
522 3970 694 4028 auctoritate
725 3979 842 4027 sanstus
875 3971 956 4028 dixit
1015 3970 1167 4040 Dictator,
1201 3967 1341 4043 magistro
1380 3964 1488 4039 equitnm
1514 3989 1515 4044 3

448 4080 489 4136 A.
510 4075 645 4135 Cornelio
668 4072 760 4132 Cosso
782 4075 869 4146 dicto,
900 4074 1017 4132 comitis
1037 4074 1202 4132 consularia
1223 4073 1334 4143 hebuit,
1359 4069 1488 4129 aemulum·
1514 4051 1515 4108 Ᾰ

449 4203 507 4259 que
534 4182 646 4242 decoris
676 4183 723 4239 sui
747 4183 895 4240 absentem
918 4181 959 4241 M.
981 4179 1132 4238 Valerium
1154 4169 1281 4239 Corvum
1311 4179 1352 4248 tid
1372 4177 1440 4236 enim
1456 4171 1487 4229 illi

450 4289 553 4347 deinde
570 4287 753 4364 cognominis
772 4285 840 4362 fuit)
867 4305 980 4346 summo
1006 4285 1108 4346 favore
1128 4286 1245 4362 populi,
1276 4294 1336 4342 tres
1357 4292 1386 4340 et
1403 4276 1487 4355 vigint
