3392 5084
541 519 618 572 Liber
634 520 668 570 x,
704 497 978 584 (aeneos-eoo.)
1188 523 1247 580 too

230 708 369 766 Romam.
407 707 482 765 ·Pax
511 715 627 782 negata,
644 704 774 763 ¹indutie>
801 704 909 762 biennii
937 705 1023 765 data.
1078 704 1213 762 Dictator
1238 705 1289 762 tui-
1305 706 1340 763 13

230 813 378 890 umphens
405 812 436 869 in
463 814 563 870 urbem
585 812 680 872 radiis
729 811 836 869 Habeo
856 819 999 882 auetores,
1017 809 1084 890 aine
1100 811 1160 868 ullo
1180 828 1289 870 memo-

229 919 319 977 rabili
336 918 439 994 proeho
462 928 599 994 paratam
615 919 668 974 ab·
679 917 820 974 dictatore
840 914 988 974 uuuriom
1009 933 1082 986 usse,
1102 915 1291 974 seditionibus

229 1034 345 1080 mutum
373 1023 575 1082 Arretinorum
607 1022 774 1099 oompositis
807 1032 836 1080 et
865 1019 959 1086 Cilnio
989 1039 1094 1096 genere
1121 1039 1187 1079 eum
1207 1021 1291 1097 plebe

228 1129 261 1186 in
283 1129 409 1204 gratiam
430 1131 559 1187 adnutu
607 1127 717 1187 Consul
742 1147 780 1186 ex
801 1128 946 1186 dictatura
962 1125 1060 1184 -feetue
1080 1127 1124 1184 M.
1145 1127 1291 1188 Valerius.
1305 1131 1340 1184 14

228 1235 303 1293 Non
324 1245 469 1312 petentem
496 1241 585 1310 atquo
615 1235 689 1292 adeo
710 1235 799 1292 etiam
818 1235 969 1295 'absentem
998 1242 1126 1290 ereetum
1146 1233 1291 1292 madidata

229 1341 369 1416 qnidam,
395 1352 425 1399 et
453 1359 512 1417 pen
533 1340 706 1416 interregem
729 1357 764 1398 ee
785 1340 903 1398 eomitie
923 1337 1019 1408 ἕως
1049 1339 1079 1395 id
1109 1357 1198 1397 unum
1231 1358 1291 1397 non

229 1447 400 1522 ambigitur,
421 1446 601 1505 consulatum
624 1459 691 1504 oum
711 1433 837 1521 Apuleio
856 1441 1142 1521 Pausa-gessisse.¹)

316 1553 358 1610 M.
382 1553 503 1610 Valerio
524 1562 556 1609 et
574 1551 610 1626 Q.
632 1549 759 1626 Apuleio
790 1551 956 1609 oonsulibus
988 1552 1058 1608 satis
1083 1526 1195 1627 pacata
1218 1550 1290 1609 foris
1360 1549 1382 1617 6

228 1677 279 1718 res
305 1657 402 1716 ¹fuere.
452 1657 606 1716 Etruscum
637 1657 764 1714 adverse
789 1658 858 1715 belli
880 1677 934 1715 res
964 1669 994 1714 eo
1019 1657 1137 1714 indutio
1163 1657 1290 1731 quietum
1301 1635 1463 1756 ffffigg

228 1764 385 1834 tenebant3
421 1762 578 1821 Samnitem
614 1763 769 1821 multorum
807 1781 948 1843 annorum
985 1763 1116 1821 cladibus
1150 1761 1289 1819 domitum

228 1870 380 1928 hauddum
397 1867 400 1874 '
416 1867 536 1926 fuderis
565 1869 636 1926 novi
659 1870 837 1944 paenitebat.
875 1871 994 1928 Roma
1026 1887 1143 1944 quoque
1177 1866 1319 1942 plebem3

230 1977 363 2052 quietam
384 1984 544 2032 exonerata
570 1971 610 2030 iu?
628 1974 757 2031 uoloniua
787 1975 939 2032 multitudo
967 1976 1135 2050 praestabat.
1177 1974 1289 2031 Tamen

227 2101 269 2140 ne
289 2081 418 2156 undique
438 2079 608 2155 tranquillae
620 2098 667 2136 res
688 2090 792 2149 meent,
814 2091 959 2139 nontamen
981 2081 1116 2139 iniectum
1136 2080 1212 2136 inter
1230 2078 1290 2154 pri·

228 2202 330 2244 mores
350 2186 484 2256 civitatis,
511 2186 648 2262 patricios
669 2185 865 2261 plebeiosque,
888 2187 926 2243 ab
947 2186 1070 2244 tribunis
1091 2185 1184 2261 plebis
1204 2184 1239 2257 Q.
1261 2195 1290 2242 et

228 2293 286 2352 cn.
300 2290 442 2367 Ogulniis,
464 2293 522 2367 qui,
542 2292 670 2366 undique
692 2291 935 2348 criminandorum
953 2301 1069 2368 petrum
1084 2291 1163 2368 apud
1177 2291 1319 2366 plebemt

228 2397 449 2456 occasionibus
468 2397 608 2472 quesitis,
641 2377 805 2471 postquam·
825 2396 883 2453 alia
914 2397 1023 2455 frustra
1055 2408 1167 2455 tentata
1199 2406 1289 2467 erant,

228 2523 298 2563 eam
326 2502 469 2560 sotionem
497 2513 698 2578 suseeperuut,
725 2521 785 2578 que
811 2521 872 2561 non
891 2503 1022 2562 infimam
1053 2503 1168 2580 plebem
1190 2521 1290 2560 euoen-

225 2595 342 2680 aaroni,
364 2608 415 2665 sed
436 2607 502 2683 ipss
524 2611 621 2685 sepita
642 2609 751 2684 plubia,
772 2611 939 2668 consulares
965 2608 1210 2685 triumphalesque
1229 2609 1290 2685 ple-
1330 2584 1332 2589 Ι

227 2717 470 2790 boioauuorupn
491 2714 650 2772 honoribus
669 2714 740 2772 nihil
761 2725 866 2790 prater
887 2716 1058 2785 sacerdotia,
1081 2732 1145 2788 qua
1163 2713 1320 2772 nondum5

228 2821 400 2899 promisoue
428 2832 528 2890 erant,
544 2821 677 2878 ¹deesset.
722 2822 935 2897 *Rogationem
952 2838 1031 2895 ergo
1060 2819 1321 2895 promulgatum

227 2940 274 2996 ut,
296 2943 384 3001 quum
407 2936 545 3000 quattuor
565 2942 699 3002 augures,
723 2933 860 3002 quattuor
882 2927 1033 3002 pontifioee
1060 2945 1096 2983 ee
1122 2935 1293 3000 tempestato

229 3043 339 3102 essent,
359 3031 542 3106 plaeereoqne
563 3031 663 3107 augeri
677 3031 860 3090 suoerdotum
880 3046 1040 3102 numerum,
1062 3041 1200 3106 quaturor
1219 3049 1291 3105 pon·

227 3139 333 3206 tifloes,
356 3138 482 3212 quinque
491 3155 630 3213 augures,
652 3137 688 3193 de
708 3137 793 3213 plebe
810 3155 922 3208 omnes,
942 3139 1162 3213 allegarentur..
1184 3137 1320 3210 Quem-7

229 3245 392 3302 admodum
412 3245 452 3300 ad
474 3241 612 3318 quattuor
632 3259 774 3317 augurum
794 3243 1030 3314 numerum,'nisi
1051 3254 1144 3299 morte
1160 3243 1292 3310 duorum,

229 3351 262 3408 id
283 3349 378 3424 redigi
402 3350 554 3425 collegium
575 3347 712 3426 potuerit,
732 3367 791 3405 non
814 3349 941 3419 invenie,
964 3365 1052 3422 quum
1072 3348 1148 3405 inter
1168 3365 1292 3422 augures

227 3463 356 3526 eonatet,
377 3456 687 3531 imperemnumernro
708 3454 813 3510 debere
834 3472 907 3524 esse,
928 3462 962 3510 nt
974 3465 1031 3510 tres
1054 3454 1179 3528 antiqua
1191 3453 1292 3520 tribus,

230 3566 372 3632 Ramnes,
394 3561 555 3631 Titienses,
584 3561 729 3630 Luceres,
760 3577 845 3616 suurn
865 3576 987 3635 quaque
1008 3577 1146 3634 augurem
1166 3559 1293 3615 habeant

231 3679 303 3736 aut,
337 3668 363 3724 ei
392 3667 524 3742 pluribus
549 3667 588 3723 sio
607 3665 791 3742 opue,··pari
820 3665 896 3722 inter
925 3684 958 3722 su
977 3671 1100 3723 humero
1127 3664 1322 3728 racemosus

231 3773 438 3848 multiplicent,
459 3772 533 3830 sium
561 3771 744 3846 multipliuuti
770 3781 857 3840 eunt,
880 3788 968 3844 quum
991 3771 1030 3827 ad
1051 3780 1192 3844 quattuor
1210 3770 1292 3844 qnin-

229 3897 292 3954 que
315 3877 420 3934 adieuti
434 3895 545 3935 novem
567 3893 729 3948 numerum,
750 3888 789 3934 uo
804 3875 879 3934 terni
903 3875 934 3931 in
955 3874 1087 3950 singulus
1106 3889 1214 3949 emunt,
1241 3895 1291 3934 ex·

231 3986 395 4070 piaverunt.
443 3980 590 4053 Ceterum,
622 3983 692 4058 quia
711 3983 748 4040 de
767 3983 854 4058 plebe
875 3979 1092 4054 allegabantur,
1118 3982 1201 4040 iuxta
1227 3990 1321 4044 eam9

229 4107 296 4150 rem
320 4105 396 4165 tegre
417 4089 498 4164 paesi
518 4097 626 4164 patres,
648 4087 735 4164 quam
762 4107 852 4163 quum
874 4085 1055 4143 ooasnlatum
1074 4089 1190 4164 vulgari
1206 4090 1291 4147 ‘vide
1331 4124 1335 4135 ·

228 4200 310 4256 reat.
358 4193 615 4266 Simnlebant,ad
644 4195 715 4252 deos
741 4195 774 4252 id
795 4192 894 4269 magis
912 4209 1000 4265 quam
1025 4191 1064 4248 ud
1083 4211 1116 4251 se
1134 4196 1291 4275 pertinere:
1307 4203 1342 4257 10
1396 4223 1404 4235 ¹

277 4340 303 4412 ¹)
322 4345 355 4396 In
372 4345 445 4396 fastis
462 4335 610 4410 ¹vulgaribus
624 4346 662 4400 M.
674 4345 774 4398 Valerii
786 4347 918 4397 dictatura
930 4345 1030 4408 integer
1047 4353 1190 4413 assignatur
1201 4365 1291 4411 annus,

324 4434 348 4468 a.
366 4433 390 4468 u.
409 4431 433 4466 o.
451 4421 511 4478 458,
529 4432 552 4467 a.
570 4413 619 4466 Ch.
639 4423 700 4471 ³01.
