3392 5084
554 534 632 584 nster
649 534 696 583 111.
733 532 839 596 (soh.
854 531 924 593 sse).
1170 533 1225 588 183

221 737 282 793 pars
302 735 417 794 egresse
449 718 541 793 portis
569 729 631 776 eret
658 719 849 796 deincepsque
873 718 923 776 alii
943 719 1101 777 servabant
1128 716 1266 785 ordinem,

220 825 247 880 in
267 841 345 886 snum
369 824 492 899 quisque
510 824 614 884 ¹locum
636 825 849 898 descendentes,
879 843 966 900 quum
988 823 1090 883 consul
1109 824 1267 893 Romanus,

221 931 380 1005 priusquam
407 931 476 988 totis
498 931 606 988 viribus
635 931 709 990 fulta
731 939 877 990 constaret
904 930 1031 988 hostium
1059 931 1145 1001 scies,
1173 930 1268 988 intulit

222 1035 310 1110 sigum
338 1037 517 1112 adortusque
544 1011 597 1096 uec
626 1055 725 1095 omnes
753 1038 821 1096 dum
851 1039 971 1096 eductos
998 1057 1067 1109 nec,
1098 1037 1148 1112 qui
1176 1044 1266 1104 erem,
1283 1042 1334 1120 10Ι

220 1142 283 1198 satis
303 1141 454 1217 explicetis
476 1141 637 1228 ordinibus,
667 1162 758 1219 prope
778 1145 964 1202 fluctuantem
985 1143 1100 1202 turbam
1121 1141 1267 1217 trepidau-

220 1249 283 1304 tium
304 1249 366 1305 huc
381 1258 470 1323 atque
495 1248 562 1306 illuc
583 1248 939 1325 circumspectantiumque
961 1268 993 1306 se
1014 1267 1049 1306 ac
1069 1267 1147 1317 suos,
1169 1247 1267 1305 addito

222 1329 334 1412 turbetis
370 1355 514 1411 mentibus
535 1353 662 1412 clamore
696 1363 783 1431 etque
816 1355 934 1431 impetu,
964 1355 1084 1415 invadit.
1133 1353 1268 1412 Rettulere
1284 1350 1315 1403 ll

220 1459 305 1533 primo
336 1461 439 1535 pedem
472 1462 584 1529 hostem
620 1460 722 1519 deinde
754 1481 842 1537 quum
876 1461 989 1518 animos
1023 1460 1205 1536 collegissent
1239 1467 1268 1516 et

221 1566 337 1642 undique
358 1567 455 1638 duces,
477 1567 598 1625 victisne
621 1568 729 1624 cessuri
751 1577 862 1638 essent,
890 1568 1081 1644 increparent,
1109 1566 1267 1624 restituitur

220 1689 316 1746 pugna.
358 1670 469 1730 Consul
497 1693 534 1730 er
558 1673 649 1730 ultera
673 1683 757 1748 perte
780 1675 930 1732 Romanos
958 1674 1122 1731 meminisse
1140 1673 1267 1741 iubebat,
1320 1669 1360 1738 dl

220 1778 262 1834 illo
290 1779 335 1836 die
363 1779 489 1854 primum
521 1779 627 1836 liberos
658 1797 712 1853 pro
740 1778 832 1837 libera
863 1780 934 1838 urbe
962 1781 1098 1838 Romane
1124 1795 1267 1854 pugnare:

222 1884 325 1941 sibimet
345 1885 416 1960 ipsis
432 1886 568 1956 victuros,
590 1903 648 1942 non
671 1893 702 1940 ut
722 1885 951 1943 decemvirorum
972 1886 1097 1942 victores
1118 1883 1266 1960 praemium

221 2000 314 2050 essent.
356 1991 426 2048 Non
448 1991 548 2066 Appio
570 1990 642 2048 duce
663 2009 724 2048 reru
745 1992 821 2066 geri,
852 1991 903 2049 sed
928 1991 1045 2050 consule
1069 1989 1200 2058 Valerio,
1230 1985 1297 2045 ab2

221 2095 412 2154 liberatoribus
443 2097 543 2172 populi
579 2095 704 2154 Romsui
739 2107 819 2168 orto,
851 2099 1007 2156 liberatore
1034 2097 1109 2171 ipso.
1162 2095 1266 2154 Osten-

222 2201 324 2275 dereut,
351 2202 496 2279 prioribus
518 2201 626 2276 proeliis
652 2221 706 2278 per
734 2202 835 2274 duces,
862 2221 921 2260 non
941 2222 994 2277 per
1014 2202 1118 2260 milites
1146 2199 1267 2269 stetisse,

223 2329 253 2364 ne
270 2311 424 2370 vincerent.
468 2309 571 2382 Turpe
593 2327 656 2365 esse
691 2319 793 2366 contra
814 2311 892 2368 eires
922 2309 988 2386 plus
1016 2306 1105 2364 enimi
1131 2301 1297 2362 habuisse3

224 2433 298 2488 quem
330 2424 432 2472 contra
466 2417 565 2472 hostes
598 2423 626 2472 et
655 2416 734 2472 domi
763 2433 851 2490 quem
881 2415 953 2473 foris
980 2413 1146 2471 servitutem
1173 2410 1266 2485 megis

225 2522 350 2580 timuisse.
400 2523 511 2581 Unam
528 2521 697 2597 Verginiam
726 2521 830 2592 fuisse,
859 2521 940 2578 cuius
968 2518 1113 2595 pudicitiae
1139 2517 1170 2574 iu
1194 2514 1295 2592 pacni
1358 2497 1360 2504 ’

224 2628 367 2700 periculum
390 2636 476 2696 esset,
497 2645 584 2685 rrnum
607 2629 737 2704 Appium
759 2628 851 2684 civem
873 2626 1042 2702 periculosas
1064 2622 1204 2692 libidinis3
1227 2632 1267 2688 st,

225 2733 366 2791 silortuns
380 2733 448 2790 belli
461 2733 587 2804 inclinet,
610 2734 736 2792 omnium
757 2733 858 2791 liberis
878 2735 916 2790 ab
938 2741 982 2790 tot
995 2731 1120 2788 millibus
1141 2728 1266 2786 hostium
1343 2752 1354 2780 κ
1425 2746 1430 2752 ·

226 2839 367 2910 periculum
391 2839 470 2909 fore3
502 2840 579 2897 nolle
608 2840 744 2909 ominari,
774 2858 837 2914 quse
867 2857 921 2896 nec
948 2839 1079 2913 luppiter
1109 2854 1162 2893 nec
1184 2830 1295 2890 Murs5

225 2955 295 3016 pater
307 2948 419 3020 passuri
440 2947 498 3003 sint
518 2947 553 3002 iis
568 2945 702 3020 auspiciis
724 2945 846 3002 conditas
866 2944 932 3000 urbi
946 2942 1086 3000 accidere.
1127 2939 1266 2998 Aventini

225 3052 343 3125 sacrique
376 3052 482 3109 montis
519 3051 706 3120 admonebat,
748 3058 793 3111 ut.
835 3050 886 3106 ubi
920 3048 1038 3106 libertas
1073 3056 1158 3122 parte
1191 3055 1266 3102 esset

225 3157 310 3227 paucis
331 3168 396 3214 ente
417 3159 573 3229 mensibus,
602 3176 637 3214 eo
658 3155 808 3230 imperium
832 3155 975 3214 illibatum
1000 3154 1148 3222 referrent,
1170 3139 1296 3207 osten-6
1355 3143 1361 3153 ‘

227 3261 382 3339 derentque,
414 3265 533 3322 eundern
562 3263 688 3320 indolem
717 3260 855 3319 militibus
883 3263 1024 3320 Romanis
1053 3270 1120 3337 post
1146 3266 1265 3314 exectos

226 3367 386 3428 decemviros
410 3388 482 3440 esse,
506 3389 569 3444 quse
591 3378 658 3426 ante
679 3377 791 3426 creatos
812 3366 913 3439 fuerit,
939 3387 992 3425 nec
1014 3367 1133 3442 equalis
1154 3364 1265 3440 legibus

227 3475 388 3534 imminutam
423 3475 558 3532 virtutem
590 3474 689 3550 populi
721 3475 846 3532 Romani
878 3493 951 3533 esse.
1008 3473 1081 3530 Haec
1112 3471 1160 3528 ubi
1191 3468 1294 3526 interl

228 3579 297 3654 siglis
310 3583 434 3658 peditum
450 3581 528 3638 dicta
548 3581 636 3648 dedit,
657 3582 776 3639 advolat
798 3579 902 3639 deinde
922 3580 960 3636 ed
982 3578 1102 3653 equites.
1147 3576 1264 3651 „Agite

230 3685 345 3745 iuvenes*
368 3687 475 3762 inquit,
507 3696 659 3761 „praestste
681 3687 787 3744 virtute
815 3687 951 3762 peditem,
980 3695 1012 3742 nt
1038 3687 1148 3742 honore
1177 3691 1264 3756 etque

232 3793 315 3851 ordine
351 3793 503 3869 preeststis
563 3792 663 3850 Primo
703 3810 844 3850 concursu
882 3792 971 3868 pedes
1012 3791 1104 3848 movit
1136 3789 1294 3857 hostem38

232 3898 325 3968 pulsum
346 3919 399 3959 vos
421 3898 556 3956 immissis
578 3899 659 3973 equis
675 3899 780 3974 exigite
804 3919 819 3956 e
841 3918 954 3974 campo.
996 3899 1065 3956 Non
1086 3895 1265 3954 sustinebunt

231 3999 355 4078 inpetum,
378 4017 406 4064 et
425 4023 501 4062 nunc
522 4013 691 4062 cunctantur
706 4004 798 4081 magis
821 4004 1087 4080 qusmresistunt‘*
1112 4000 1293 4060 Concitantll

232 4125 305 4181 equos
323 4114 547 4188 permittuntque
567 4112 597 4168 in
618 4113 729 4170 hostem
752 4111 880 4189 pedestri
899 4111 958 4169 iarn
987 4111 1133 4168 turbatum
1156 4124 1263 4182 pugna,

232 4223 259 4280 et,
277 4221 412 4295 perruptis
428 4219 586 4290 ordinibus,
606 4219 675 4276 elati
696 4219 734 4276 ad
750 4216 939 4276 novissimum
961 4216 1063 4285 eciem,
1083 4231 1152 4290 pars
1171 4211 1263 4269 libero

235 4323 310 4393 spatio
333 4324 524 4396 circumvecti,
553 4325 611 4382 ism
641 4322 739 4400 fugam
762 4323 889 4398 nudique
910 4332 1091 4398 capessentes
1111 4320 1264 4406 plerosque

294 4483 298 4512 l
