3392 5084
580 503 658 552 uiter
673 501 706 552 x.
743 502 931 566 (nonam.)
1186 507 1246 564 tit

229 686 419 762 populandos
440 687 552 762 imperii
573 687 699 745 Romani
718 689 789 744 flues
810 707 863 764 per
884 688 1025 746 Vescinos
1045 688 1075 745 in
1097 687 1286 764 Campaniam

229 793 447 867 Falernumque
468 809 568 867 agrum
591 794 803 863 uuusceudunt,
825 795 1012 870 ingentesque
1032 793 1146 870 praedae
1167 793 1286 852 faciunt.

230 897 420 955 Volumnium
453 898 565 973 magnis
597 898 745 957 itineribus
778 899 807 956 iu
840 900 990 958 Samnium
1018 900 1183 958 redeuutem
1218 900 1317 974 (iuml

231 1003 308 1060 enim
330 1003 424 1061 Fabio
445 1004 595 1078 Decioque
617 1006 767 1080 prorogati
793 1005 906 1081 imperii
931 1007 995 1064 finis
1017 1006 1131 1081 ederet)
1150 1005 1231 1064 fame
1252 1007 1288 1062 de

231 1108 405 1168 Samnitium
427 1110 554 1167 exercitu
582 1111 875 1188 populationibusque
896 1110 1038 1187 Campani
1050 1113 1125 1190 xegri
1147 1113 1185 1170 ad
1206 1120 1288 1170 tuen-

232 1215 286 1271 dos
316 1213 410 1271 socios
439 1216 589 1277 convertit.
646 1217 688 1276 Ut
708 1216 738 1273 iu
760 1215 900 1276 Calenum
927 1234 1028 1292 agrum
1052 1215 1147 1288 veuit,
1176 1227 1205 1274 et
1225 1218 1317 1293 ipse3

231 1321 324 1378 cernit
344 1320 469 1379 recentia
490 1321 579 1379 cledis
608 1323 746 1397 vestigia,
776 1331 805 1380 et
825 1322 927 1382 Caleni
948 1332 1067 1381 nemaut
1096 1332 1207 1381 tantum
1229 1323 1287 1380 iarn

230 1428 337 1503 praedae
358 1428 456 1484 hostes
476 1428 600 1498 trahere,
623 1435 655 1484 ut
677 1429 728 1485 vix
749 1429 895 1505 explicare
917 1444 1020 1504 agmen
1042 1431 1168 1505 possint3
1189 1430 1317 1504 itaquet

230 1535 290 1591 iarn
321 1533 475 1608 propalam
504 1533 589 1590 duces
619 1533 714 1608 loqui,
749 1536 893 1610 extemplo
927 1537 1050 1594 eundum
1078 1536 1109 1592 in
1138 1536 1286 1595 Samnium

231 1657 310 1710 ease,
341 1648 372 1696 ut
392 1638 492 1696 relicta
512 1638 552 1695 ibi
573 1640 672 1722 prada
701 1641 730 1697 iu
746 1640 966 1716 'expeditionem
992 1641 1126 1711 redeant,
1152 1660 1206 1699 nec
1227 1650 1286 1699 tam

232 1754 383 1804 onerarem
401 1760 504 1820 agmen
526 1745 702 1802 dimicationi
717 1747 905 1806 committent.
940 1747 987 1803 aa
1001 1763 1166 1822 quanquam
1182 1747 1317 1806 irminae
1351 1727 1356 1736 '

230 1851 308 1908 veris
329 1860 426 1921 erant,
458 1851 562 1909 certius
591 1861 688 1908 tamen
718 1851 897 1926 exploranda
917 1862 997 1910 ratus
1029 1854 1147 1911 dimittit
1168 1853 1286 1928 equites,

232 1956 282 2032 qui
303 1975 396 2033 vagos
416 1959 593 2032 praedatores
615 1957 645 2015 iii
671 1958 749 2033 agris
774 1957 905 2032 palantes
931 1959 1092 2034 excipiant3
1125 1976 1162 2016 ex
1184 1960 1317 2034 quibus6

230 2063 401 2138 inquirendo
428 2063 593 2138 cognoscit,
631 2065 668 2120 ad
695 2062 871 2120 Vulturnum
900 2065 1006 2121 fiumen
1035 2065 1135 2123 sedere
1164 2067 1286 2134 hostem,

229 2167 298 2225 inde
318 2168 404 2226 tertia
425 2168 525 2243 vigida
546 2177 704 2239 moturum;
726 2169 782 2226 iter
802 2169 831 2226 iu
853 2168 1003 2227 Samnium
1025 2187 1097 2230 esse.
1139 2170 1195 2227 His
1216 2171 1315 2229 satiei

229 2272 389 2348 exploretis
410 2273 556 2349 profectus
580 2281 660 2331 tento
681 2275 833 2332 intervallo
862 2275 900 2332 eb
928 2275 1059 2333 hostibus
1082 2275 1227 2346 consedit,
1255 2285 1287 2333 ut

229 2397 284 2436 nec
307 2380 446 2438 adventus
467 2397 535 2438 suus
557 2381 772 2457 propinquitate
792 2381 882 2438 nimia
907 2381 989 2438 nosci
1009 2390 1123 2456 posset,
1156 2390 1184 2438 et
1205 2400 1286 2457 egre·

229 2485 356 2543 dientem
378 2506 393 2544 e
414 2487 517 2544 castris
546 2487 658 2544 bostem
682 2487 864 2562 opprimeret.
913 2487 1072 2562 Aliquanto
1104 2495 1173 2544 ente
1194 2487 1318 2545 lucem8
1373 2522 1376 2526 μ

229 2593 268 2649 ad
291 2601 388 2651 cestra
414 2594 534 2652 accessit
566 2611 731 2669 gnarosque
753 2591 837 2652 Oscae
866 2593 970 2668 linguae
997 2593 1194 2668 exploratum,
1218 2595 1287 2668 quid

228 2708 344 2774 agetur,
359 2699 453 2756 mittit.
479 2763 481 2768 ,
494 2699 658 2757 intermixti
671 2699 813 2769 hostibus,
835 2699 913 2773 quod
928 2698 1013 2756 facile
1027 2699 1133 2755 eratin
1147 2709 1288 2756 nocturna

227 2804 438 2880 trepidatione,
469 2813 661 2880 cognoscunt,
693 2804 886 2880 infrequentia
915 2805 1037 2861 armatis
1057 2803 1141 2880 signa
1162 2823 1288 2881 egresse,

226 2911 358 2987 praedam
373 2911 535 2987 praedaeque
550 2911 682 2968 custodes
697 2910 785 2981 exire,
800 2909 947 2967 immobile
962 2927 1067 2984 agmen
1078 2919 1107 2966 et
1120 2929 1174 2968 sua
1189 2928 1288 2985 quem·

227 3035 286 3090 que
308 3015 487 3087 molientem,
516 3017 595 3074 nullo
616 3017 691 3074 inter
713 3016 785 3074 alios
807 3031 949 3074 consensu
969 3033 1022 3073 nec
1043 3017 1114 3073 setis
1135 3025 1213 3074 certo
1234 3017 1288 3091 ipr-

226 3121 321 3198 perio.
365 3121 493 3198 Tempus
516 3123 703 3197 aggrediendi
724 3122 904 3197 aptissimum
921 3121 1015 3178 visum
1029 3131 1086 3191 est3
1108 3130 1137 3180 et
1156 3124 1214 3180 iam
1236 3120 1317 3179 luxit

228 3227 401 3302 appetebet3
422 3228 520 3302 itaque
534 3228 617 3303 signa
632 3245 735 3287 cauere
755 3227 838 3286 iussit
859 3244 1021 3302 agmenque
1035 3229 1162 3285 hostium
1184 3245 1287 3303 eggre-

228 3333 317 3390 ditur.
360 3332 510 3392 ¹Samnites
541 3335 639 3410 prrede
669 3333 814 3409 impediti,
848 3332 1043 3408 infrequentes
1070 3333 1188 3405 armati,
1219 3351 1288 3410 pars
1304 3335 1338 3388 10

229 3439 339 3496 addere
361 3436 482 3514 gradum
505 3457 540 3496 ac
561 3457 620 3514 prae
647 3459 678 3499 se
701 3457 787 3516 agere
815 3430 958 3516 proedam,
986 3457 1056 3514 pars
1079 3450 1157 3497 stare
1177 3440 1287 3512 incerti,

229 3555 327 3602 utrum
348 3546 484 3620 progredi
506 3565 543 3602 eu
565 3546 678 3621 regredi
698 3544 728 3602 in
749 3553 846 3602 castra
867 3545 955 3603 tutius
972 3543 1062 3614 foret3
1083 3545 1158 3603 inter
1172 3556 1288 3604 cuncte·

227 3649 338 3706 tiouem
368 3651 583 3726 opprimuntur,
616 3659 646 3708 et
668 3649 793 3708 Romani
819 3650 877 3707 iam
907 3652 1143 3709 transcenderent
1170 3651 1288 3720 vallum,

229 3755 382 3830 caedesque
396 3772 430 3812 ao
444 3757 582 3814 tumultus
597 3764 659 3814 erat
672 3757 702 3814 in
716 3757 828 3818 castris.
863 3757 1035 3817 Samnitium
1046 3775 1159 3833 agmen,
1169 3767 1287 3832 preater·
1302 3755 1335 3812 ll

230 3879 320 3936 quarn
345 3861 442 3919 hostili
463 3863 603 3933 tumultu,
634 3861 814 3938 captivorum
842 3863 928 3920 etiam
957 3863 1108 3940 repentina
1128 3862 1287 3920 defectione

228 3966 377 4024 turbatum
399 3976 471 4036 erat,
493 3968 543 4044 qui
563 3969 669 4044 partim
690 3967 746 4043 ipsi
768 3967 855 4025 soluti
873 3969 985 4026 vinctos
1000 3959 1160 4040 solvebant,
1181 3968 1285 4044 partim
1303 3965 1337 4022 12

230 4090 314 4129 arma
340 4071 370 4128 in
398 4073 517 4132 sarcinis
538 4073 668 4148 deligata
690 4073 842 4149 rapiebant
870 4075 1079 4149 tumultumque
1099 4075 1202 4150 praelio
1222 4074 1286 4150 ipso

229 4177 430 4236 terribiliorem
471 4179 628 4236 intermixti
669 4177 776 4255 agmini
813 4180 991 4254 prebebant.
1065 4181 1286 4238 Memoreudum
1302 4178 1337 4235 13

229 4286 331 4344 deinde
354 4283 468 4342 edidere
488 4284 621 4355 facinus3
649 4303 717 4342 naui
739 4284 853 4344 Staium
874 4285 1031 4344 Minacium
1052 4285 1154 4342 ducem
1178 4286 1285 4374 adeun-
