3392 5084
474 475 528 532 146
739 477 744 484 “
761 470 839 520 Libet·
857 469 904 520 111.
943 470 992 533 (Α.
1005 485 1030 518 ιι.
1042 484 1064 519 c.
1076 471 1150 532 295.)

940 557 948 584 ι

425 631 476 714 abd
497 655 622 731 gloriam
643 655 733 730 spreti
754 654 873 718 honoris
895 661 1010 711 auctam
1032 653 1245 727 invidiamque,
1277 669 1342 725 qua
1364 671 1400 708 ax
1421 670 1481 709 con·

395 760 538 818 Stinuato
568 778 603 816 eo
632 759 828 835 impenderet,
858 759 983 816 levatam
1013 763 1144 835 putem.“
1194 756 1394 816 Communitar
1423 756 1482 812 inde

318 876 322 884 '
426 865 550 936 edicunt,
571 884 608 921 ne
623 842 688 939 quis
702 864 736 921 L.
748 863 914 936 Quinctium
937 863 1084 922 consulem
1106 861 1229 931 faceret3
1251 862 1277 918 si
1291 860 1482 936 quisfecisset,

330 979 375 1048 22
426 988 458 1027 sc
478 971 510 1028 id
530 968 701 1046 suffragium
722 987 781 1026 non
803 969 1019 1026 observaturos.
1062 965 1204 1026 Consules
1225 967 1316 1025 creati
1332 966 1367 1040 Q.
1382 966 1483 1024 Fabius

425 1076 591 1133 Vibulanus
611 1074 727 1136 tertium
750 1083 780 1131 et
799 1075 834 1133 L.
847 1072 1000 1132 Cornelius
1012 1073 1232 1148 Maluginensis.
1277 1071 1390 1130 Census
1411 1079 1484 1128 aetus

426 1200 462 1238 co
473 1200 565 1251 ann03
585 1182 708 1238 lustrum
722 1187 843 1255 propter
854 1177 1029 1254 Capitolium
1046 1187 1172 1254 captum,
1194 1179 1342 1236 consulem
1367 1177 1484 1234 occisum

427 1286 513 1342 condi
535 1285 701 1360 religiosum
723 1284 787 1345 fuit.

395 1401 413 1457 2
511 1390 549 1463 Q.
576 1391 689 1457 Fabio,
716 1389 750 1448 L.
779 1387 915 1446 Cornelio
938 1388 1103 1446 consulibus
1124 1387 1266 1464 principio
1298 1387 1368 1444 anni
1397 1387 1484 1444 statim

245 1485 414 1599 ·⁸·¹¹dl⁰¹·²9⁵·
427 1515 473 1554 res
493 1495 672 1552 turbulenta.
717 1494 902 1568 Instigabant
921 1494 1035 1568 plebem
1062 1493 1186 1564 tribuni3
1213 1493 1321 1550 bellum
1347 1493 1448 1568 ingens
1471 1510 1487 1546 a

257 1552 288 1598 A'
338 1556 413 1603 .459.
426 1602 545 1659 Volscis
566 1610 595 1657 et
615 1600 724 1674 AEquis
746 1599 844 1657 Latini
866 1603 954 1673 atque
975 1599 1095 1658 Hernici
1116 1599 1304 1656 nuntiabant:
1328 1599 1390 1656 iam
1412 1597 1485 1656 Antii

427 1708 602 1765 Volscorum
631 1705 761 1788 legiones
791 1722 864 1761 esse.
906 1705 946 1762 Et
970 1704 1064 1779 ipsam
1094 1704 1239 1762 coloniam
1267 1705 1370 1779 ingens
1404 1711 1487 1760 metus

428 1821 493 1870 erat
519 1811 714 1879 defecturam
749 1829 884 1885 aegreque
915 1810 1101 1884 impetratum
1131 1809 1305 1880 atribunis,
1334 1820 1367 1866 ut
1388 1808 1486 1866 bellum

286 1987 291 1992 ‚
398 1917 562 1993 apraeverti
583 1917 718 1976 sinerent.
760 1913 902 1973 Consules
923 1916 991 1974 inde
1012 1916 1112 1992 partiti
1133 1915 1313 1991 provincias:
1336 1915 1443 1983 Fabio,
1462 1923 1487 1970 ut

428 2022 556 2097 legiones
577 2021 699 2080 Antium
722 2023 848 2093 duceret,
870 2022 988 2092 datum,
1011 2021 1161 2092 Cornelio,
1183 2030 1215 2078 ut
1236 2019 1487 2096 Roma'praaidio

427 2135 517 2195 esset,
543 2146 581 2184 ne
603 2146 662 2202 qua
681 2145 751 2202 pars
773 2127 915 2197 hostium,
944 2127 993 2202 qui
1014 2127 1123 2201 AEquis
1145 2143 1208 2184 mos
1230 2134 1308 2198 erat,
1337 2126 1376 2183 ad
1404 2144 1487 2201 popu·

397 2232 545 2289 llandum
567 2233 688 2294 veniret.
730 2232 850 2290 Hernici
872 2240 901 2290 et
923 2232 1021 2290 Latini
1035 2231 1104 2290 iussi
1120 2230 1224 2290 milites
1239 2232 1311 2290 dare
1325 2250 1363 2288 ex
1378 2230 1488 2296 {tedere

429 2338 551 2412 duaeque
570 2347 670 2413 partes
692 2338 837 2395 sociorum
858 2338 890 2394 in
910 2338 1047 2407 exercitu,
1069 2338 1155 2396 tertia
1175 2336 1283 2394 civium
1303 2335 1368 2392 fuit.
1409 2338 1488 2394 Post
1526 2405 1527 2408 Ἴ

429 2461 516 2525 qnam
542 2444 579 2500 ad
600 2442 675 2500 diem
697 2444 888 2519 praestitutum
911 2453 1053 2500 venerunt
1070 2443 1150 2512 socii,
1173 2441 1274 2500 consul
1284 2449 1369 2499 extra
1380 2451 1486 2517 portam

429 2546 578 2621 Capenam
603 2558 700 2605 castra
720 2549 808 2608 locat.
851 2549 941 2621 lude,
964 2549 1088 2607 lustrato
1110 2548 1253 2617 exercitu,
1282 2547 1406 2606 Antium
1428 2565 1487 2622 pro·

399 2651 523 2709 bfectus
544 2653 623 2709 baud
647 2654 749 2727 procul
770 2654 879 2730 oppido
901 2655 1074 2729 stativisque
1098 2655 1224 2712 bostium
1253 2653 1393 2710 consedit.
1437 2651 1487 2712 Ubi

430 2777 519 2832 quum
553 2757 669 2828 Volsci,
705 2760 775 2834 quia
807 2761 935 2818 noudum
972 2761 1010 2817 ab
1041 2760 1149 2834 AEquis
1181 2758 1309 2816 venisset
1342 2758 1487 2824 exercitus,

429 2861 567 2920 dimicare
588 2883 647 2920 non
668 2865 748 2934 ausi,
780 2866 1023 2940 quemadmodum
1055 2864 1144 2940 quieti
1166 2864 1245 2922 vallo
1270 2881 1302 2920 ae
1323 2871 1487 2928 tutarentur,
1525 2883 1526 2909 ι

428 2976 583 3042 pararent,
613 2977 731 3044 postero
757 2969 804 3026 die
824 2970 936 3028 Fabius
960 2991 1019 3028 non
1041 2971 1226 3048 permixtam
1237 2987 1326 3028 unam
1350 2968 1486 3026 sociorum

346 3148 348 3153 Ι
429 3073 609 3149 civiumque,
642 3074 694 3131 sed
720 3075 806 3130 trium
833 3075 1009 3149 populorum
1038 3086 1098 3133 tres
1127 3061 1284 3150 separatim
1314 3074 1393 3132 acies
1417 3074 1487 3130 eirca
1524 3147 1525 3152 ἵ

429 3178 538 3236 vallum
570 3178 697 3235 bostium
723 3179 873 3247 instruxit;
904 3181 967 3254 ipse
998 3189 1062 3238 erat
1091 3180 1203 3238 medius
1235 3199 1299 3237 cum
1333 3179 1486 3254 legionibus

399 3281 579 3341 6Remanis.
622 3284 695 3340 Inde
723 3284 836 3359 signum
866 3285 1016 3343 observari
1044 3286 1141 3355 iussit,
1169 3295 1201 3343 ut
1229 3285 1340 3360 pariter
1370 3294 1398 3342 et
1423 3282 1486 3340 socii

429 3407 490 3446 rem
528 3389 688 3463 inciperent
728 3388 927 3464 referrentque
961 3391 1081 3466 pedem,
1116 3385 1147 3448 si'
1173 3368 1302 3465 receptui
1336 3390 1486 3450 cecinisset.
1523 3443 1524 3446 ,

399 3492 552 3566 7Eqnites
581 3493 649 3550 item
677 3511 737 3551 sua
763 3495 867 3568 cuique
896 3496 973 3570 parti
999 3505 1066 3570 post
1093 3495 1237 3571 principia
1263 3495 1398 3554 collocat.
1444 3495 1486 3550 Ita

430 3594 572 3654 trifariam
595 3598 715 3658 adortus
737 3609 834 3657 castra
856 3601 1042 3658 circumvenit
1063 3609 1101 3671 et,
1122 3618 1211 3674 quum
1227 3599 1485 3674 undiqueinstaret,

428 3719 486 3757 non
521 3701 693 3760 sustinentes
728 3704 868 3779 impetum
904 3705 1028 3764 Volscos
1063 3705 1142 3762 vallo
1179 3707 1348 3780 deturbat„
1383 3705 1485 3763 Trans·

428 3823 546 3879 gressus
580 3807 648 3864 inde
679 3810 852 3866 munitiones
885 3810 1023 3885 pavidam
1058 3812 1174 3869 turbam
1210 3812 1435 3886 inclinatamque
1460 3810 1485 3864 in

399 3916 417 3972 8
429 3920 542 3985 partem
568 3931 657 3969 unam
686 3914 789 3970 castris
816 3915 944 3989 expellit.
999 3915 1072 3973 Inde
1099 3914 1189 3974 effuse
1219 3909 1364 3992 fugientes
1397 3932 1484 3989 eques,
1522 3927 1523 3982 t

429 4015 476 4073 cui
497 4035 635 4092 superare
656 4016 766 4074 vallum
787 4019 866 4075 baud
887 4017 972 4076 facile
993 4013 1099 4096 fuerat,
1125 4039 1214 4095 quum
1237 4021 1326 4077 adid
1349 4029 1485 4096 spectator

429 4139 534 4196 pugnas
555 4122 722 4192 adstitisset7
742 4123 834 4180 libero
858 4141 961 4198 campo
984 4125 1106 4200 adeptus
1127 4133 1212 4200 parte
1234 4125 1365 4184 victoria
1382 4125 1484 4185 fruitur.

398 4222 543 4283 9territos
571 4227 717 4284 caedendo.
765 4229 877 4303 Magna
904 4239 933 4286 et
960 4230 990 4287 in
1015 4230 1118 4288 castris
1148 4240 1177 4287 et
1205 4239 1289 4290 extra
1317 4232 1484 4289 munimenta
