3392 5084
664 554 743 605 Liber
765 552 787 604 Ι.
1178 560 1215 615 53

211 753 266 791 cun
284 734 400 792 coloniis
422 736 483 793 snis
503 736 534 793 in
555 738 720 795 Romanurn
745 737 864 795 cesserit
884 736 1051 813 imperium
1078 746 1206 795 ceterum
1228 742 1290 798 ses

212 840 323 897 utilitatis
345 838 404 918 [id]
434 842 529 917 magis
555 842 685 900 omnium
711 860 802 901 causa
832 860 963 912 ccnmre,
998 851 1030 899 nt
1053 852 1210 901 renovetur
1230 842 1259 899 id

213 944 307 1017 foedus,
326 947 512 1022 secundaque
532 948 630 1023 potius
651 945 770 1005 inmune
790 948 892 1023 populi
908 948 1035 1007 Romani
1057 957 1090 1005 nt
1104 946 1261 1023 participes

213 1048 294 1105 Latiui
312 1047 454 1123 fruantur,
476 1071 565 1127 quarn
586 1053 701 1111 urbium
723 1052 838 1109 excidia
860 1053 1097 1127 vastationesque
1112 1068 1260 1127 agrorum,

210 1173 272 1227 quas
295 1157 377 1213 Anco
408 1158 503 1233 prins,
535 1166 620 1233 patre
647 1156 751 1213 deinde
781 1174 835 1214 sno
866 1166 1005 1234 regnante
1030 1157 1160 1235 perpessi
1194 1156 1260 1227 sint,

209 1277 309 1335 semper
334 1271 385 1320 aut
412 1271 581 1339 exspectent
608 1269 659 1319 aut
684 1262 842 1337 patiantur.
890 1263 981 1320 Haud
1014 1260 1169 1319 difficulter
1193 1278 1290 1338 per-4

212 1382 311 1423 mesum
339 1369 468 1440 Latinis,
500 1386 668 1443 quanquam
694 1368 724 1424 iu
758 1386 795 1426 eo
821 1367 940 1425 foedere
966 1368 1098 1443 superior
1125 1368 1260 1425 Romanu

210 1489 249 1526 res
272 1484 343 1543 erat3
375 1483 503 1531 ceterum
533 1480 564 1530 et
593 1474 694 1548 capito
715 1474 841 1530 nominis
863 1472 961 1529 Latini
988 1482 1066 1530 stare
1098 1491 1133 1531 ac
1154 1472 1260 1530 sentire

210 1596 264 1634 cnm
283 1597 348 1654 rege
367 1579 523 1649 videbant,
552 1588 582 1635 et
602 1578 720 1635 Turnus
741 1578 786 1635 sni
814 1578 918 1653 cuique
940 1576 1074 1654 periculi,
1108 1578 1133 1635 si
1156 1578 1259 1635 sdver-

212 1694 277 1740 satus
297 1695 379 1755 meet,
400 1701 503 1742 recens
523 1693 587 1742 erat
613 1683 828 1743 documentum.
881 1684 929 1740 Ita
951 1692 1123 1741 renovatum
1144 1682 1289 1753 foedus,5

211 1791 388 1865 indictumque
416 1788 578 1847 iunioribus
604 1789 793 1857 Latinorum,
825 1797 859 1844 ut
887 1806 923 1845 ex
954 1786 1072 1845 foedere
1101 1788 1148 1845 die
1178 1796 1259 1845 certa

211 1898 241 1952 ad
259 1897 348 1954 lucum
369 1873 534 1953 Ferentium
561 1893 666 1951 annoti
691 1894 857 1977 fieqneutes
883 1893 1042 1950 adessent·
1070 1892 1127 1967 Qui
1150 1894 1199 1950 ubi
1221 1894 1290 1951 add

210 2000 317 2057 edictum
328 2001 456 2061 Renum
478 2000 556 2075 regis
571 2019 609 2056 ex
623 2000 758 2057 omnibns
778 1998 896 2074 populis
918 2016 1088 2069 convenere,
1108 2016 1144 2056 ne
1156 1999 1257 2055 ducem
1356 2048 1365 2055 .

210 2122 280 2163 sunm
318 2125 392 2164 neve
430 2114 572 2163 secretum
607 2104 761 2179 imperium
792 2102 950 2179 propriave
988 2102 1073 2177 sigua
1109 2104 1259 2171 haberent,

213 2210 308 2273 miscuit
328 2211 493 2286 manipulos
515 2229 553 2267 ex
566 2209 680 2267 Latinis
695 2208 903 2283 Romanisque,
926 2217 957 2264 ut
981 2226 1018 2264 ex
1039 2209 1115 2265 binis
1129 2208 1258 2284 singulos

212 2312 303 2372 laceret
329 2316 473 2391 binosque
502 2334 540 2372 ex
563 2314 700 2390 siugulis3
732 2313 775 2371 ita
801 2312 955 2389 geminatis
983 2310 1138 2388 manipulis
1160 2320 1258 2369 centu·

213 2419 291 2476 rienes
309 2421 456 2495 imposuit.

280 2526 353 2596 Nec,
382 2534 415 2583 ut
436 2525 560 2583 iniustus
581 2525 611 2581 in
632 2542 797 2601 pecarex,
829 2522 872 2580 ita
893 2524 954 2581 dux
970 2524 1038 2581 belli
1060 2540 1169 2599 pravus
1192 2520 1259 2591 fuit3
1310 2518 1354 2587 53

212 2630 269 2701 quin
294 2651 327 2688 aa
353 2640 416 2688 arte
438 2640 583 2705 aequasset
609 2630 773 2705 superiores
802 2646 901 2704 reges,
933 2630 963 2685 ui
993 2630 1199 2705 degeneratum
1229 2628 1260 2684 in

213 2733 263 2790 aliis
281 2736 344 2793 huic
367 2754 486 2811 quoquc
509 2736 606 2795 decori
627 2734 782 2793 offecisset.
827 2734 858 2792 ls
879 2734 990 2809 primus
1014 2734 1131 2792 Volscis
1152 2733 1290 2795 bellnm2

213 2838 390 2899 inducentes
418 2841 542 2916 amplius
568 2848 636 2915 post
662 2858 745 2896 suam
775 2848 889 2897 aetatem
920 2858 1011 2897 annos
1033 2839 1138 2908 movit,
1172 2838 1260 2897 Sues·

211 2962 317 3020 samque
337 2947 502 3004 Pometiam
530 2966 568 3004 ex
593 2946 628 3003 iis
661 2945 692 3001 vi
719 2945 804 3021 cepit
862 2946 923 3005 Ubi
956 2963 1043 3019 quum
1078 2944 1289 3007 divendeudaa

214 3051 297 3121 prada
326 3050 523 3126 qnadraginta
544 3052 654 3109 talenta
678 3050 792 3125 argenti
812 3050 976 3122 refecisset,
1009 3050 1142 3124 concepit
1162 3050 1260 3106 animo

214 3172 265 3211 earn
300 3157 517 3231 amplitudinem
549 3155 631 3213 Iovis
661 3155 779 3231 templi,
821 3174 887 3229 quae
920 3156 1010 3231 digna
1050 3155 1135 3211 deum
1166 3154 1260 3210 horni-

214 3278 322 3335 nnmque
347 3280 432 3337 rege,
464 3280 530 3336 quae
549 3263 686 3320 Romano
712 3260 851 3337 imperio,
886 3279 950 3336 quar
976 3259 1066 3334 ipsius
1094 3258 1181 3315 etiam
1203 3257 1261 3314 loci

215 3365 347 3423 maiestate
383 3375 471 3436 esset;
508 3367 654 3442 captivam
689 3365 843 3441 pecuniam
882 3366 913 3421 in
947 3364 1166 3446 aedificationem
1199 3363 1261 3419 eius

213 3471 297 3545 templi
315 3470 453 3546 seposuit.
506 3476 520 3485 '

283 3575 403 3651 Excepit
424 3575 529 3633 deiude
551 3595 616 3633 enm
638 3574 743 3633 leutius
765 3592 817 3650 spe
833 3572 951 3639 bellum,
974 3591 1032 3647 que
1044 3572 1168 3643 Gabios,
1190 3578 1292 3648 pro-4

217 3676 335 3753 piuqnam
346 3682 459 3752 urbem,
477 3681 670 3756 nequicquam
682 3680 712 3737 vi
724 3680 853 3750 adortus,
876 3697 968 3753 quum
980 3678 1129 3736 obsidendi
1145 3695 1262 3753 qnoque

218 3783 299 3840 urbem
320 3804 386 3861 spes
406 3785 492 3861 pulso
514 3806 532 3843 a
554 3786 705 3844 moenibus
721 3785 860 3860 adempto
875 3792 961 3854 esset,
981 3792 1130 3858 postremo
1145 3784 1262 3841 minime

222 3891 414 3960 arteRomana,
438 3890 680 3963 fraudeacdolo,
702 3898 926 3966 aggressusest.
970 3890 1049 3947 Nam
1061 3907 1161 3963 quum,
1183 3888 1293 3946 velutb

222 3996 299 4064 posito
318 4000 402 4067 belle,
423 3995 619 4054 fundamentis
640 3997 741 4071 templi
761 3995 901 4053 iaciendis
924 3994 1046 4069 aliisque
1060 3994 1180 4051 urbanis
1192 4012 1262 4067 opo-

224 4097 286 4156 ribus
303 4103 439 4168 iutentum
461 4120 493 4157 se
512 4119 575 4159 esse
586 4101 745 4173 simularet,
768 4100 875 4161 Sextus
886 4100 961 4157 filins
973 4100 1043 4169 eins,
1066 4098 1116 4172 qui
1129 4098 1263 4154 minimus

227 4217 255 4256 01
270 4206 350 4264 tribus
371 4218 447 4277 erat,
480 4206 638 4283 transfugit
656 4226 695 4263 ex
718 4206 883 4280 composito
904 4204 1035 4273 Gabios,
1067 4203 1159 4278 patris
1180 4203 1210 4258 in
1232 4219 1264 4258 se

227 4309 341 4369 smitiam
366 4312 576 4370 intolerabilem
602 4329 792 4387 conquerens.
838 4311 920 4378 „Iam
949 4310 986 4366 ab
1009 4308 1110 4365 alienis
1138 4306 1168 4362 in
1195 4306 1296 4363 suosd
