3392 5084
488 472 544 528 148
741 465 820 516 Liber
837 464 887 516 111.
920 463 964 528 (A.
976 480 1001 513 u.
1020 478 1045 518 c.
1058 467 1219 526 sse-osc.)

443 661 476 708 ut
510 649 639 708 actiones
677 648 838 706 tribunicias
871 649 901 706 in
938 648 1093 706 adventum
1133 648 1284 706 consulum
1319 645 1490 704 differrentur.

413 759 518 819 3Erat
538 765 568 814 et
590 772 668 811 nova
691 762 796 812 exorta
821 772 912 812 cansa
943 763 1047 813 motus.
1095 756 1135 813 A.
1159 752 1312 812 Cornelius
1333 758 1365 808 et
1386 750 1422 824 Q.
1441 749 1492 808 Ser·

443 862 529 919 vilius
561 867 719 934 quaestores
748 859 790 921 M.
812 859 950 928 Volscio,
983 859 1062 932 quod
1088 858 1179 917 falssu
1210 858 1290 916 haud
1317 855 1406 914 dubis
1432 856 1493 912 testis

413 957 475 1029 tin
496 965 647 1023 Caesouem
668 965 836 1036 exstitisset,
858 964 934 1021 diem
957 963 1100 1024 dixerant.
1144 964 1245 1022 Multis
1266 963 1344 1045 enim
1360 961 1494 1019 emanabat

444 1071 566 1140 indiciis,
586 1089 682 1145 neque
703 1069 824 1128 fratrem
846 1068 969 1138 Volsci,
994 1087 1031 1125 ex
1054 1087 1112 1142 quo
1134 1068 1224 1125 semel
1244 1065 1332 1126 fuerit
1354 1085 1438 1142 teger,
1455 1084 1495 1120 un·

446 1196 534 1252 quam
556 1195 614 1233 nou
636 1175 724 1232 modo
745 1173 840 1232 visum
854 1174 884 1230 in
906 1173 1034 1249 publico,
1056 1174 1108 1231 sed
1129 1191 1166 1230 ne
1181 1173 1380 1230 assurrexisse
1401 1171 1494 1247 quiden

415 1290 483 1343 5ex
504 1284 618 1352 morbo,
642 1281 857 1354 multorumque
878 1280 946 1337 tabe
968 1297 1099 1336 mensum
1121 1285 1276 1347 mortuum,
1299 1296 1355 1335 nec
1376 1277 1421 1334 his
1440 1285 1494 1331 ten·

445 1388 581 1464 poribus,
613 1386 645 1442 in
673 1403 738 1459 quae
763 1385 845 1442 testis
876 1385 984 1442 crimen
1017 1383 1203 1452 coniecisset,
1235 1381 1388 1440 Caesonem
1415 1383 1495 1438 Rome

386 1493 390 1504 '
445 1493 555 1562 visum,
589 1489 820 1560 affirmantibus,
857 1491 907 1564 qui
937 1495 998 1546 una
1018 1498 1199 1560 meruerant,
1231 1506 1329 1546 secum
1361 1505 1427 1544 enm
1451 1494 1495 1540 tun

446 1598 687 1673 frequentemque
713 1594 751 1652 ad
782 1594 867 1669 signa
889 1595 951 1652 sine
972 1593 1031 1652 ullo
1054 1602 1218 1652 commeatu
1239 1591 1339 1650 fuisse.
1387 1589 1449 1648 Nisi
1467 1589 1496 1642 ils

415 1710 537 1772 cesset,
571 1701 654 1758 multi
684 1700 822 1776 privatim
855 1701 989 1759 ferebant
1009 1699 1131 1759 Volscio
1162 1699 1295 1758 iudicem.
1351 1696 1445 1770 Quum
1469 1691 1496 1748 al

446 1808 584 1866 iodicium
605 1807 648 1864 ire
667 1825 728 1864 non
750 1807 888 1876 auderet,
913 1824 1013 1864 omnes
1037 1825 1079 1863 eae
1100 1823 1147 1863 res
1167 1806 1198 1862 in
1212 1823 1302 1863 unum
1324 1807 1495 1877 congruentes

447 1913 527 1971 haud
559 1912 653 1987 magis
692 1912 811 1971 dubiam
845 1911 1062 1970 damnationem
1095 1911 1225 1982 Volscii,
1261 1928 1354 1984 quem
1389 1903 1495 1966 Casonic

418 2018 570 2078 'lVolscio
591 2026 665 2075 teste
695 2017 807 2088 fuerat,
834 2017 992 2079 iaciebant.
1040 2018 1077 2074 In
1099 2035 1183 2074 mora
1204 2015 1312 2074 tribuni
1336 2020 1433 2083 erant,
1461 2007 1496 2083 qui

448 2123 566 2181 comitia
587 2132 746 2197 quiestores
773 2124 883 2182 habere
907 2124 943 2181 de
971 2143 1039 2194 reo,
1069 2123 1126 2181 nisi
1148 2123 1229 2198 prius
1257 2120 1362 2178 habita
1391 2120 1426 2176 dc
1449 2117 1495 2189 lege

389 2216 391 2219 ¹
418 2235 557 2300 8essent,
578 2247 719 2304 passuros
741 2230 899 2304 negabant.
947 2229 995 2286 Ite
1024 2236 1159 2286 extracta
1179 2236 1303 2301 utraque
1323 2246 1373 2284 res
1398 2224 1427 2281 in
1445 2203 1519 2280 cau¹

447 2334 541 2392 sulum
563 2333 720 2392 adventum
743 2343 797 2394 est.
845 2334 904 2407 Qui
926 2335 975 2392 ubi
1003 2334 1216 2410 triumphantes
1237 2333 1349 2402 victore
1372 2351 1435 2390 cum
1459 2346 1494 2384 ex·

448 2439 539 2496 ercitu
560 2438 661 2496 urbem
681 2437 816 2509 inierunt,
839 2438 909 2513 quia
935 2438 1080 2495 silentium
1112 2439 1149 2497 de
1170 2440 1236 2514 lege
1257 2447 1338 2509 erat,
1369 2435 1494 2514 perculsos

417 2551 555 2618 9magna
575 2561 645 2617 pars
668 2541 825 2599 credebaut
846 2543 993 2615 tribunos;
1016 2545 1103 2602 atilli
1124 2545 1242 2619 (etenim
1264 2551 1427 2604 extremum
1446 2536 1495 2596 anui

447 2650 507 2706 iam
528 2648 613 2720 erat),
634 2654 769 2722 quartum
792 2645 962 2706 affectantes
984 2650 1173 2724 tribunatum,
1194 2651 1225 2708 in
1252 2649 1435 2708 comitiorum
1453 2644 1494 2700 dit·
1517 2625 1518 2636 ἵ

448 2753 642 2830 reptationem
672 2753 710 2810 ab
732 2753 798 2829 lege
819 2761 966 2826 certamen
988 2764 1164 2813 averterant.
1207 2757 1247 2813 Et
1268 2773 1360 2830 quum
1386 2750 1495 2814 consules

448 2860 538 2918 nihilo
559 2859 653 2917 miuus
675 2859 815 2916 adversus
838 2859 1083 2918 continuationem
1105 2861 1277 2932 tribunatus,
1299 2879 1391 2936 quam
1418 2859 1440 2916 si
1461 2855 1495 2910 lu

448 2965 610 3022 minuendae
630 2982 691 3022 sua
710 2964 872 3023 maiestatis
894 2983 984 3024 causa
1005 2965 1191 3042 promulgate
1210 2966 1351 3036 ferretur,
1381 2960 1494 3024 tetendit·

448 3079 521 3140 sent,
543 3070 667 3128 victoria
689 3070 854 3126 certaminis
877 3089 965 3146 penes
987 3072 1118 3129 tribunos
1140 3070 1204 3128 fuit.
1516 3065 1517 3074 ’

400 3180 434 3234 10
530 3176 643 3234 Eodem
673 3193 750 3232 anno
777 3175 887 3249 AEquis
915 3194 975 3251 pax
1003 3184 1047 3233 est
1074 3176 1238 3252 petentibus
1269 3176 1348 3236 data.
1397 3175 1494 3236 oenus

447 3301 494 3340 res
515 3282 613 3358 priore
637 3297 714 3337 enno
735 3279 904 3349 inchoata,.
912 3281 1069 3355 perficitur,
1091 3283 1178 3358 idque
1199 3282 1322 3340 lustrum
1345 3283 1385 3340 ab
1406 3277 1493 3352 origine

447 3385 528 3444 urbis
549 3385 692 3444 decimum
716 3386 863 3443 conditum
884 3384 990 3448 ierunt.
1034 3385 1130 3445 Censa
1154 3386 1261 3444 civium
1282 3387 1383 3463 capita
1403 3393 1493 3445 centum

398 3501 431 3556 ιι
448 3491 642 3567 septendecim
676 3490 767 3548 millia
800 3499 930 3549 trecenta
965 3491 1153 3568 undeviginti.
1212 3489 1374 3550 Consulum
1409 3497 1516 3563 magns*

448 3596 528 3654 domi
549 3595 674 3670 bellique
696 3615 737 3682 eo·
754 3614 832 3654 anno
854 3597 948 3672 gloria
969 3595 1033 3668 luit,
1057 3596 1137 3671 quod
1158 3604 1187 3652 et
1207 3594 1279 3653 foris
1301 3616 1405 3672 pacem
1426 3609 1493 3672 pepe·

447 3719 527 3771 rare,
556 3710 586 3758 et
607 3701 701 3773 domi,
733 3701 787 3760 etsi
814 3720 874 3759 non
904 3720 1039 3775 concors,
1072 3701 1166 3759 minus
1195 3710 1292 3758 temen
1323 3720 1411 3777 quam
1439 3697 1492 3756 aliis

447 3806 555 3865 infeste
576 3807 679 3865 civitas
700 3804 765 3865 fuit.

352 3894 397 3964 25
531 3912 566 3969 L.
587 3912 733 3970 Minucius
754 3912 822 3968 inde
846 3920 876 3967 et
896 3910 931 3972 O.
953 3912 1080 3970 Nautius
1103 3911 1235 3970 consules
1256 3910 1329 3971 iacti
1350 3913 1422 3970 duas
1439 3904 1493 3965 resi·

271 3984 434 4106 {mig
449 4017 522 4078 duas
547 4019 624 4076 anni·
637 4018 743 4094 prioris
772 4035 876 4074 causes
905 4024 1089 4091 exceperunt.
1138 4018 1251 4075 Eodem
1273 4018 1361 4075 modo
1383 4011 1492 4075 consulet

447 4122 556 4196 legem,
586 4123 694 4180 tribuni
713 4123 850 4180 iudicium
880 4123 915 4179 de
938 4121 1059 4179 Volscio
1080 4122 1291 4198 impediebant;
1313 4124 1364 4182 sed
1386 4123 1414 4180 in
1433 4132 1491 4193 que·

417 4227 575 4284 3ston'bus
609 4228 694 4285 novis
728 4228 823 4286 maior
851 4229 910 4298 vis,
941 4227 1036 4286 maior
1061 4228 1219 4286 auctoritas
1252 4237 1324 4286 erat.
1376 4227 1444 4286 Cum
1462 4219 1490 4278 M·
