3392 5084
652 510 731 559 Liber
748 510 771 559 1.
1160 512 1195 569 31

207 693 329 749 ruendam
348 695 456 751 urbem.
500 693 574 767 Quae
593 695 644 751 ubi
664 694 809 753 inaurare
829 703 944 770 portes,
974 713 1032 752 non
1052 696 1167 770 quidem
1188 695 1271 754 suita

206 799 327 855 munitus
346 799 393 856 ille
413 817 467 857 nea
488 818 598 875 pavor,
631 800 725 875 qualis
753 810 903 875 captarum
932 819 995 859 esse
1025 801 1137 858 urbium
1160 801 1241 871 eolat,

207 924 290 979 quum,
310 902 433 963 effractis
453 885 547 980 portis
568 905 703 963 stratisve
723 906 814 963 ariete
836 907 925 965 muris
947 916 998 965 eut
1019 924 1085 964 aree
1097 905 1128 962 vi
1148 886 1243 981 cauta,

208 1012 302 1067 elamor
318 1012 429 1068 hostilis
452 1020 482 1068 et
502 1030 602 1069 cursus
623 1031 676 1087 per
699 1014 801 1069 urbem
833 1021 1012 1070 armatorum
1041 988 1242 1070 omnia'ferro

207 1118 363 1192 fiammaque
386 1117 505 1188 miscet3
537 1120 587 1175 sed
608 1117 753 1175 silentium
776 1119 858 1176 triste
880 1138 915 1175 ao
938 1118 1027 1175 tacita
1047 1117 1180 1175 maestitia
1202 1117 1273 1173 itae

208 1222 292 1279 defixit
308 1222 436 1279 omnium
461 1224 582 1296 animos,
603 1235 636 1282 ut
655 1244 716 1300 proe
736 1233 814 1283 metu
839 1224 929 1294 obliti,
956 1224 1025 1298 quid
1043 1222 1244 1297 relinquerent,

208 1329 263 1401 qnid
282 1347 377 1387 secum
398 1327 523 1399 ferrent,
543 1331 692 1389 deficiente
713 1332 834 1389 consilio
856 1331 1071 1406 rogitantesque
1093 1328 1152 1385 elii
1164 1328 1246 1398 alios,
1327 1404 1329 1413 .

208 1454 268 1492 nunc
287 1436 316 1491 in
336 1434 484 1492 liminibus
504 1446 624 1506 starent,
645 1457 721 1495 nunc
734 1437 890 1494 errabundi
902 1437 1004 1494 domos
1017 1453 1094 1505 suas,
1116 1434 1246 1491 ultimum

208 1541 265 1597 illud
283 1542 380 1612 visuri,
401 1553 640 1615 pervagarentur.
675 1544 717 1604 Ut
740 1561 810 1601 vero
830 1542 891 1599 iam
914 1543 1041 1617 equitum
1062 1541 1172 1599 elamor
1194 1536 1276 1596 err-4

209 1647 241 1703 ire
258 1648 412 1704 iubentium
433 1648 571 1720 instabat,
592 1650 652 1707 iem
673 1648 775 1724 fragor
793 1657 945 1718 tectorum,
967 1666 1031 1723 quae
1052 1647 1248 1715 diruebantur,

209 1752 299 1808 ultimis
319 1753 400 1809 urbis
421 1725 552 1829 {lenibus
564 1756 744 1826 audiebatur,
767 1755 920 1831 pulvisque
942 1773 977 1811 ex
991 1752 1162 1810 distantibus
1177 1751 1248 1809 locis

211 1865 274 1913 onus
296 1859 373 1915 velut
392 1861 469 1915 nube
480 1860 597 1917 inducta
608 1861 710 1918 omnia
720 1862 900 1937 impleverat,
922 1861 1037 1934 raptim,
1052 1858 1156 1933 quibus
1170 1857 1247 1932 quis·

212 1981 255 2035 que
272 1972 393 2038 poterat,
418 1965 510 2035 elatis,
532 1985 620 2040 quum
643 1968 733 2025 larem
746 1986 781 2023 ao
792 1976 913 2042 penates
935 1975 1078 2040 tectaque,
1100 1964 1249 2039 inquibus

213 2078 281 2125 natm
300 2070 421 2144 quisque
442 2071 638 2147 educatusque
658 2083 742 2142 esset,
764 2072 958 2147 relinquentes
971 2073 1090 2148 exirent,
1111 2071 1168 2128 iam
1180 2088 1248 2127 eon-

214 2175 288 2231 tinene
308 2194 412 2251 agmen
433 2177 617 2252 migrantium
639 2177 811 2253 impleverat
831 2178 913 2248 viae,
936 2186 964 2234 et
985 2184 1155 2253 conspectus
1178 2175 1280 2233 alio-5

214 2298 264 2336 rum
285 2291 381 2338 mutua
409 2282 595 2340 miseratione
620 2282 784 2357 integrabat
815 2283 965 2353 lacrimas,
990 2298 1133 2357 vocesque
1164 2282 1249 2339 etiam

216 2386 369 2443 miserabiles
384 2388 624 2458 exaudiebantur,
645 2389 797 2450 mulierum
808 2390 962 2464 praecipue,
984 2406 1071 2463 quum
1083 2389 1203 2447 obsessa
1213 2388 1251 2445 ab

220 2492 316 2550 ermetis
336 2495 445 2568 templa
466 2503 590 2569 augusta
610 2495 790 2570 praeterirent
821 2514 856 2552 ac
886 2495 965 2551 velut
986 2503 1086 2569 captos
1108 2494 1252 2569 relinque·

219 2608 268 2654 reu
286 2600 361 2657 deos.
402 2600 537 2675 Egressis
557 2603 658 2659 urbem
682 2600 816 2671 Albanis,
837 2601 988 2659 Romanus
1009 2600 1116 2675 passim
1138 2598 1283 2675 publicai

220 2702 367 2779 privataque
388 2707 487 2763 omnia
514 2714 591 2763 tecta
614 2708 751 2781 adaequat
771 2705 851 2777 solo,
877 2724 993 2779 unaque
1020 2708 1094 2764 hore
1115 2704 1253 2780 quadrin-

218 2810 350 2879 'gentornm
372 2830 514 2869 annorum
536 2831 619 2888 opus,
642 2813 746 2887 quibus
767 2812 849 2870 Albe
862 2819 989 2883 steterat,
1014 2810 1126 2868 excidio
1148 2828 1182 2867 ac
1195 2810 1254 2867 rui·

221 2913 254 2968 nie
274 2916 355 2976 dedit.
388 2917 518 2992 Templis
549 2929 647 2975 tamen
679 2919 765 2976 deum
799 2918 856 2989 (ita
878 2917 953 2973 enim
976 2916 1099 2973 edictum
1122 2918 1159 2974 ab
1186 2934 1255 2991 rege

222 3015 306 3096 lueret)
327 3031 518 3098 temperatum
539 3032 592 3084 est.

189 3123 192 3130 ’
286 3128 378 3185 Roma
407 3128 520 3185 interim
551 3130 655 3187 crescit
686 3129 772 3187 Alte
800 3128 900 3187 ruinis.
949 3127 1123 3203 Duplieetur
1149 3126 1253 3183 civium
1301 3127 1348 3197 30

223 3247 348 3303 numerus3
375 3231 481 3291 Caelius
505 3234 620 3292 additur
648 3234 712 3291 urbi
733 3253 832 3305 mons,
854 3243 900 3305 et,
927 3252 984 3308 quo
1005 3232 1183 3307 frequentius
1202 3234 1255 3289 ha·

224 3334 348 3411 litaretur,
370 3358 435 3396 earn
457 3340 554 3399 aedem
576 3341 680 3398 Tullus
700 3342 788 3417 regiae
811 3342 906 3417 capit,
937 3340 1034 3414 ibique
1056 3338 1158 3395 deinde
1175 3337 1257 3395 habi·

223 3443 286 3503 tavit
324 3445 476 3521 Principes
497 3447 681 3505 Albanorum
703 3448 733 3504 in
753 3454 916 3522 putreant
937 3465 973 3503 ee
990 3464 1106 3520 quoque
1127 3464 1195 3521 pars
1215 3445 1288 3509 rei2

224 3548 323 3619 publice
343 3561 493 3620 cresceret,
513 3552 591 3628 legit,
607 3553 729 3624 Tullios,
749 3552 898 3624 Servilios,
921 3552 1082 3626 Quinctios,
1100 3551 1259 3627 Geganius,

172 3677 174 3682 >
225 3650 365 3727 Quados,
388 3655 530 3727 Cloeli0s3
562 3658 759 3734 templumque
788 3659 884 3716 ordini
913 3659 950 3717 ab
982 3676 1013 3715 se
1041 3666 1127 3715 aucto
1151 3658 1260 3716 curiam

225 3754 291 3830 feeit,
318 3781 383 3836 quaa
404 3762 533 3819 Hostilia
563 3783 656 3839 usque
685 3764 723 3821 ad
744 3773 860 3840 patrum
885 3773 1049 3821 nostrorum
1072 3771 1183 3821 aetatem
1209 3783 1260 3841 ap-

225 3864 313 3934 pellate
333 3876 386 3925 eet.
434 3868 475 3925 Et
496 3876 530 3925 ut
550 3870 678 3926 omnium
700 3870 833 3927 ordinum
857 3868 967 3928 viribus
989 3870 1097 3945 aliquid
1127 3888 1163 3927 ex
1183 3872 1290 3928 novoli

226 3972 313 4045 populo
334 3974 522 4045 adiiceretur,
547 3975 674 4049 equitnm
707 3975 806 4033 decem
828 3984 938 4034 tunnas
968 3996 1006 4033 ex
1033 3976 1157 4035 Albanis
1182 3976 1261 4052 legit,

227 4073 332 4150 legiones
363 4088 393 4137 et
420 4089 533 4137 veteres
569 4081 672 4138 eodem
709 4081 911 4156 supplemento
946 4078 1073 4155 explevit
1107 4091 1145 4149 et
1169 4100 1261 4139 novae

229 4182 328 4259 mure
478 4167 484 4176 ’

293 4290 483 4348 Hac'fiducia
502 4291 608 4348 virium
634 4290 737 4347 Tullus
764 4290 881 4350 Sabinis
912 4285 1027 4349 bellum*
1041 4290 1153 4362 indicit,
1184 4289 1292 4366 gentil
