3392 5084
464 514 482 567 4
894 511 972 561 Liber
988 510 1010 560 Ι.

422 695 611 753 domesticum
626 692 743 770 publico
759 693 925 753 adiunxisse
945 694 1057 766 foedus,
1078 695 1253 756 filiuAEneae
1275 699 1305 756 in
1331 700 1486 758 matrimo-

372 795 407 849 l0
425 800 504 857 nium
531 801 608 858 datu.
659 800 705 857 Ea
732 800 832 875 utique
859 818 905 857 res
934 801 1070 857 Troianis
1101 821 1180 879 spem
1208 802 1335 862 affirmat
1365 807 1485 863 tandem

373 899 405 955 ll
425 905 522 963 stabili
533 913 669 980 certaque
683 905 750 962 sede
763 905 881 963 finiendi
892 906 1006 963 erroris.
1041 905 1187 984 Oppidum
1203 911 1345 981 condunt;
1369 913 1484 969 AEnees

424 1012 463 1069 ab
479 1010 594 1069 nomine
610 1010 709 1087 uxoris
722 1010 876 1069 Lavinium
889 1011 1026 1087 appellat.
1060 1013 1149 1071 Brevi
1162 1016 1248 1091 stirps
1264 1034 1379 1091 quoque
1393 1017 1486 1074 virilis

423 1136 461 1173 ex
481 1136 559 1175 novo
581 1116 764 1174 matrimonio
777 1116 841 1186 fuit,
863 1117 910 1174 cui
922 1119 1081 1177 Ascanium
1096 1130 1231 1196 parentes
1250 1120 1349 1177 dixere
1367 1140 1484 1183 nomen.

323 1200 347 1268 '⁹¹
505 1224 589 1281 Bello
602 1223 705 1281 deiude
715 1222 892 1298 Aborigines
910 1225 1089 1300 Troianique
1099 1226 1188 1301 petiti.
1218 1227 1334 1283 Turnus
1354 1245 1407 1284 rex
1422 1229 1484 1285 Ru·

422 1329 562 1401 tulorum,
586 1330 633 1387 cui
647 1338 734 1405 pacta
745 1329 870 1387 Lavinia
883 1340 950 1387 ante
962 1332 1116 1389 adventum
1131 1332 1236 1389 AEneae
1253 1331 1357 1399 iuerat,
1378 1333 1484 1408 praelu-

421 1443 482 1492 tum
505 1434 560 1492 sibi
577 1436 721 1492 advenam
741 1454 818 1511 aegre
838 1436 951 1511 patiens
973 1435 1057 1493 simul
1073 1438 1178 1495 AEneae
1190 1438 1353 1511 Latinoque
1375 1438 1484 1495 bellum

389 1534 406 1589 2
422 1541 568 1600 intulerat.
602 1541 717 1599 Neutra
731 1542 808 1599 acies
823 1542 890 1599 laeta
905 1561 942 1599 ex
957 1560 992 1598 eo
1007 1544 1162 1601 certamine
1177 1544 1260 1601 abiit:
1281 1544 1350 1601 victi
1364 1546 1484 1615 Rutuli3

389 1642 548 1705 3rictores
570 1646 745 1721 Aborigines
767 1647 945 1722 Troianique
957 1647 1058 1704 ducem
1079 1646 1215 1703 Latinum
1237 1648 1368 1707 amisere.
1407 1651 1482 1707 Inde

418 1753 536 1810 Turnus
543 1752 699 1828 Rutulique
707 1751 793 1809 diffisi
804 1754 890 1811 rebus
899 1754 936 1810 ud
944 1755 1077 1810 fiorentes
1085 1770 1155 1827 opes
1164 1754 1353 1812 Etruseorum
1363 1756 1483 1822 Mezen·

422 1858 553 1932 tinmque
574 1876 672 1933 regem
692 1876 790 1915 eorum
810 1842 994 1934 confugiunti
1017 1858 1066 1932 qui
1079 1857 1175 1930 Caere,
1199 1860 1335 1939 opulente
1350 1871 1413 1917 tum
1430 1881 1482 1937 op-

420 1965 505 2040 pido,
526 1964 709 2040 imperitans,
730 1965 788 2021 iarn
803 1964 871 2022 inde
882 1963 1021 2020 ab¹iuiti0
1033 1964 1150 2028 minime
1165 1964 1246 2023 laetus
1265 1983 1349 2023 novae
1369 1966 1485 2041 origine

421 2071 517 2142 urbis,
539 2081 568 2128 et
589 2070 649 2127 tuni
670 2070 760 2127 nimio
775 2070 850 2145 plus,
872 2086 960 2142 quam
982 2070 1053 2126 satis
1072 2079 1165 2128 tutum
1187 2080 1262 2129 esset
1282 2071 1399 2142 accolis
1419 2091 1481 2129 rem

420 2177 581 2235 Troianam
592 2194 720 2234 crescere
727 2185 818 2245 ratus,
829 2170 908 2232 hand
918 2176 1063 2249 gravatim
1073 2177 1153 2233 socia
1163 2196 1246 2234 arma
1252 2176 1367 2235 Rutulis
1377 2177 1482 2235 iunxit.

387 2260 533 2340 4AEneas
548 2282 687 2340 adversus
701 2282 775 2339 tanti
796 2280 865 2340 belli
880 2290 1020 2339 terrorem
1042 2288 1074 2338 ut
1090 2282 1201 2339 animos
1216 2281 1412 2357 Aboriginum
1428 2284 1483 2340 sibi

420 2387 594 2458 conciliaret,
618 2406 671 2444 nec
684 2388 738 2444 sub
754 2388 856 2446 eodem
867 2386 929 2444 iure
946 2386 1048 2457 solum,
1072 2387 1122 2443 sed
1140 2388 1226 2445 etiam
1243 2387 1358 2445 nomine
1379 2407 1481 2445 omnes

387 2486 403 2539 5
420 2501 524 2562 esseut,
545 2493 669 2549 Latinos
680 2500 833 2569 utramque
847 2501 962 2568 gentem
978 2491 1150 2567 appellavit;
1169 2512 1221 2551 nec
1250 2494 1352 2550 deinde
1369 2496 1480 2551 Abori-

419 2598 501 2673 gines
512 2598 648 2656 Troianis
661 2599 756 2656 studio
769 2618 804 2655 ac
814 2599 871 2655 fide
883 2615 953 2672 erga
963 2616 1060 2671 regem
1072 2600 1200 2656 AEneem
1215 2616 1335 2656 cessere.
1358 2601 1481 2658 Fretus-
1512 2594 1515 2609 '

417 2723 474 2779 que
495 2705 541 2761 his
562 2704 665 2761 animis
687 2702 908 2761 coalescentium
929 2702 960 2759 in
981 2703 1042 2760 dies
1062 2705 1155 2780 magis
1167 2705 1288 2761 duorum
1303 2705 1482 2779 populorum

419 2811 542 2881 AEueeq
573 2828 739 2885 quanquam
761 2818 843 2866 tantu
872 2809 974 2884 opibus
1005 2808 1125 2867 Etruria
1155 2817 1232 2879 erat,
1264 2816 1297 2865 ut
1327 2810 1386 2867 iam
1420 2831 1480 2868 non

417 2924 510 2972 terras
532 2891 635 2984 solum,
658 2916 710 2972 sed
731 2934 812 2971 mare
833 2915 920 2971 etiam
949 2934 1001 2990 per
1026 2925 1118 2973 totam
1140 2913 1232 2971 ltaliae
1259 2892 1481 2990 longitudinem,

417 3022 454 3077 ab
476 3020 602 3096 Alpibus
624 3021 662 3077 ad
688 3020 792 3077 fretum
815 3020 960 3091 Siculum,
986 3020 1066 3079 famu
1095 3020 1218 3077 nominis
1249 3020 1294 3076 sui
1320 3020 1481 3096 implesset,

417 3139 523 3197 tamen,
545 3145 634 3201 quum
652 3127 801 3184 moenibus
813 3126 920 3185 bellum
941 3128 1112 3203 propulsare
1134 3135 1241 3201 posset,
1261 3125 1292 3181 in
1313 3127 1405 3183 aciem
1430 3147 1480 3185 co·

384 3232 595 3307 dpiaseduxit.
618 3231 781 3290 Secundum
802 3232 868 3288 inde
888 3233 1028 3307 proelium
1051 3232 1174 3302 Latinis,
1194 3232 1396 3288 AEneaeetienr
1411 3230 1479 3290 ulti:
1532 3278 1533 3319 1

414 3358 494 3395 mum
508 3338 672 3418 mortalium
688 3357 807 3413 opernm
818 3337 881 3396 fnit.
905 3338 983 3397 Situs
999 3346 1051 3408 est,
1071 3354 1269 3412 quemcunque
1281 3356 1345 3393 eum
1364 3337 1422 3395 dici
1433 3340 1481 3395 ius
1532 3330 1533 3347 *

414 3442 518 3518 fasque
533 3454 585 3515 est,
605 3463 692 3520 super
708 3444 865 3502 Numicum
873 3444 1010 3514 *fluvium3
1033 3445 1134 3501 Iovem
1148 3443 1303 3518 indigetem
1318 3444 1479 3518 appellant.

318 3543 341 3611 3
498 3552 636 3608 Nondum
655 3531 796 3607 ¹maturus
827 3550 948 3625 imperio
977 3550 1122 3607 Ascanius
1151 3551 1255 3607 AEneae
1290 3548 1365 3605 filins
1398 3560 1478 3618 erat,
1532 3610 1533 3633 ἶ

414 3664 512 3713 tamen
532 3658 563 3714 id
579 3658 731 3733 imperium
755 3658 783 3713 ei
804 3656 842 3713 ad
868 3657 1006 3730 puberem
1036 3663 1149 3713 aetatem
1178 3656 1321 3712 incolume
1353 3657 1481 3724 mensim

412 3758 553 3838 tantisper
579 3765 669 3821 tutela
695 3760 827 3821 muliebri
854 3761 947 3833 (tanta
972 3761 1083 3818 indoles
1115 3762 1145 3817 in
1167 3760 1291 3817 Lavinia
1315 3758 1394 3838 erat)
1429 3780 1479 3818 res
1532 3792 1533 3799 κ

381 3866 521 3933 {Latine
543 3879 572 3928 et
593 3888 712 3945 regnum
744 3868 854 3925 avitum
883 3878 1092 3943 paternumque
1122 3887 1212 3943 puero
1242 3866 1328 3925 stetit.
1384 3867 1478 3924 Haud
1532 3844 1533 3917 l

415 3976 572 4051 ambigam,
605 3975 682 4049 (quis
704 3973 779 4030 enirn
799 3992 861 4031 rem
888 3984 947 4031 tam
975 3983 1099 4031 veterem
1123 3992 1176 4048 pro
1206 3983 1284 4031 certo
1314 3971 1476 4049 affirmati)
1532 3962 1533 3989 ³

412 4081 506 4139 hicine
538 4082 625 4139 fuerit
654 4080 799 4137 Ascanius
835 4099 873 4137 an
900 4081 992 4137 maior
1019 4098 1105 4155 quam
1140 4082 1205 4152 hio,
1235 4078 1346 4137 Creusa
1380 4090 1478 4138 matre

405 4187 466 4267 'Ilio
488 4185 623 4244 incolumi
644 4194 729 4241 natus
751 4203 905 4260 comesque
925 4186 1131 4262 indepaternae
1152 4186 1244 4262 firgus,
1268 4204 1354 4260 quem
1376 4188 1477 4244 Iulum

380 4294 629 4351 3eundem1nlia
653 4308 724 4365 gens
746 4302 891 4350 auctorem
916 4292 1039 4349 nominis
1062 4292 1106 4348 sui
1128 4304 1282 4368 nuncupet
1323 4292 1354 4349 Is
1376 4296 1475 4351 Asca·
