3392 5084
495 533 533 585 60
778 525 856 575 Liber
873 525 934 578 vn.
971 524 1018 587 (A.
1027 523 1186 587 ueste.)

453 711 550 788 egenti
577 711 631 768 sibi
662 713 698 769 de
725 711 795 769 eaelo
830 711 1028 768 devolaturam
1060 711 1089 767 iu
1129 709 1222 767 sinum
1257 708 1402 765 vietor-iem
1430 727 1481 763 een·

453 826 524 874 seat.
602 817 712 874 Eadem
756 817 859 874 deinde
894 819 954 876 haee
994 816 1116 874 interdiu
1160 815 1312 890 propalam
1361 833 1394 871 ee
1423 813 1482 870 iero·

452 923 533 980 eiore
553 923 598 980 his
629 923 754 980 laetere:
785 941 817 980 se
840 925 950 982 iniussu
965 922 1157 999 imperatoris
1179 931 1230 977 out
1250 921 1429 976 dimicaturos
1446 929 1484 974 eut

404 1027 439 1082 il
453 1027 569 1103 agmine
591 1030 714 1086 Romam
744 1030 845 1091 ituros.
898 1029 1115 1103 Immiseerique
1153 1027 1291 1084 militibus
1320 1027 1485 1086 centuriones,

452 1151 506 1190 nee
526 1134 555 1190 in
577 1133 689 1190 circulis
710 1136 798 1192 modo
818 1135 950 1204 fremere,
972 1137 1022 1192 sed
1043 1137 1102 1192 iem
1119 1134 1148 1190 in
1164 1132 1311 1208 principiis
1327 1151 1362 1188 ae
1375 1131 1486 1206 pretorio
1517 1211 1518 1214 Ἴ

452 1239 591 1296 inunum
613 1257 760 1298 sermones
782 1240 933 1310 confundi,
961 1229 1049 1315 etque
1068 1240 1097 1296 in
1120 1239 1262 1296 contionis
1285 1238 1487 1312 magnitudinem
1517 1249 1518 1284 t

453 1363 581 1403 creseere
606 1349 706 1413 turbe,
737 1356 766 1404 et
786 1346 940 1404 vociferari
967 1364 1004 1402 ex
1031 1344 1164 1401 omnibns
1191 1342 1279 1414 loeis,
1313 1353 1346 1400 ut
1367 1342 1487 1416 extemplo
1517 1357 1518 1392 1

453 1453 491 1510 od
513 1453 683 1510 dictatorem
705 1453 805 1522 iretur3
828 1454 920 1509 verbe
940 1469 993 1527 pro
1016 1451 1143 1508 exercitu
1166 1449 1276 1507 feceret
1296 1449 1367 1508 Sex.
1389 1449 1489 1513 Tullius,

358 1547 399 1618 13
453 1569 486 1616 ut
505 1559 610 1615 virtute
632 1559 693 1615 eius
714 1558 831 1632 dignum
854 1567 938 1617 esset.
995 1556 1153 1631 Septimum
1182 1557 1307 1632 primum
1336 1556 1423 1632 pilum
1446 1555 1488 1610 iau

453 1663 567 1720 Tullius
588 1653 721 1733 ducebat,
744 1682 837 1737 neque
859 1662 971 1724 eratin
993 1663 1129 1732 exercitu,
1154 1662 1202 1736 qui
1228 1661 1347 1736 quidem
1368 1659 1491 1736 pedestria

422 1765 596 1844 2stipendia
618 1769 746 1839 fecisset,
776 1770 822 1826 vir
852 1768 937 1826 saetis
958 1769 1090 1826 nobilior.
1142 1768 1173 1825 Is
1202 1769 1371 1842 praeeedens
1392 1766 1490 1823 militum
1517 1813 1518 1816 ,

454 1893 558 1949 agmen
591 1874 627 1931 ed
654 1875 779 1931 tribunal
809 1859 918 1950 pergit,
951 1874 1124 1947 mirantique
1149 1873 1277 1948 Sulpicio
1308 1893 1370 1931 non
1399 1873 1490 1930 turben
1517 1889 1518 1898 ¹

454 1980 547 2054 magis
570 1999 655 2054 quam
670 1983 762 2038 turbae
775 1981 934 2056 principem
945 1981 1083 2050 Tullium,
1104 1979 1232 2055 imperiis
1247 1980 1491 2037 obedientissimum
1517 1997 1518 2004 ¹

424 2081 582 2154 3militem,
606 2085 657 2153 „Si
678 2085 753 2155 lieet,
774 2086 916 2143 dictator“
940 2087 1040 2161 inquit,
1058 2086 1299 2155 „condemnatum
1316 2105 1351 2144 se
1366 2086 1492 2142 universus

454 2191 596 2248 exereitus
618 2210 637 2248 e
658 2203 687 2248 te
708 2193 830 2268 ignoviae
852 2204 942 2262 retus,
964 2202 992 2249 ot
1013 2211 1105 2269 prope
1125 2191 1290 2266 ignominiae
1312 2211 1404 2250 conse
1424 2189 1493 2246 desti·

453 2306 545 2354 tutum
568 2298 630 2354 sine
650 2298 748 2368 armis,
770 2299 865 2355 oravit
886 2320 940 2371 me,
964 2309 996 2356 ut
1010 2317 1091 2355 suam
1114 2315 1232 2355 oausam
1249 2299 1329 2372 apud
1347 2307 1377 2355 te
1391 2313 1494 2372 egerem.
1517 2325 1518 2344 2

424 2404 612 2478 4Equidem,
644 2405 735 2461 sicubi
756 2405 821 2462 loeo
843 2423 969 2476 cessum,
996 2403 1020 2460 si
1049 2412 1132 2478 tergo
1159 2404 1229 2459 deta
1249 2403 1345 2472 hosti,
1381 2402 1405 2460 si
1430 2401 1495 2474 signe

453 2508 530 2566 foede
551 2510 658 2565 emissa
680 2510 764 2566 obiiei
788 2510 871 2566 uobis
893 2517 1024 2585 possent,
1056 2517 1152 2566 temen
1182 2509 1238 2565 hoe
1266 2527 1285 2564 s
1312 2517 1343 2564 te
1366 2501 1493 2583 impetrari
1517 2525 1518 2556 1

454 2634 566 2689 aequum
592 2633 752 2683 censerem,
788 2626 819 2673 ut
849 2633 904 2671 uos
931 2615 1036 2672 virtute
1066 2614 1179 2690 eulpam
1208 2625 1339 2671 nostram
1370 2615 1493 2686 corrigere
1517 2632 1518 2660 1

423 2724 483 2777 5et
504 2722 619 2778 abolere
633 2721 733 2795 flagitii
755 2722 924 2778 memorium
944 2739 1022 2776 nova
1042 2721 1135 2795 gloria
1157 2721 1309 2796 patereris.
1356 2713 1447 2779 Etiaui
1466 2715 1492 2772 ed
1517 2747 1518 2768 1

453 2828 552 2885 Aliam
573 2826 645 2883 iusae
670 2827 797 2901 legiones
827 2827 965 2894 eandem,
997 2845 1082 2900 quam
1105 2845 1158 2901 per
1178 2845 1318 2902 pavorem
1346 2825 1492 2883 amiserant
1517 2839 1518 2874 t

452 2933 576 3009 patriam
628 2931 764 3006 proleetae
808 2942 911 3007 postea
954 2949 972 2986 a
1020 2930 1102 2988 Veiis
1142 2932 1249 2988 virtute
1293 2915 1518 3008 recuperavere

452 3037 547 3094 Nobis
570 3037 653 3094 deum
676 3039 867 3113 benignitate,
896 3036 1033 3094 felicitate
1061 3045 1112 3093 tus
1132 3038 1291 3113 populique
1314 3037 1450 3104 Romani,
1473 3045 1492 3088 et

423 3145 499 3202 tres
527 3153 556 3200 et
583 3144 677 3219 gloria
711 3154 755 3200 est
781 3144 912 3218 integre3
955 3159 1121 3216 quanquam
1152 3146 1187 3201 de
1221 3145 1317 3220 glorie
1339 3146 1392 3203 vix
1418 3144 1491 3200 dicere

453 3251 562 3320 ausim,
600 3252 625 3307 si
656 3269 709 3308 nos
741 3255 768 3307 et
795 3251 892 3307 hostes
916 3249 993 3305 haud
1020 3267 1103 3308 seous
1131 3269 1218 3324 quem
1248 3248 1376 3309 feminas
1397 3251 1491 3308 abditos

451 3357 528 3413 intra
555 3357 663 3413 vallum
691 3357 823 3413 omnibus
853 3355 1031 3412 contumeliis
1063 3356 1194 3426 eludunt,
1234 3364 1263 3412 et
1293 3366 1323 3413 tu
1354 3358 1492 3432 imperator

452 3471 564 3530 noster,
597 3463 674 3537 quod
704 3463 807 3538 aegrius
835 3461 976 3536 patimur,
1014 3462 1169 3518 exereitum
1202 3473 1283 3518 tuum
1315 3463 1378 3520 sine
1399 3458 1491 3518 eminis

452 3567 513 3624 sine
535 3569 632 3637 armis,
660 3567 721 3623 sine
742 3568 875 3624 manibus
897 3567 1007 3624 iudicas
1030 3585 1093 3624 mse
1120 3577 1157 3631 et,
1180 3568 1351 3642 priusquam
1376 3573 1490 3642 expertus

451 3691 506 3729 nos
528 3691 620 3741 esses,
651 3673 687 3728 de
708 3673 791 3729 nobis
812 3674 854 3730 ite
877 3674 1053 3748 desperasti,
1082 3683 1114 3728 ut
1132 3683 1161 3730 te
1182 3692 1351 3730 mancorum
1375 3691 1409 3729 oc
1428 3667 1490 3726 debi-

423 3778 521 3834 llium
543 3777 643 3834 ducem
665 3778 807 3836 indiceres
831 3789 910 3836 esso.¹
947 3779 1023 3851 Quid
1045 3779 1119 3835 enim
1144 3779 1222 3836 aliud
1246 3797 1310 3836 esse
1333 3797 1425 3836 eausae
1444 3793 1489 3831 ere·

452 3885 562 3953 demus,
584 3903 635 3942 eur
657 3894 810 3943 veteranus
831 3886 900 3955 dux,
922 3884 1095 3941 fortissimus
1118 3885 1202 3952 bello,
1225 3886 1408 3961 compressis,
1428 3877 1489 3956 quod

452 3991 546 4060 aiunt,
577 3991 711 4049 menibus
732 3992 854 4050 sedeas?
897 3991 1052 4064 Utcunque
1074 3991 1147 4046 enim
1172 3991 1314 4046 sehabet
1337 4009 1392 4060 res,
1421 3999 1446 4044 te
1463 3984 1489 4038 dt

451 4106 553 4153 nostre
579 4097 685 4154 virtute
713 4097 860 4155 dubitasse
889 4096 982 4154 videri
1009 4115 1097 4170 quem
1125 4113 1178 4152 nos
1206 4097 1243 4154 de
1263 4107 1316 4154 tue
1336 4097 1428 4154 verius
1447 4101 1486 4147 est.

422 4197 503 4260 asin
525 4213 620 4258 autem
642 4221 699 4259 non
728 4212 807 4259 tuum
838 4203 928 4272 istue,
961 4202 1011 4259 sed
1038 4202 1184 4276 publicum
1214 4211 1258 4260 est
1285 4202 1444 4262 eonsilium,
1468 4201 1487 4249 et

452 4324 608 4364 consensus
637 4307 725 4382 aliqui
753 4317 883 4382 petrum,
914 4327 973 4364 non
995 4307 1140 4366 Gallicum
1169 4309 1273 4366 bellum
1295 4327 1348 4365 nos
1367 4309 1404 4363 ab
1424 4303 1486 4366 urbes
