3392 5084
448 529 487 584 92
714 523 792 574 Liber
808 521 844 575 Il.
881 520 931 587 (Δ.
942 522 1164 584 maluo-261.)

283 785 287 792 Ι
407 727 496 784 quam
516 726 571 784 per
591 706 761 765 dictatorem
784 706 912 765 delectus
937 707 1054 764 habitus
1075 714 1166 777 emet,
1192 713 1308 775 temen,
1336 706 1474 781 quoniam

354 809 360 816 ’
406 816 437 873 in
462 812 613 872 eoneolum
639 813 731 870 verba
768 811 908 881 iurasset,
941 817 1125 868 saerameuto
1148 810 1239 868 teneri
1267 811 1385 870 militem
1410 811 1475 880 rati,

406 939 461 997 per
483 937 602 977 eausam
625 917 759 974 renovati
780 918 819 974 ab
841 915 951 992 AEquie
979 915 1047 974 belli
1074 915 1159 973 educi
1188 933 1225 972 ex
1253 918 1325 975 urbe
1345 916 1476 992 legiones

377 1027 527 1086 diomero.
572 1023 640 1098 Quo
661 1021 741 1080 farto
763 1030 911 1080 maturata
932 1029 976 1078 eet
996 1019 1111 1078 seditio.
1154 1020 1195 1078 Et
1215 1021 1311 1096 primo
1334 1021 1475 1096 agitatum

408 1131 513 1189 dieitur
534 1130 571 1187 de
592 1128 742 1186 consulum
766 1127 855 1195 emde,
880 1134 912 1182 ul
933 1125 1116 1182 solverentur
1137 1134 1338 1195 sacramento3
1372 1126 1476 1183 doctos

409 1236 522 1307 deiude,
544 1233 655 1292 nullam
677 1230 786 1289 eoelere
806 1229 976 1305 religionem
992 1229 1117 1301 exsolvi,
1139 1231 1248 1290 Sicinio
1264 1231 1390 1304 quodam
1408 1247 1476 1286 aue·

409 1354 472 1400 tore
498 1340 609 1398 iniussu
636 1336 788 1395 eoueulum
808 1337 839 1392 in
861 1353 977 1393 eaerum
1008 1343 1134 1393 montem
1156 1336 1319 1394 eeoessieee.
1367 1336 1476 1407 (Trans

378 1446 552 1506 unitionem
576 1459 691 1500 amnem
714 1449 778 1512 eet,
808 1440 866 1498 tria
887 1441 925 1498 ab
946 1441 1019 1498 urbe
1040 1439 1131 1497 millia
1151 1458 1302 1516 peesuum.
1350 1441 1395 1498 Ea
1418 1439 1476 1496 fre-

410 1550 544 1626 quentior
563 1547 646 1604 fama
668 1555 712 1602 eet
732 1557 830 1620 qoam,
853 1545 935 1604 euius
956 1545 1026 1602 Pieo
1048 1554 1224 1616 auctorest,
1246 1546 1276 1604 in
1298 1545 1475 1604 Aventinum

379 1654 601 1714 deeeeeeionem
622 1649 732 1710 laetum
757 1654 846 1720 eme.)
894 1649 943 1707 lbi
968 1650 1031 1708 eine
1060 1650 1120 1707 ullo
1142 1650 1215 1710 duee
1235 1651 1317 1708 vallo
1338 1650 1477 1723 fossaque

411 1755 719 1826 communitieeaetrie,
741 1755 840 1830 quieti,
862 1773 923 1812 rem
946 1755 1054 1812 nullam
1074 1756 1131 1812 niei
1151 1756 1345 1814 neeessariam
1367 1757 1407 1813 ed
1418 1756 1476 1812 vie-

411 1872 472 1920 tum
493 1860 644 1924 sumendo.
665 1878 720 1935 per
741 1859 854 1933 aliquot
874 1860 936 1918 dies
950 1877 1045 1934 neque
1058 1859 1185 1918 laoeeeiti
1198 1879 1294 1937 neque
1303 1861 1477 1920 lacessentes

380 1966 475 2024 deese
495 1975 622 2026 tenuere.
665 1966 767 2022 Pavor
787 1964 890 2039 ingens
912 1966 942 2024 in
965 1967 1047 2036 urbe,
1069 1973 1206 2040 metuque
1220 1978 1322 2026 mutuo
1337 1983 1477 2042 suspense

411 2079 496 2128 erant
509 2069 615 2130 omnia.
662 2070 780 2128 Timere
794 2070 896 2128 relicta
911 2072 948 2128 ab
970 2071 1030 2128 euie
1044 2070 1144 2145 plebes
1158 2071 1327 2131 violentiam
1346 2081 1476 2147 petrum3
1524 2145 1525 2156 ἵ

410 2176 512 2233 timere
537 2184 637 2250 patrer
667 2176 790 2234 residem
812 2176 843 2232 in
865 2176 937 2232 urbe
964 2174 1093 2249 plebem,
1128 2176 1243 2248 incerti,
1272 2195 1391 2234 manere
1413 2195 1476 2236 eam
1524 2205 1525 2228 t

380 2282 450 2338 dan
471 2281 552 2340 abire
573 2281 701 2339 mallent.
749 2281 897 2354 Quamdiu
929 2287 1025 2337 autem
1043 2282 1261 2357 tranquillam,
1291 2302 1356 2357 quae
1383 2300 1476 2340 seces·
1524 2254 1525 2296 ³

410 2387 495 2458 serit,
517 2386 727 2445 multitudinem
749 2384 833 2443 fore?
862 2385 931 2458 quid
952 2383 1081 2443 futurum
1102 2386 1215 2458 deinde,
1237 2388 1261 2444 ei
1283 2389 1363 2463 quod
1383 2397 1475 2446 exter·

382 2496 397 2547 7
410 2511 479 2550 num
490 2492 606 2548 interim
619 2490 726 2548 bellum
738 2489 880 2548 exsistat?
891 2490 921 2548 N
923 2490 1011 2546 ullam
1021 2490 1153 2565 profecto
1163 2491 1219 2549 nisi
1229 2492 1259 2548 in
1271 2493 1429 2551 eoncordia
1441 2493 1477 2550 oi·

410 2599 490 2655 vium
511 2615 593 2673 epem
615 2595 759 2670 reliquam
780 2595 900 2666 dueere;
922 2614 987 2653 eam
1009 2615 1062 2671 per
1083 2615 1176 2671 aequa,
1191 2615 1244 2671 per
1262 2599 1365 2673 iniqua
1379 2617 1476 2656 recon-

380 2701 566 2759 Seiliandam
589 2700 700 2758 civitati
722 2718 796 2757 esee.
826 2701 944 2759 Placuit
957 2701 1046 2776 igitur
1060 2713 1207 2760 oratorem
1223 2704 1262 2760 ad
1275 2701 1390 2777 plebem
1405 2700 1476 2759 mitti

411 2805 577 2863 Menenium
602 2805 776 2881 Agrippam,
800 2805 957 2864 facundum
980 2806 1074 2864 virum
1097 2817 1134 2877 et,
1157 2808 1236 2882 quod
1256 2808 1324 2865 inde
1339 2807 1476 2864 oriundus

411 2921 483 2982 eret,
504 2910 583 2985 plebi
604 2929 714 2970 oerum.
758 2912 798 2983 Ie,
813 2912 996 2970 intromissus
1011 2913 1040 2978 in
1055 2921 1161 2982 eastra,
1181 2913 1277 2988 priseo
1298 2913 1350 2970 illo
1367 2910 1475 2970 dicendi

380 3019 440 3074 9et
460 3016 579 3074 horrido
601 3017 689 3074 modo
711 3017 784 3075 mltil
804 3016 882 3073 alind
906 3033 994 3090 quam
1016 3019 1072 3076 hoe
1094 3035 1229 3074 narrasse
1249 3017 1358 3076 fertur:
1391 3020 1475 3076 Tem-

411 3141 493 3198 pore,
515 3140 574 3197 quo
595 3123 626 3180 in
646 3122 763 3179 homine
784 3141 858 3191 non,
881 3131 914 3180 ut
933 3140 1019 3192 nune,
1041 3122 1141 3180 omnia
1168 3123 1197 3180 iu
1223 3142 1312 3181 unum
1335 3117 1475 3182 eonsenti-
1523 3117 1524 3192 ἶ

411 3229 498 3299 entia,
521 3229 572 3286 eed
594 3227 715 3303 singulis
734 3227 872 3284 membris
889 3245 973 3284 suum
989 3226 1093 3302 cuique
1108 3228 1269 3299 eonsilium,
1291 3246 1361 3286 suus
1383 3247 1474 3287 sermo
1523 3205 1524 3277 l

410 3333 507 3404 fuerit,
527 3331 694 3407 indignatae
713 3333 842 3408 reliquae
864 3341 972 3407 parles,
995 3349 1048 3390 sua
1069 3351 1149 3404 cura,
1171 3352 1224 3392 suo
1246 3334 1348 3391 labore
1370 3353 1405 3390 ao
1426 3334 1474 3390 mi·

411 3438 529 3494 nisterio
551 3439 646 3496 ventri
675 3438 774 3495 omnia
799 3438 906 3512 quaeri,
934 3446 1065 3494 ventrem
1086 3438 1115 3494 in
1137 3439 1234 3498 medio
1256 3438 1385 3512 quietum
1410 3438 1475 3497 nihil

361 3548 397 3602 10
412 3543 490 3599 aliud
511 3560 599 3617 quam
619 3543 695 3602 datie
706 3543 905 3618 voluptatibus
927 3541 999 3611 frui3
1021 3543 1204 3618 conspirasse
1218 3543 1295 3613 inde,
1317 3563 1355 3601 ne
1377 3561 1475 3602 manue

412 3649 450 3705 ed
471 3666 505 3706 oe
524 3647 620 3704 eibum
641 3648 766 3719 ferrent,
788 3665 841 3704 nee
863 3665 897 3704 oe
916 3648 1060 3723 occiperet
1081 3649 1190 3719 datum,
1212 3666 1264 3706 nee
1286 3649 1388 3708 dentes
1410 3651 1475 3708 oon*-

410 3755 537 3813 tieerent.
583 3754 651 3810 Hae
671 3752 741 3818 ira„
764 3753 834 3808 dum
858 3763 988 3810 ventrem
1011 3752 1090 3811 fame
1112 3753 1232 3810 domare
1253 3753 1381 3827 vellent,
1414 3756 1475 3830 ipse

411 3878 470 3915 una
498 3860 631 3916 membra
658 3866 809 3931 totumque
838 3875 944 3934 eorpus
973 3859 1011 3916 ad
1039 3869 1200 3916 extremam
1229 3859 1328 3916 tabem
1355 3859 1474 3916 venisse.

363 3963 486 4021 illude
506 3962 687 4038 apparuisse,
709 3963 819 4020 ventris
840 3981 959 4037 quoque
980 3962 1059 4021 haud
1081 3980 1171 4038 segne
1191 3963 1382 4022 ministerium
1405 3979 1475 4031 esee,

410 4088 464 4126 nee
486 4068 579 4143 magis
600 4067 640 4124 ali
661 4086 749 4141 quam
773 4068 851 4125 alere
873 4086 956 4138 eum,
978 4067 1146 4125 reddentem
1168 4068 1198 4125 in
1224 4086 1325 4126 omnes
1347 4069 1473 4144 eorporis

409 4184 508 4250 partes
529 4175 615 4242 hune,
638 4190 697 4247 quo
719 4171 845 4233 vivimus
867 4172 1072 4248 vigemusque,
1095 4173 1219 4232 divisum
1244 4173 1356 4248 pariter
1377 4174 1407 4231 in
1427 4191 1473 4228 ve·

361 4282 472 4350 linae,
494 4287 639 4338 metamur
669 4277 800 4336 eonfeeto
822 4278 905 4349 eibo,
936 4278 1115 4354 sanguinem.
1165 4277 1374 4353 Comperendo
1402 4280 1473 4348 hino,
