3392 5084
532 525 611 574 nien
629 524 662 574 V.
711 525 756 590 (a.
771 523 818 575 cn.
833 528 907 590 soe.)
1146 532 1206 588 257

197 705 344 778 eruptiones
368 725 470 778 versa,
495 707 558 764 eliis
578 707 659 766 frons
681 709 711 766 in
734 709 884 768 Etruriam
905 718 1042 785 spectans
1063 712 1195 783 auxiliis,
1225 713 1250 770 si

198 829 245 882 qne
262 809 335 868 forte
356 812 427 870 inde
447 813 586 885 venirent,
607 811 819 872 obstruebatur.

264 914 359 988 Quum
396 937 463 994 spes
493 918 587 976 maior
615 917 839 993 imperatoribus
865 918 1007 975 Romanis
1036 920 1067 976 in
1099 921 1250 978 obsidione
1323 915 1346 983 2

196 1037 267 1091 quen
287 1020 316 1076 in
332 1026 554 1100 oppugnatione
570 1031 654 1090 esset,
666 1021 865 1094 ,hibernacula
886 1022 983 1094 etiam,
1004 1020 1145 1080 res'nova
1166 1023 1251 1080 militi

196 1122 326 1194 Romano,
357 1123 498 1182 redificori
527 1132 636 1199 empta,
665 1126 875 1200 consiliumque
897 1135 961 1184 arat
980 1127 1137 1184 hiemando
1160 1128 1251 1184 eonti-

196 1245 269 1284 nuere
290 1229 412 1289 bellum.
455 1227 549 1300 'Quod
569 1239 725 1304 postquem
749 1230 873 1288 tribunis
893 1231 1001 1305 plebis,
1030 1231 1089 1288 iam
1111 1231 1161 1289 diu
1187 1231 1280 1292 nul-2

195 1328 241 1388 lem
264 1333 396 1392 novandi
423 1353 471 1392 res
500 1353 619 1392 causam
646 1335 873 1407 invenientibus,
900 1336 1026 1393 Romam
1054 1345 1098 1394 ost
1118 1335 1248 1406 allatum,

196 1433 216 1488 in
241 1437 404 1496 contionem
422 1443 606 1516 -prosiliunt,
635 1439 792 1498 sollicitant
819 1440 913 1515 plebis
934 1440 1061 1510 animm,
1090 1441 1147 1498 boe
1178 1440 1278 1502 illuct

197 1555 245 1596 esse
269 1541 454 1617 dictitantes,
486 1548 565 1622 quod
595 1563 655 1604 sera
684 1544 821 1606 militibus
849 1545 907 1604 siut
935 1546 1106 1614 constituta3
1135 1563 1188 1602 uec
1216 1563 1248 1602 se

195 1640 321 1718 fefellisse,
344 1649 378 1706 id
401 1653 509 1712 donum
531 1653 712 1712 inimicorum
734 1667 846 1708 veneno
873 1649 976 1708 illitum
1003 1649 1078 1710 fore.
1124 1650 1279 1712 Venisset

196 1744 336 1810 libertatem
367 1755 464 1830 plebis
471 1775 479 1827 ;
514 1765 656 1816 remotam
691 1755 721 1813 in
753 1764 924 1830 perpetuum
955 1762 983 1811 et
1015 1755 1180 1830 ablegatam
1210 1756 1249 1813 ab

195 1853 250 1910 nrbe
270 1866 298 1914 et
318 1861 359 1915 ab
383 1861 553 1937 republica
575 1864 752 1920 inventutem
780 1859 839 1918 iem
860 1877 899 1917 ne
931 1859 1019 1919 hiemi
1049 1861 1166 1935 quidem
1198 1871 1249 1918 ant

197 1963 299 2034 tempori
325 1965 399 2021 anni
427 1965 529 2024 cedere
560 1984 595 2024 sc
616 1965 719 2024 domos
745 1983 780 2024 ac
810 1982 857 2022 res
878 1963 1004 2022 invisere
1024 1981 1103 2022 snas.
1151 1965 1279 2037 Quemf,

195 2073 309 2134 putarent
343 2069 523 2128 continuate
556 2071 663 2130 mffinae
694 2088 814 2128 eausam
845 2067 928 2126 esse?
961 2068 1083 2126 Nullam
1114 2068 1247 2144 prolecto

196 2167 264 2226 elan
292 2173 482 2250 inventuros,
516 2195 603 2250 quam
636 2195 673 2234 ne
701 2175 771 2249 quid
798 2192 852 2248 per
884 2172 1076 2247 frequentiam
1109 2174 1246 2230 iuvenum

196 2289 285 2347 corum,
305 2278 335 2336 in
360 2279 468 2353 quibus
490 2281 566 2339 vires
588 2299 689 2339 omnes
710 2279 803 2355 plebis
826 2289 936 2350 assent,
958 2279 1007 2354 egi
1027 2277 1065 2334 de
1085 2278 1245 2334 commodis

197 2393 276 2436 torum
296 2393 411 2458 posset.
455 2365 568 2444 Vexari
589 2395 731 2462 praeterea
752 2393 781 2442 et
802 2383 898 2458 subigi
927 2383 1017 2441 multo
1039 2384 1134 2441 eerius
1156 2395 1276 2457 quamss

198 2477 327 2557 Veientem
354 2490 464 2566 quippe
485 2491 550 2550 illos
571 2493 696 2550 hiemem
725 2491 779 2548 sub
805 2489 888 2546 tectis
908 2489 968 2546 suis
989 2507 1092 2564 egere,
1121 2489 1245 2564 egregiis

197 2587 266 2646 nnis
286 2591 404 2668 situque
433 2598 559 2656 naturali
588 2599 690 2656 urbem
719 2604 862 2663 tutantes,
890 2594 1008 2655 militam
1029 2595 1196 2652 Romanum
1216 2594 1275 2660 int

198 2705 266 2762 0perc
293 2715 328 2754 ao
359 2697 479 2768 labore,
510 2699 626 2758 nivibus
655 2702 823 2778 pruinisque
854 2700 1005 2768 obrutum,
1036 2699 1092 2755 sub
1123 2698 1247 2774 pellibus

197 2791 291 2870 durare,
311 2821 349 2860 na
372 2802 476 2860 hiemis
500 2804 617 2877 quidem
639 2807 744 2882 spatio,
767 2823 831 2880 quae
853 2804 981 2861 omnium
1004 2803 1147 2862 bellorum
1169 2813 1248 2860 terra
1312 2809 1329 2839 ⁴

198 2902 308 2977 nanque
328 2907 368 2966 sit
393 2908 490 2982 quies,
520 2927 603 2966 arma
627 2910 830 2986 deponentem.
879 2909 947 2966 Hoc
967 2925 1062 2982 neque
1082 2927 1168 2984 reges
1194 2920 1277 2975 ne-8

198 3017 240 3073 lue
257 3017 320 3067 ente
350 3012 536 3070 tribuniciam
558 3023 732 3089 potestatem
763 3024 892 3074 creatam
919 3014 1061 3089 superbos
1082 3013 1149 3070 illos
1178 3032 1246 3069 con-

199 3094 258 3166 sules
282 3131 377 3190 neque
406 3117 489 3176 triste
517 3119 668 3178 dictatoris
691 3120 844 3196 imperium
874 3137 969 3192 neque
990 3117 1172 3194 importunos
1197 3118 1246 3174 de·

199 3216 317 3276 cemviros
341 3222 503 3282 iniunxisse
531 3225 693 3295 servitutis,
722 3236 753 3284 nt
773 3242 930 3301 perennem
954 3223 1088 3280 militiam
1108 3221 1246 3281 fecerent
1332 3223 1344 3246 ¹

199 3314 266 3386 Quod
292 3327 401 3384 tribuni
432 3328 553 3386 rnilitum
584 3329 614 3385 iu
642 3330 727 3406 plebe
748 3331 887 3390 Romana
907 3345 1029 3402 regnum
1058 3326 1246 3384 exercerent?

199 3419 321 3491 Quidnam
343 3432 388 3488 illi
410 3433 542 3490 consules
564 3434 758 3494 dictatoresve
780 3434 885 3494 lecturi
908 3442 1017 3503 essent,
1049 3433 1098 3506 qui
1119 3443 1276 3508 procori-9

201 3527 301 3590 tulerem
334 3536 494 3612 imaginem
526 3547 587 3596 tam
615 3557 723 3596 saevam
745 3543 789 3596 'ec
816 3549 926 3598 trucem
955 3525 1097 3594 fecerint?
1128 3538 1188 3596 Sed
1217 3538 1247 3594 id
1327 3536 1334 3548 ⁸

202 3633 308 3696 accidere
324 3643 405 3700 heud
420 3643 574 3706 immerito.
611 3643 681 3700 Non
695 3642 786 3702 fuisse
800 3663 837 3701 ne
851 3644 882 3700 in
904 3654 970 3701 octo
992 3644 1108 3717 quidem
1123 3643 1246 3702 tribunis

202 3735 299 3801 miltun
313 3746 342 3802 lo
359 3765 425 3806 enm
449 3748 499 3806 ulli
519 3750 643 3824 plebeio.
686 3752 786 3808 Antea
805 3750 883 3806 trina
895 3749 961 3806 loca
982 3767 1048 3804 cum
1063 3749 1246 3805 contentione
1263 3759 1297 3812 10

203 3855 292 3905 intuma
320 3852 460 3927 patricios
483 3854 601 3930 explere
625 3856 741 3924 solitos3
775 3872 852 3912 nunc
879 3854 939 3911 iam
961 3852 1110 3926 octoiuges
1133 3854 1170 3909 ad
1191 3853 1245 3908 im·

202 3948 265 4016 lena
284 3956 517 4028 obtinendaire,
543 3970 572 4014 et
599 3960 686 4017 nain
714 3960 801 4016 turba
825 3959 940 4031 quidem
969 3959 1080 4014 haerare
1101 3957 1245 4032 plebeium

204 4066 370 4132 luemquem,
396 4062 460 4146 qui,
483 4062 508 4120 si
530 4063 601 4120 nihil
622 4063 711 4132 eliud,
733 4061 890 4125 admonent
909 4064 1052 4138 collegas,
1078 4061 1185 4118 liberos
1217 4074 1246 4118 et
1262 4073 1293 4125 11

204 4155 263 4216 eines
281 4181 387 4235 eorum,
409 4185 468 4224 non
490 4185 590 4224 servos
606 4167 740 4237 militare,
760 4185 834 4242 qnos
855 4167 952 4226 hieme
965 4167 1069 4223 saltem
1090 4166 1121 4223 in
1142 4167 1296 4230 domos12

206 4277 230 4314 ⁸⁰
253 4275 319 4326 tecte
349 4271 450 4328 reduci
483 4281 620 4346 oporteat
655 4283 683 4328 et
717 4271 818 4345 aliquo
848 4280 980 4346 tempore
1013 4272 1083 4329 enni
1109 4282 1245 4347 parentes

228 4372 277 4412 lietu
290 4391 311 4417 ex
325 4393 361 4420 m·
377 4379 478 4426 tltdvlcll.
1013 4381 1042 4425 17
