3392 5084
483 509 543 567 2⁷8
794 506 873 557 Liber
886 505 920 557 V.
946 504 1034 571 (nu.
1046 507 1153 571 esse.)

439 691 498 749 iem
521 691 559 747 nb
580 691 707 749 exmnnis
729 690 855 749 nonnulis
875 689 1027 765 proditos,
1054 690 1115 749 ium
1134 692 1166 749 in
1186 701 1301 767 perlem
1322 693 1425 768 prede
1441 710 1485 749 ns

439 804 562 853 venetos
583 796 664 871 deos,
687 796 761 855 ulios
781 795 859 853 votis
879 812 919 851 ex
939 795 1012 852 urbe
1032 812 1088 851 sun
1109 805 1248 855 evooutos
1261 797 1486 872 hostinmtenpls

440 916 591 974 novosque
621 902 705 959 sedes
733 910 881 977 speotere,
910 918 1000 974 seque
1031 899 1165 958 ultimum
1193 902 1274 960 illum
1306 903 1383 960 diem
1410 921 1485 977 egere,

410 1004 512 1062 bnibil
532 1006 626 1063 minue
648 1006 781 1065 timentes
802 1024 901 1081 quern,
926 1005 1055 1063 snbmtis
1075 1007 1209 1065 ennienlo
1229 1007 1386 1078 moenibus,
1411 1026 1486 1064 moen

439 1110 498 1167 inm
519 1110 635 1185 plenem
663 1110 790 1168 hostium
819 1128 898 1181 esse,
925 1111 956 1167 in
983 1129 1083 1168 muros
1109 1129 1165 1187 pro
1186 1130 1219 1170 se
1251 1114 1378 1188 quisque
1404 1112 1487 1168 mnsti

411 1216 621 1288 idisourrnnt,
643 1216 796 1281 mirantes,
818 1216 957 1290 quidnam
977 1216 1009 1273 id
1030 1224 1120 1286 esset,
1150 1216 1243 1290 quod,
1274 1234 1369 1291 qnnm
1393 1224 1433 1273 tot
1448 1235 1487 1290 per

440 1320 501 1377 dies
529 1339 615 1379 nemo
642 1341 675 1381 se
702 1323 740 1379 eb
770 1322 945 1379 stationibus
970 1322 1124 1379 Romanus
1150 1322 1306 1393 movisset,
1344 1330 1403 1379 tnm
1427 1311 1510 1376 veluti

409 1422 590 1501 drepentino
611 1426 662 1485 ioli
682 1425 782 1485 furore
801 1426 960 1502 improvidi
981 1432 1128 1485 eurrerent
1151 1424 1189 1484 ed
1213 1444 1326 1485 muros.
1371 1426 1488 1483 Insentnr

439 1532 507 1589 buio
526 1532 593 1589 loeo
614 1530 727 1601 subulo,
749 1531 920 1589 immolante
938 1550 1008 1607 rege
1022 1530 1190 1589 Veientium
1210 1549 1317 1589 vooem
1340 1530 1487 1605 horuspin't
1508 1585 1509 1588 ,

440 1630 576 1707 dioentis,
600 1636 650 1709 qni
671 1636 732 1693 eius
754 1635 859 1693 hoetiae
879 1645 949 1694 exte
973 1636 1183 1712 prosecuisset,
1210 1636 1238 1693 ei
1258 1636 1414 1694 victoriam
1433 1635 1486 1702 dni,

439 1740 607 1797 exenditem
628 1740 659 1797 in
680 1740 812 1797 cuniculo
834 1743 961 1799 movisse
983 1743 1134 1799 Romunos
1158 1741 1277 1811 milites,
1309 1751 1345 1799 ut
1371 1741 1486 1816 adaperto
1509 1719 1511 1801 l

407 1844 570 1903 tenuiculo
593 1856 662 1904 exte
682 1855 821 1923 raperent
842 1854 871 1903 et
885 1847 925 1904 nd
945 1846 1118 1904 dictatorem
1133 1846 1251 1905 ferrent.
1287 1846 1354 1907 Sed
1374 1847 1404 1903 in
1420 1846 1487 1901 rebus

438 1960 499 2009 tum
521 1953 657 2026 antiquis,
681 1953 715 2024 si,
738 1970 803 2026 qum
823 1949 931 2007 similis
950 1951 1028 2008 veris
1049 1950 1117 2020 sint,
1138 1971 1193 2027 pro
1214 1953 1293 2010 veris
1320 1951 1487 2027 accipientur,
1509 1935 1510 1998 l

438 2056 510 2114 setis
538 2058 678 2128 hebesm;
706 2059 769 2115 haeo
797 2057 837 2115 sd
866 2056 1089 2114 ostentationem
1116 2073 1211 2115 soene
1237 2057 1396 2131 gaudentis
1420 2057 1487 2113 ιιιὶιι·

438 2161 510 2221 oulis
533 2162 648 2239 uptioru
671 2181 759 2237 quem
780 2163 820 2233 ed
847 2161 935 2218 fi'dem
963 2179 1059 2235 neque
1089 2159 1239 2219 offirmare
1259 2181 1361 2237 neque
1379 2160 1488 2219 refellere

373 2268 425 2351 Ι10
438 2286 534 2345 operse
560 2268 683 2345 pretinm
714 2276 766 2325 est.
815 2265 974 2325 Cuniculns
1000 2264 1120 2323 delectis
1146 2266 1287 2324 militibus
1313 2286 1352 2325 eo
1380 2276 1488 2339 tempore

438 2374 540 2449 plenus
560 2374 591 2431 in
612 2373 675 2431 sede
696 2372 833 2459 Iunonis,
855 2390 921 2454 qpae
941 2371 972 2428 in
993 2370 1158 2428 Veientano
1179 2390 1247 2429 eree
1270 2380 1354 2442 erut,
1380 2378 1487 2429 mmetm
1510 2367 1511 2406 l

437 2461 562 2556 repente
578 2478 676 2549 edidit,
698 2488 727 2537 et
748 2497 818 2554 pers
840 2485 961 2535 eversos
981 2476 1013 2534 in
1032 2474 1124 2533 muris
1144 2475 1287 2534 invadunt
1307 2477 1418 2545 hostes,
1435 2490 1486 2550 pen
1511 2533 1513 2544 ,

437 2583 565 2641 olenstru
585 2590 736 2659 portarum
760 2581 920 2649 revellunt,
942 2598 1021 2656 pers,
1044 2600 1133 2656 quum
1154 2581 1288 2639 extentis
1303 2581 1486 2657 sexstegnlo
1511 2546 1513 2620 l

388 2688 495 2763 itque
513 2708 532 2746 e
547 2688 713 2746 mulieribus
728 2705 764 2745 eo
777 2686 904 2745 servit-iis
924 2686 1097 2755 ieoerentur,
1117 2684 1246 2743 inierunt
1262 2686 1359 2760 ignes.
1391 2684 1487 2743 Clamor

438 2793 536 2850 omnis
557 2792 647 2850 variis
668 2792 836 2849 terrentium
860 2790 1077 2867 deponentium
1092 2789 1223 2860 vocibus,
1245 2791 1342 2848 mixto
1357 2789 1486 2848 mulierum
1511 2803 1512 2834 2

389 2895 425 2952 12
439 2915 474 2955 ae
496 2914 651 2974 puerorum
673 2896 799 2972 ploretn,
821 2897 957 2972 complet.
1005 2896 1155 2953 Memento
1177 2896 1319 2971 temporis
1339 2894 1449 2953 deiectis
1460 2908 1486 2948 ex

439 3020 521 3059 muro
543 3000 670 3075 undique
691 3002 811 3059 ermetis
832 3001 1046 3077 putefeotisque
1072 2999 1181 3076 portis,
1207 3018 1298 3074 quum
1321 3001 1373 3059 elii
1393 2999 1486 3075 agmine

438 3106 588 3176 irruerent,
610 3107 660 3164 elii
681 3107 812 3165 desertos
833 3108 1007 3166 seenderent
1027 3123 1135 3176 muros,
1156 3106 1227 3163 urbs
1247 3106 1384 3164 hostibus
1404 3102 1485 3178 imple·

390 3212 424 3269 13
439 3221 499 3283 tum
525 3213 658 3271 omnibns
683 3211 754 3269 loeis
775 3220 942 3286 pugnatum
973 3210 1093 3281 deinde,
1119 3210 1211 3268 multu
1231 3211 1292 3269 iem
1318 3212 1399 3269 edito
1419 3207 1486 3268 eedt

437 3317 561 3375 senescit
590 3307 706 3393 pugno,
741 3325 770 3373 et
802 3316 928 3373 dictator
957 3332 1106 3390 precones
1133 3316 1247 3373 edicere
1279 3318 1377 3389 iubet,
1406 3325 1435 3373 ut
1458 3312 1485 3367 sb

388 3424 424 3479 ll
436 3422 541 3480 inermi
555 3423 743 3481 abstineatur.
780 3420 811 3477 Is
832 3419 899 3477 finis
919 3420 1069 3495 sangoinis
1090 3418 1171 3481 luit„
1196 3421 1277 3479 Dedi
1297 3422 1367 3479 inde
1384 3422 1486 3479 inermes

438 3528 534 3602 empti,
556 3535 585 3583 et
606 3528 645 3585 ed
666 3526 794 3602 praedem
817 3525 899 3583 miles
920 3526 1064 3601 permissu
1085 3526 1235 3583 dictatoris
1256 3526 1402 3585 discurrit.
1430 3524 1484 3594 Qus

439 3652 527 3707 quum
550 3641 617 3689 ante
638 3631 738 3689 oeulos
760 3630 822 3689 eins
842 3630 1023 3704 aliquantum
1052 3648 1105 3705 spe
1131 3639 1220 3704 utque
1246 3631 1387 3706 opinione
1412 3627 1485 3686 msior

438 3718 615 3809 maiorisque
645 3735 730 3811 pretii
761 3754 858 3793 rernm
885 3734 1026 3805 ferretur,
1061 3734 1166 3792 dieitur
1199 3754 1306 3803 menne
1338 3737 1376 3794 ud
1404 3732 1484 3791 onium

389 3838 424 3893 lb
438 3839 541 3897 tollens
563 3849 699 3916 pueoetns
720 3856 797 3910 esse,
826 3847 875 3909 nt,
903 3839 929 3896 si
955 3839 1004 3897 eni
1030 3840 1152 3897 deorum
1179 3841 1389 3917 bominumque
1414 3835 1485 3895 ninia

438 3960 493 4003 sne
521 3942 640 4003 fortune
665 3943 825 4021 populique
854 3944 982 4003 Romani
1010 3944 1174 4015 videretur,
1210 3954 1244 4001 nt
1271 3964 1338 4005 eum
1366 3942 1484 4003 invidium

438 4049 528 4107 lenire
550 4066 638 4125 quem
660 4048 778 4107 minimo
800 4066 855 4107 suo
876 4050 993 4123 privsto
1013 4048 1199 4108 incommodo
1213 4050 1390 4127 publicoque
1402 4040 1483 4124 populi

390 4153 566 4215 ldRomeni
591 4156 700 4215 liceret.
753 4152 978 4213 convertentem
1005 4170 1038 4212 se
1065 4153 1142 4212 intes·
1174 4155 1251 4211 bene
1288 4122 1494 4216 venmeonn‘

439 4261 563 4319 tunditur
583 4259 730 4323 memorie
751 4258 921 4335 prolapsum
942 4258 1096 4329 eeeidisse;
1117 4259 1206 4334 idque
1226 4276 1314 4317 omen
1333 4254 1483 4335 pannose
