3392 5084
469 507 507 562 50
900 499 977 552 hiber
995 498 1015 549 1.

390 688 407 743 8
507 684 570 744 Ser.
592 684 707 741 Tullius
728 685 862 759 regnavit
889 701 981 740 anuos
1009 691 1147 757 quattuor
1175 693 1203 739 et
1225 682 1419 757 quadraginta
1438 684 1484 752 ita,

424 799 457 847 ut
477 791 555 848 bono
578 790 666 847 etiam
688 789 901 863 moderatoque
921 788 1087 845 succedenti
1107 788 1169 861 regi
1200 786 1324 845 difficilis
1344 788 1483 845 aemulatio

425 904 515 965 esset3
554 904 681 953 ceterum
709 894 738 949 id
766 911 883 968 quoque
921 894 959 949 ad
987 893 1110 967 gloriam
1142 892 1277 969 accessit,
1318 892 1397 967 quod
1424 911 1483 949 cum

393 1001 478 1060 tillo
499 1000 585 1058 simul
606 1000 683 1057 iusta
704 1016 740 1055 ac
760 998 890 1073 legitimo
919 1016 1011 1073 regna
1034 999 1211 1058 occiderunt.
1254 997 1290 1053 Id
1312 997 1408 1071 ipsum
1429 1006 1483 1055 tem

425 1107 495 1163 mite
515 1124 551 1163 ac
577 1114 638 1163 tam
667 1104 850 1161 moderatum
878 1102 1031 1177 imperium
1062 1113 1175 1174 tamen,
1209 1102 1278 1177 quia
1299 1103 1386 1159 unius
1406 1113 1484 1172 esset,

425 1212 570 1286 deponere
596 1228 663 1267 eum
682 1208 713 1266 in
735 1208 833 1265 animo
855 1208 1007 1277 habuisse,
1035 1200 1161 1281 quidam‘
1183 1215 1316 1264 auctores
1345 1215 1428 1275 sunt,
1459 1208 1483 1263 ni

424 1315 518 1373 scelus
557 1315 723 1372 intestinum
760 1313 918 1370 liberandae
953 1313 1055 1389 patriae
1091 1314 1212 1371 consilia
1249 1316 1372 1391 agitanti
1403 1317 1483 1374 inter-

424 1401 559 1477 venisset.

325 1519 369 1587 49
526 1525 600 1582 Inde
620 1526 658 1583 L.
681 1522 860 1596 Tarquinius
887 1540 1010 1599 regnare
1040 1522 1166 1599 occepit,
1196 1525 1241 1582 oui
1266 1523 1400 1600 Superbo
1422 1544 1484 1601 cog·

424 1649 531 1688 nomen
552 1609 633 1687 iacta
653 1626 832 1699 indiderunt,
861 1629 931 1703 quia
956 1646 1089 1687 socerum
1110 1646 1201 1703 gener
1221 1629 1371 1704 sepultura
1392 1632 1484 1708 prohi-

391 1736 496 1805 2buit,
521 1731 679 1793 Romulum
702 1750 818 1806 quoque
838 1732 1012 1808 insepultum
1034 1733 1144 1808 perisse
1168 1734 1312 1807 dictitans,
1333 1738 1484 1813 primores·

424 1858 480 1914 que
506 1847 640 1915 patrum,
680 1854 754 1909 quos
777 1835 873 1894 Servii
898 1838 985 1894 rebus
1013 1836 1123 1895 favisse
1154 1840 1299 1913 credebat,
1331 1843 1484 1905 interfecit:

424 1944 556 2001 conscius
585 1941 704 2008 deinde,
738 1942 815 1998 male
843 1943 990 2015 quaerendi
1019 1943 1101 2017 regni
1128 1946 1166 2002 ab
1193 1963 1224 2003 se
1250 1946 1314 2022 ipso
1350 1949 1484 2006 adversus

392 2051 457 2106 3se
478 2048 642 2123 exenrplum
665 2047 732 2121 capi
752 2064 849 2121 posse,
880 2048 998 2105 armatis
1021 2066 1126 2123 corpus
1148 2050 1368 2127 circumsaepsit3
1397 2072 1484 2128 neque

423 2154 498 2211 enim
521 2154 560 2211 ad
580 2154 625 2210 ius
646 2153 729 2228 regni
750 2150 906 2227 quicquam
927 2159 1033 2225 praeter
1052 2154 1111 2210 vim
1126 2155 1263 2225 habebat,
1287 2166 1319 2213 ut
1332 2158 1382 2232 qui
1396 2177 1484 2233 neque

388 2264 404 2315 4
421 2261 523 2336 populi
542 2260 622 2317 iussu
644 2276 739 2332 neque
750 2257 917 2314 auctoribus
931 2258 1063 2332 patribus
1074 2268 1217 2334 regnaret.
1260 2262 1306 2318 Eo
1320 2262 1483 2330 accedebat,

423 2367 505 2422 utin
527 2365 649 2423 caritate
670 2363 777 2420 civium
798 2362 870 2418 nihil
891 2362 954 2437 spei
974 2364 1125 2437 reponenti
1150 2374 1228 2423 metu
1249 2384 1372 2441 regnum
1393 2378 1483 2425 tutan·

423 2471 491 2527 dum
513 2477 598 2529 esset.
642 2467 735 2541 Quem
757 2475 790 2524 ut
810 2468 941 2543 pluribus
957 2468 1106 2538 incuteret,
1128 2469 1307 2543 cognitiones
1322 2472 1483 2546 capitalium

392 2579 408 2633 5
424 2594 519 2632 rerum
541 2575 604 2632 sine
625 2573 753 2630 consiliis
774 2593 827 2648 per
847 2592 880 2631 se
895 2574 974 2631 solus
986 2575 1149 2645 exercebat,
1171 2593 1282 2650 perque
1294 2592 1359 2631 eam
1371 2593 1483 2633 oausam

423 2680 573 2750 occideres
584 2681 614 2737 in
630 2677 762 2736 exsilium
779 2696 876 2754 agere,
898 2680 981 2737 bonis
998 2679 1121 2737 multare
1132 2689 1249 2756 poterat
1267 2698 1325 2736 non
1340 2690 1483 2756 suspectos

423 2787 512 2843 modo
533 2794 585 2842 eut
604 2784 725 2854 invisos,
746 2783 798 2840 sed
818 2785 896 2841 unde
916 2784 987 2841 nihil
1011 2783 1089 2841 aliud
1112 2803 1199 2859 quam
1220 2785 1350 2859 praedam
1372 2804 1483 2861 sperare

390 2894 531 2966 bposset.
574 2889 726 2965 Praecipue
747 2889 789 2946 ita
810 2899 926 2965 patrum
947 2908 1067 2947 numero
1089 2891 1251 2962 imminuto,
1273 2892 1376 2949 statuit
1395 2891 1483 2949 nullos

422 2997 453 3052 in
474 3004 573 3071 patres
594 2994 706 3076 legere,
738 3013 795 3069 quo
817 2994 1010 3070 contemptior
1041 2996 1188 3070 paucitate
1218 2996 1282 3071 ipsa
1307 2998 1380 3054 ordo
1406 3004 1483 3065 esset,

334 3115 336 3118 ’
392 3100 577 3174 lminusqne
604 3118 658 3175 per
687 3117 720 3157 sc
747 3098 819 3155 nihil
846 3096 895 3173 agi
925 3099 1152 3174 indignarentur.
1199 3101 1258 3157 Hic
1285 3102 1361 3159 enim
1388 3120 1482 3177 regum

423 3206 534 3280 primus
554 3205 693 3261 traditum
717 3224 736 3261 a
755 3204 901 3279 prioribus
923 3223 1033 3261 morem
1055 3205 1091 3261 de
1113 3206 1246 3263 omnibus
1269 3217 1400 3264 senatum
1421 3226 1483 3264 con·

425 3310 537 3368 sulendi
557 3310 658 3379 solvit3
681 3301 847 3367 domesticis
869 3310 995 3367 consiliis
1016 3330 1077 3367 rem
1099 3311 1244 3386 publicam
1261 3312 1483 3379 administravit;

424 3416 545 3486 bellum,
572 3432 691 3490 pacem,
717 3414 853 3484 foedera,
880 3413 1033 3471 societates
1061 3434 1114 3491 per
1138 3416 1269 3491 seipse,
1290 3434 1361 3473 oum
1385 3417 1483 3490 quibus

392 3519 526 3588 8voluit,
547 3518 658 3576 iniussu
680 3518 781 3595 populi
802 3535 838 3574 ac
860 3528 987 3588 senatus,
1008 3516 1077 3577 fecit
1095 3520 1274 3595 diremitque.
1318 3522 1482 3579 Latinorum

425 3624 481 3681 sibi
502 3622 630 3685 maxime
650 3632 766 3698 gentem
788 3621 976 3693 conciliabat,
1008 3634 1040 3679 ut
1064 3622 1224 3698 peregrinis
1246 3643 1363 3701 quoque
1385 3627 1482 3701 opibus

424 3727 515 3784 tutior
535 3728 610 3783 inter
631 3728 710 3784 cives
735 3737 825 3798 esset,
855 3746 949 3801 neque
969 3728 1096 3803 hospitia
1118 3728 1204 3786 modo
1227 3749 1293 3789 cum
1314 3732 1482 3807 primoribus

390 3834 540 3902 deorum,
579 3833 631 3888 sed
663 3832 821 3891 affinitates
861 3848 977 3905 quoque
1003 3832 1150 3907 iungebat.
1203 3833 1327 3895 Octavio
1355 3839 1483 3895 Mamilio

424 3936 592 3994 Tusculano
621 3936 659 4012 (is
686 3938 773 4011 longe
801 3937 936 4012 princeps
964 3938 1063 3995 Latini
1090 3940 1215 3997 nominis
1238 3951 1317 4011 erat,
1349 3944 1374 4002 si
1401 3944 1482 4001 fame

425 4040 581 4112 credimus,
610 4044 648 4099 ab
666 4042 756 4101 Ulixe
777 4043 890 4116 deaque
910 4040 997 4101 Circa
1019 4043 1170 4117 oriundus)
1193 4046 1219 4102 ei
1240 4047 1372 4105 Mamilio
1398 4050 1482 4106 liliam

423 4156 543 4221 nuptum
563 4148 623 4217 dat,
645 4166 755 4223 perque
777 4166 827 4204 eas
839 4148 956 4223 nuptias
972 4148 1077 4205 multos
1095 4148 1149 4207 sibi
1165 4160 1305 4225 cognatos
1320 4155 1483 4228 amicosque

337 4249 339 4256 ’
425 4252 485 4308 eius
509 4251 652 4309 conciliat.
