3392 5084
487 493 543 550 162
768 490 847 540 usur
863 489 912 540 m.
949 491 994 554 (s.
1012 506 1038 544 u.
1057 505 1079 540 c.
1098 491 1171 556 sos.)

413 679 529 752 lqnam
559 676 616 734 illis
642 684 775 734 senonim
796 693 901 751 eogere
920 675 1015 736 hosat.
1060 676 1121 736 Ubi
1142 676 1263 748 vellent,
1293 674 1488 750 experirentur,

442 792 550 859 quanto
570 782 675 842 fortior
695 781 779 844 dolor
798 783 829 841 iu
849 782 982 841 libertate
1002 798 1056 838 suu
1076 780 1251 838 vindicanda
1278 798 1365 855 quam
1389 779 1488 855 cupidi·

412 887 488 948 8tas
502 890 534 947 iu
547 888 654 946 iniusta
668 889 866 946 dominatione
886 895 969 944 esset.
1012 887 1059 944 De
1080 885 1157 944 bello
1178 884 1288 944 Sabino
1309 903 1360 942 eos
1381 885 1489 954 resena,
1524 955 1525 958 Ἴ

440 1003 578 1070 tanquam
601 993 694 1051 maius
714 993 806 1052 ullum
828 993 937 1068 populo
958 995 1092 1051 Romane
1125 990 1229 1048 bellum
1257 991 1295 1048 sit
1324 1009 1414 1066 quam
1434 1008 1490 1048 uum
1524 1034 1525 1044 ,

439 1099 489 1170 iis,
516 1100 566 1174 qui
590 1101 689 1174 legum
715 1097 900 1156 ferendarum
929 1117 1018 1156 eausa
1039 1098 1128 1156 creati
1149 1097 1220 1156 nihil
1240 1098 1310 1156 iuris
1332 1098 1362 1154 in
1384 1097 1490 1154 civitate
1524 1141 1525 1176 ³

439 1205 620 1281 reliquerint,
650 1204 700 1280 qui
720 1204 854 1274 comitia,
885 1204 934 1278 qui
953 1222 1063 1262 annuos
1087 1204 1289 1280 magistratus,
1317 1204 1369 1279 qui
1390 1203 1490 1260 vinissi-

438 1311 565 1370 tudinem
597 1310 797 1386 imperitandi,
835 1310 914 1386 quod
944 1328 1030 1368 unum
1063 1309 1248 1386 exaequanda
1280 1310 1318 1368 sit
1348 1309 1490 1376 libertatis,
1524 1359 1525 1391 3

439 1417 622 1486 sustulerint,
655 1416 706 1491 qui
735 1415 843 1491 privati
871 1414 964 1472 fasces
993 1423 1022 1471 st
1049 1416 1159 1490 regium
1186 1415 1339 1491 imperium
1359 1416 1490 1474 habeant

408 1521 543 1580 llFuisse
567 1522 685 1598 regibus
712 1522 822 1580 exaotis
848 1519 986 1596 patricios
1014 1521 1216 1604 magistratum
1252 1530 1366 1608 creatos
1398 1530 1493 1598 postea
1513 1562 1525 1615 Η

417 1636 507 1704 ·post
545 1628 736 1686 secessionem
770 1626 864 1703 plebis
901 1625 1043 1702 plebeios:
1081 1627 1161 1686 ouius
1190 1627 1233 1684 illi
1265 1627 1358 1703 partis
1397 1637 1492 1696 essent,
1513 1642 1525 1721 2,

438 1733 575 1808 rogitare.
622 1731 804 1809 Populares?
847 1731 924 1806 Quid
955 1732 1029 1790 enim
1057 1751 1107 1790 eos
1133 1752 1186 1809 per
1211 1733 1351 1810 populum
1385 1731 1491 1809 egisse?
1513 1780 1525 1820 ·,

438 1838 620 1916 Optimates?
663 1837 721 1912 Qui
742 1857 817 1896 anno
836 1838 894 1896 iam
917 1858 1008 1916 prope
1028 1847 1159 1898 senatum
1172 1856 1231 1894 non
1242 1837 1411 1909 habuerint,
1432 1848 1492 1895 tnnc
1513 1830 1525 1918 fi,

388 1951 425 2006 10
437 1946 479 2004 ita
499 1946 641 2015 habeant,
667 1953 701 2002 ut
721 1946 757 2002 de
778 1964 810 2004 re
830 1945 946 2020 publiea
967 1946 1048 2022 loqui
1068 1943 1260 2021 prohibeant?
1308 1945 1356 2002 Ne
1379 1912 1525 2037 nimium}1

436 2052 467 2108 in
489 2059 567 2108 metu
588 2050 683 2108 alieno
704 2050 766 2126 spei
787 2061 943 2126 ponerent;
964 2052 1117 2128 graviora,
1140 2069 1204 2125 quae
1224 2050 1386 2126 patiantur,
1410 2051 1493 2109 videri
1522 2103 1525 2139 ,

436 2157 494 2214 ium
516 2155 691 2226 hominibus,
713 2175 801 2231 quam
823 2173 888 2229 quae
909 2164 1045 2216 metuant.

519 2263 591 2319 Hae
620 2261 799 2320 vociferante
826 2261 951 2320 Horatio
981 2280 1069 2336 quum
1105 2263 1259 2321 decemviri
1285 2282 1339 2320 neo
1366 2263 1423 2320 irae
1449 2279 1494 2318 neo
1522 2315 1525 2354 1

412 2417 415 2422 .
437 2367 604 2442 ignoscendi
615 2367 732 2425 modum
743 2367 902 2442 reperirent
912 2386 973 2438 neo,
982 2387 1040 2442 quo
1049 2386 1173 2426 evasura
1183 2386 1229 2426 res
1241 2377 1325 2440 esset,
1338 2379 1495 2436 cernerent,
1524 2423 1525 2462 ,

407 2473 471 2535 20.
502 2472 630 2541 Claudii,
667 2473 717 2547 qui
744 2482 864 2548 patruus
893 2474 984 2550 Appii
1015 2475 1169 2532 decemviri
1205 2483 1283 2544 erat,
1318 2473 1419 2530 oratio
1447 2472 1495 2529 fuit

438 2579 572 2656 precibus
593 2596 680 2652 quam
704 2564 798 2652 iurgio
819 2578 949 2650 similior,
971 2579 1079 2637 orantis
1100 2598 1152 2653 per
1173 2579 1219 2636 sui
1239 2577 1340 2636 fratris
1355 2579 1495 2654 parentis·
1517 2632 1525 2672 a

407 2692 495 2761 3que
516 2685 577 2742 eius
598 2701 707 2752 manes,
728 2691 761 2742 ut
780 2683 873 2742 civilis
894 2685 990 2760 potius
1011 2685 1166 2756 societatis,
1186 2685 1216 2742 in
1238 2703 1297 2760 qna
1312 2693 1402 2742 natus
1417 2693 1496 2748 esset,
1521 2743 1525 2780 4

438 2811 526 2868 quam
547 2790 664 2849 ioederis
684 2788 794 2848 nefarie
814 2790 864 2847 ioti
884 2809 948 2848 oum
971 2791 1088 2868 euhagis
1116 2791 1302 2850 meminisset.
1351 2791 1449 2850 Multa
1470 2791 1495 2846 id
1524 2855 1525 2876 ,

407 2897 531 2972 imagis
551 2914 584 2954 se
602 2895 679 2954 illius
710 2914 800 2953 eausa
827 2913 913 2954 orere
943 2914 1029 2971 quam
1060 2897 1103 2955 rei
1128 2898 1266 2974 publiuae3
1298 2897 1409 2972 quippe
1439 2917 1496 2955 rem
1522 2951 1525 3000 2

416 3003 592 3079 publicam,
612 3002 639 3059 si
659 3021 678 3059 a
699 3002 862 3063 volentibus
883 3012 1016 3076 nequeat,
1038 3003 1074 3060 ab
1096 3003 1193 3060 invitis
1217 3004 1262 3062 ius
1285 3003 1496 3078 expetiturum
1522 3063 1525 3100 p

437 3109 489 3178 sed
509 3127 547 3166 ex
568 3126 675 3183 magno
698 3108 855 3166 eonomine
875 3123 995 3182 magnas
1022 3108 1142 3166 excitari
1171 3107 1262 3166 ferme
1289 3109 1367 3180 iras;
1397 3129 1495 3168 aarum

408 3216 570 3272 barentum
591 3232 623 3272 se
646 3215 773 3271 horrere.
820 3212 915 3287 Quum
928 3212 1025 3282 alios,
1051 3222 1243 3288 praeterquam
1271 3213 1310 3292 de
1338 3233 1399 3289 quo
1421 3225 1498 3273 retu-
1522 3197 1523 3258 ἶ

436 3320 550 3388 lissent,
580 3318 735 3378 decemviri
764 3318 859 3376 dioere
886 3317 1086 3395 prohiberent,
1117 3318 1271 3378 Claudium
1292 3319 1497 3397 interpellandi

437 3425 611 3482 verecundia
640 3423 702 3483 fuit.
755 3422 931 3482 Sententiam
960 3423 1047 3498 igitur
1073 3423 1198 3498 peregit,
1236 3424 1347 3483 nullum
1380 3428 1497 3503 placere

408 3507 554 3587 bseuatus
575 3531 735 3587 consultum
759 3529 831 3588 fieri.
875 3528 1040 3604 Omnesque
1066 3528 1107 3584 ita
1137 3527 1332 3604 accipiebant,
1365 3533 1496 3608 privatos

437 3654 488 3693 eos
509 3655 528 3693 a
549 3635 671 3694 Claudio
692 3635 849 3705 iudicatos3
872 3635 1009 3710 multique
1023 3653 1060 3692 ex
1070 3633 1268 3692 consularibus
1279 3637 1372 3696 verbo
1384 3639 1496 3696 assensi

408 3743 511 3797 luunt.
554 3742 626 3800 Alia
646 3741 801 3811 sententia,
824 3740 955 3816 asperior
975 3740 1005 3797 iu
1025 3739 1166 3814 speeiem,
1193 3739 1253 3798 vim
1274 3741 1420 3802 minorem
1445 3745 1497 3802 ali-

439 3854 547 3920 quanto
569 3847 686 3916 habuit,
709 3865 781 3934 ¹quus
801 3825 938 3922 patricios
959 3846 1037 3904 unire
1059 3845 1096 3901 ad
1117 3846 1297 3921 prodendum
1320 3848 1496 3926 interregem

357 3950 360 3954 ’
435 3951 562 4013 iubebat.
604 3951 756 4010 Causando
785 3951 861 4011 enim
884 3952 1092 4027 quodeunque,
1120 3952 1307 4027 magistratus
1334 3972 1416 4026 esse,
1446 3957 1497 4030 qui

437 4033 568 4116 senatum
599 4058 756 4133 haberent,
791 4058 955 4128 iudicabam
986 4034 1059 4132 quos
1089 4056 1219 4132 privatos
1251 4057 1361 4118 fecerat
1392 4071 1497 4120 auctor

407 4163 542 4221 8nullius
564 4170 681 4235 senatus
705 4164 828 4221 consulti
847 4161 981 4224 faciendi.
1023 4165 1070 4220 lta
1079 4163 1198 4220 labante
1207 4163 1264 4221 iam
1275 4181 1366 4222 eausa
1380 4166 1497 4224 denem-

436 4269 583 4337 virorum,
613 4270 647 4327 L.
679 4267 830 4327 Cornelius
859 4269 1080 4344 Maluginensis,
1109 4269 1150 4326 M.
1183 4268 1308 4328 Cornelii
1337 4271 1498 4330 decemviri
