3392 5084
468 536 529 594 244
726 533 804 584 Liber
820 533 870 584 lv.
902 532 984 597 (au.
1002 549 1026 585 e.
1039 515 1202 597 etse-ass.)⁴
1270 535 1275 542 ’

427 715 567 774 senectuti
589 725 693 776 vestra
714 716 904 792 prospiciunt,
926 717 976 792 qui
997 736 1051 792 pro
1067 717 1171 774 vestris
1182 718 1346 775 commodis
1358 719 1482 776 adrasus
1524 758 1525 797 3

379 826 415 880 15
428 829 488 878 tam
525 820 654 878 crudeles
690 823 889 898 superbosque
925 823 1110 882 aduersarios
1136 822 1328 898 depugnant?
1375 824 1482 899 lucipite
1524 838 1526 881 ι

429 924 532 984 deinde
565 924 677 996 mirari,
716 946 767 985 cur
801 929 889 1004 pauci
920 929 980 985 iam
1012 937 1139 986 vestram
1174 927 1337 1000 suscipiant
1369 947 1481 986 causam.
1524 978 1525 981 ,

429 1029 508 1102 Quid
529 1039 561 1088 ut
582 1049 601 1088 a
621 1031 706 1088 vobis
727 1033 863 1107 sperent?
883 1036 934 1092 An
954 1034 1091 1102 bonores,
1113 1049 1187 1106 ques
1203 1032 1382 1089 adversariis
1394 1033 1483 1088 vestris
1524 1085 1526 1089 .

380 1136 525 1212 lbpotius
558 1153 645 1209 quam
677 1138 777 1212 populi
803 1139 930 1196 Romani
959 1135 1225 1213 propugnatoribus
1261 1134 1365 1192 datis?
1412 1137 1481 1209 lnge

429 1239 541 1298 maistis
569 1240 656 1298 modo
689 1228 771 1300 voce*
789 1243 875 1304 huius
898 1243 1013 1300 audita.
1062 1240 1140 1313 Quid
1166 1241 1199 1298 id
1224 1239 1335 1298 refert?
1378 1241 1439 1298 lam
1464 1240 1483 1295 si

428 1344 599 1420 suffragium
623 1345 723 1418 detur,
752 1348 842 1418 hunc,
872 1345 923 1419 qui
949 1345 1057 1402 malum
1086 1345 1172 1409 vobis
1197 1345 1344 1413 minatur,
1373 1345 1421 1414 iis,
1444 1344 1482 1417 qui

430 1468 517 1526 agros
539 1450 681 1524 sedesque
703 1469 738 1510 ac
759 1451 894 1510 fortunas
911 1450 1042 1508 stabilire
1058 1450 1169 1518 volunt,
1190 1449 1385 1524 praeferetur

332 1546 378 1616 5⁰
512 1555 632 1614 Perlata
664 1557 726 1616 haeo
754 1575 814 1614 vox
841 1555 987 1614 Postumii
1013 1555 1052 1610 ad
1079 1554 1184 1612 milites
1212 1553 1305 1610 multo
1334 1552 1369 1609 in
1398 1551 1485 1608 castris

430 1661 569 1721 maiorem
591 1660 819 1735 indignationem
840 1661 946 1720 movit:
968 1659 1117 1717 Praedaene
1139 1659 1365 1733 interceptorem
1380 1657 1484 1714 bauda-

398 1765 580 1840 2teremque
602 1765 688 1824 etiam
704 1757 821 1822 'malum
844 1765 948 1822 minari
974 1761 1134 1821 militibus?
1179 1763 1287 1836 Itaque
1320 1781 1412 1837 quum
1438 1760 1484 1817 fre

429 1868 515 1929 mitus
548 1879 649 1944 aperte
682 1880 773 1942 esset,
805 1881 834 1926 et
866 1879 993 1944 quattor
1022 1870 1058 1928 P.
1085 1867 1197 1928 Sestius
1226 1867 1330 1924 eadem
1361 1866 1486 1924 violentia

429 1973 555 2031 coerceri
576 1983 697 2048 putaret·
714 1963 885 2032 seditionem
905 1992 1005 2050 posse,
1034 1993 1094 2048 qua
1121 1983 1202 2030 mota
1230 1982 1309 2042 erat,
1340 1973 1430 2030 misso
1456 1969 1486 2025 al

429 2076 637 2138 vociferantem
661 2079 806 2154 quendam
831 2079 949 2137 militem
970 2080 1088 2148 lictore,
1115 2096 1206 2152 quum
1231 2078 1301 2136 inde
1330 2078 1441 2135 clamor
1464 2085 1488 2130 et

400 2181 554 2258 diurgium
576 2193 716 2254 oreretur,
737 2203 810 2244 saxo
831 2185 906 2242 ictus
927 2185 1014 2242 turba
1034 2183 1159 2252 excedit,
1179 2183 1299 2257 insuper
1319 2183 1489 2259 increpante,

430 2287 480 2362 qui
507 2287 725 2360 vulneraverat,
757 2291 867 2348 habere
898 2297 1089 2363 quaestorem,
1121 2288 1201 2362 quod
1231 2289 1397 2364 imperator
1424 2298 1489 2344 esset

399 2391 567 2455 lmilitibus
589 2394 724 2454 minatus.
751 2395 819 2476 ⁴Ad
840 2395 917 2452 hunc
937 2393 1090 2450 tumultum
1103 2393 1211 2450 accitus
1224 2393 1399 2450 Postumius
1416 2410 1488 2466 aspe·

401 2497 509 2554 triora
541 2498 640 2554 omnia
661 2498 729 2556 fecit
750 2498 864 2556 acerbis
893 2497 1116 2574 quaestionibus,
1142 2498 1308 2556 crudelibus
1339 2496 1488 2574 suppliciis.

430 2601 594 2685 PostremO,
616 2620 704 2676 quum
718 2605 835 2661 modum
854 2604 906 2660 iras
924 2602 1034 2660 nullum
1055 2601 1174 2673 faceret,
1196 2603 1234 2658 ad
1257 2602 1489 2661 vociferationem

431 2725 540 2776 eorum,
563 2726 636 2783 quos
658 2709 756 2766 necari
779 2710 832 2766 sub
855 2717 935 2764 crate
954 2707 1087 2777 iusserat,
1109 2724 1251 2765 concursu
1264 2706 1357 2778 facto,
1379 2706 1491 2783 ipse'ad
1524 2785 1526 2789 .

400 2810 645 2886 5interpellantes
671 2831 789 2887 poenam
816 2830 919 2871 vecors
942 2812 979 2868 de
999 2811 1137 2869 tribunali
1157 2811 1292 2870 decurrit.
1340 2811 1390 2868 Ibi
1411 2830 1491 2884 quum
1524 2878 1526 2883 Ι

430 2925 643 2974 summoventus
672 2895 780 2992 passim
808 2916 924 2975 lictores
946 2915 1186 2988 centurionesque
1206 2922 1353 2972 vexarent
1374 2916 1526 3001 turbam-j

429 3037 465 3076 eo
487 3005 648 3094 indignatio
666 3020 768 3096 erupit,
790 3030 822 3078 ut
843 3021 974 3080 tribunus
996 3020 1119 3078 militum
1141 3019 1179 3076 ab
1201 3020 1333 3077 exercitu
1349 3039 1404 3076 suo
1426 3021 1492 3094 lapi·

399 3123 513 3182 (idibus
542 3127 748 3200 cooperiretur.
803 3126 890 3198 Quod
919 3135 979 3183 tam
997 3133 1094 3188 ‚atrox
1120 3121 1234 3179 facinus
1263 3134 1426 3198 postquam
1455 3135 1494 3180 est

429 3229 554 3286 Romam
576 3230 748 3299 nuntiatum,
770 3229 893 3287 tribunis
915 3229 1037 3286 militum
1058 3227 1095 3283 de
1116 3226 1352 3302 montecellegae
1376 3249 1431 3304 per
1451 3248 1494 3284 se-
1524 3205 1526 3241 ⁵

428 3344 528 3393 natum
562 3334 734 3407 questiones
769 3334 987 3392 decernentibus
1015 3331 1121 3389 tribuni
1150 3331 1242 3405 plebis
1269 3330 1494 3392 intercedebant.

399 3442 422 3525 7x
430 3417 488 3494 Sed
510 3455 545 3493 ea
567 3409 712 3495 contentio
734 3458 771 3496 ex
794 3438 1031 3498 certamine—alio
1052 3436 1207 3511 pendebat,
1228 3438 1308 3509 quod
1320 3456 1394 3496 cura
1403 3439 1491 3496 inces-

430 3550 509 3599 serat
528 3551 639 3616 patres,
660 3563 697 3600 ne
717 3554 795 3600 metu
818 3544 1007 3618 questionum
1023 3542 1105 3616 plebs
1116 3542 1218 3615 iraque
1229 3541 1363 3600 tribunos
1375 3544 1494 3600 milimm

431 3663 467 3702 ex
491 3645 576 3720 plebe
597 3655 722 3716 crearet,
744 3648 958 3721 tendebantque
977 3665 1092 3705 summa
1114 3665 1184 3720 ope,
1205 3656 1238 3704 ut
1258 3648 1395 3706 consules
1417 3667 1495 3705 crea·

296 3783 299 3786 ·
400 3752 537 3809 arentur.
592 3749 690 3822 Quum
726 3762 843 3810 senatus
878 3751 1039 3809 consultum
1072 3752 1135 3809 fieri
1166 3750 1275 3809 tribuni
1307 3753 1402 3827 plebis
1440 3771 1496 3810 non

429 3862 612 3929 paterentur,
641 3829 727 3912 iidem
750 3855 960 3914 intercederent
986 3857 1185 3914 consularibus
1213 3858 1354 3928 comitiis,
1382 3877 1432 3914 res
1460 3857 1497 3914 ad

331 3955 373 4024 51
430 3959 624 4034 interregnum
651 3960 746 4020 rediit.
799 3960 932 4018 Victoria
960 3961 1063 4018 deinde
1097 3980 1186 4035 penes
1215 3972 1315 4036 patres
1341 3963 1406 4027 fuit.
1460 3966 1495 4036 Q.

253 4094 418 4148 Μωῃ,
431 4065 525 4124 Fabio
546 4065 693 4122 Vibulano
715 4064 859 4138 interrege
879 4065 997 4122 comitia
1017 4067 1142 4137 habente
1163 4069 1295 4126 consules
1318 4070 1408 4126 creati
1431 4081 1498 4126 sunt

253 4161 417 4216 3·⁰¹¹·⁴¹³·
430 4174 470 4245 A,
493 4169 644 4228 Cornelius
665 4167 783 4238 Cossus,
805 4169 842 4226 L.
867 4169 973 4225 Furius
995 4169 1178 4228 Medullinus.
