3392 5084
516 530 594 582 nnn
612 531 672 580 vn
708 529 901 596 (nonem.)
1156 537 1193 593 85

204 717 298 790 quidem
318 715 419 792 incipit
434 734 531 786 nemo,
562 735 650 790 quum
681 717 739 773 iem
769 717 938 776 circumdati
959 718 1038 776 vallo
1058 718 1236 793 potuerimus

205 839 259 877 esse
303 822 378 879 Tum
408 841 479 881 vero
505 840 560 878 nos
586 823 693 879 similes
720 823 842 880 istorum
866 823 970 895 simus,
1002 823 1027 880 si
1061 823 1166 880 diutius
1189 823 1236 882 hio
1251 829 1287 883 14

204 943 335 998 moremur,
357 946 443 1001 quarn
465 929 649 986 commodum
673 930 718 990 sit.
769 930 855 1005 Agite
879 931 964 1000 dum,
985 929 1025 987 ite
1052 947 1174 1000 mecum,
1196 939 1236 1000 ut,

203 1035 254 1090 dum
274 1035 343 1092 lucis
366 1034 475 1108 aliquid
496 1045 637 1110 superest,
655 1037 760 1110 quibus
780 1035 852 1094 locis
873 1035 1007 1111 praesidia
1031 1045 1154 1110 ponant,
1178 1053 1236 1110 que

202 1151 282 1214 pateat
297 1141 363 1198 hinc
385 1142 489 1210 exitus,
517 1141 727 1216 exploremus.“
775 1141 847 1199 Haec
868 1141 967 1198 omnia
996 1139 1097 1216 sagulo
1126 1140 1237 1215 gregali
1251 1146 1287 1201 15

201 1248 310 1316 orricius,
333 1226 547 1304 centurionibus
568 1248 636 1304 item
658 1248 880 1324 manipularium
903 1248 1023 1305 militum
1045 1246 1145 1304 habitu
1167 1245 1235 1302 duc-

200 1354 234 1422 tis,
251 1373 284 1410 ne
307 1355 410 1411 ducem
432 1354 581 1411 circumire
601 1353 699 1410 hostes
720 1362 863 1423 notarent,
883 1352 1077 1429 perlustravit.
1120 1351 1235 1427 Vigiliis
1285 1349 1329 1418 35

200 1460 282 1516 deinde
302 1461 458 1534 dispositis,
481 1460 582 1517 ceteris
603 1461 735 1517 omnibns
756 1469 896 1518 tesseram
918 1459 982 1515 dari
1001 1459 1097 1528 iubet,
1118 1459 1167 1516 ubi
1188 1477 1235 1515 se·

199 1567 279 1624 cunda
299 1566 406 1642 vigiliae
425 1567 530 1624 bucina
540 1567 643 1623 datum
665 1567 778 1642 signnm
800 1569 890 1636 esset,
905 1565 1010 1622 armati
1032 1583 1096 1622 eum
1123 1564 1234 1621 silentio

200 1674 226 1728 ad
243 1691 270 1729 se
291 1655 487 1733 convenirent.
536 1673 601 1746 Quo
624 1673 687 1741 ubi,
715 1673 789 1730 sicut
814 1673 938 1730 edictum
961 1680 1036 1741 erat,
1066 1671 1145 1728 taciti
1167 1672 1265 1729 con-2
1365 1697 1368 1705 ¹

200 1786 333 1848 venerunt,
369 1778 454 1847 ,Hoc
481 1779 641 1848 silentium,
673 1780 795 1836 milites“
826 1779 934 1853 inquit,
967 1778 1093 1848 ,omisso
1119 1776 1235 1834 militari

198 1902 306 1955 assensn,
338 1883 370 1940 in
404 1903 451 1941 me
485 1885 627 1942 audiendo
659 1886 833 1945 servandum
867 1894 918 1943 est.
974 1885 1034 1945 Ubi
1065 1883 1234 1940 sententiam
1331 1897 1333 1908 ⁴

198 2009 273 2047 neam
293 1989 380 2046 vobis
400 2008 549 2065 peregero,
571 2002 641 2062 tum,
663 1993 767 2066 quinus
789 1993 891 2050 cadem
917 1991 1086 2067 placebunt,
1114 1990 1143 2046 in
1165 1989 1234 2045 dex-

198 2103 255 2151 tram
274 2106 388 2172 partem
406 2097 486 2153 taciti
507 2097 682 2167 transibitis3
704 2117 768 2172 quae
781 2117 850 2174 pars
865 2098 958 2155 maior
979 2097 1041 2167 erit,
1064 2116 1098 2153 eo
1114 2096 1236 2153 stabitur

197 2203 305 2262 consilio.
350 2202 447 2270 Nunc,
464 2219 528 2275 quae
541 2214 636 2260 mente
651 2204 767 2278 agitem,
788 2203 894 2260 audite.
941 2203 1009 2260 Non
1031 2201 1102 2277 fuge
1123 2202 1265 2258 delatos3

195 2323 235 2364 neo
254 2308 358 2365 inertia
378 2307 494 2377 relictos
514 2309 561 2365 hic
584 2327 638 2365 vos
659 2309 846 2365 circumvenit
865 2309 971 2379 hostis3
994 2309 1100 2365 virtute
1121 2305 1236 2381 cepistis

195 2411 281 2484 heum,
305 2414 415 2471 virtute
427 2413 495 2471 hino
516 2421 632 2488 oportet
645 2415 785 2471 evadatis.
828 2407 980 2474 veniendo
1001 2416 1058 2471 huc
1080 2411 1265 2470 exercitum4

196 2521 326 2594 egregium
348 2499 459 2595 populo
483 2521 618 2577 Romano
647 2521 799 2590 servastis,
823 2521 999 2596 erumpendo
1028 2519 1094 2577 hinc
1122 2526 1236 2576 vosmet

195 2619 258 2694 ipsos
279 2634 413 2696 servet-03
443 2626 524 2700 digni
553 2627 639 2698 estis,
667 2627 717 2701 qui
738 2628 822 2703 pauci
843 2626 974 2703 pluribus
993 2645 1077 2700 opem
1106 2624 1236 2694 tuleritis,

195 2725 237 2800 ipsi
254 2731 359 2787 nullius
381 2731 490 2788 auxilio
512 2732 656 2806 egueritis.
702 2732 775 2791 Cum
789 2751 832 2802 ¹eo
853 2734 937 2790 hoste
956 2750 1003 2789 res
1025 2740 1081 2801 est,
1111 2731 1160 2805 qui
1183 2732 1266 2787 he-5

197 2841 275 2891 sterno
295 2837 343 2893 die
367 2837 481 2894 delendi
502 2839 595 2894 omnis
617 2839 759 2896 exercitus
780 2838 897 2896 fortuna
911 2857 963 2912 per
983 2838 1146 2895 socordiam
1167 2829 1235 2894 usus’
1335 2907 1336 2916 χ

195 2955 240 2994 non
259 2943 307 3012 sit3
334 2944 413 2999 hunc
434 2953 493 2999 tem
516 2954 710 3019 opportunum
733 2945 834 3003 collem
856 2945 1050 3002 imminentem
1073 2943 1234 3020 capitisue

195 3061 239 3100 uon
260 3058 325 3105 ante
347 3049 453 3106 viderit
475 3068 562 3124 qnam
584 3060 700 3125 coptum
728 3071 746 3108 a
773 3044 872 3122 nobis,
899 3071 952 3108 nos
978 3062 1172 3126 tampaucos
1194 3053 1266 3108 totss

194 3149 243 3224 ipse
271 3156 399 3212 millibus
430 3156 578 3213 hominnm
620 3174 673 3212 nec
710 3175 831 3215 escensu
863 3158 987 3216 arcuerit
1023 3175 1076 3213 nec
1108 3165 1236 3232 tenentes

195 3253 289 3332 locum,
328 3280 418 3336 quum
454 3262 511 3318 diei
542 3271 653 3318 tentum
687 3271 865 3338 superesset,
901 3263 979 3320 vallo
1009 3262 1235 3320 circumdederit.

194 3362 273 3435 Quem
293 3368 445 3426 videntem
469 3387 505 3424 ac
525 3367 693 3443 vigilantem
721 3369 763 3425 sic
783 3368 938 3439 eluseritis,
971 3367 1093 3443 sopitum
1123 3374 1237 3441 oportet

195 3467 296 3543 fallatis,
317 3473 409 3530 immo
433 3491 551 3530 necesse
572 3484 629 3546 est3
658 3475 688 3531 in
709 3494 744 3532 eo
770 3475 844 3530 enim
869 3475 934 3532 loco
966 3491 1012 3531 res
1039 3482 1105 3529 sunt
1122 3477 1266 3544 nostrae,7

195 3585 219 3630 ut
243 3580 325 3637 vobis
354 3597 409 3654 ego
437 3580 529 3654 magis
559 3581 737 3637 necessitatis
767 3590 871 3638 vestrae
896 3579 984 3637 index
1011 3598 1098 3653 quam
1127 3578 1238 3637 consilii

195 3692 282 3742 auctor
302 3686 367 3743 sim.
415 3685 521 3758 Neque
543 3686 630 3757 enim,
653 3686 794 3743 maneatis
816 3704 854 3743 an
875 3685 986 3742 abestis
1015 3685 1098 3757 hino,
1130 3685 1267 3744 delibo-8

194 3791 242 3845 rori
262 3800 374 3865 potest,
405 3796 493 3864 q'uum
514 3800 619 3865 praeter
639 3811 721 3849 erma
744 3801 773 3849 et
794 3793 906 3849 animos
928 3809 1074 3850 armornm
1095 3810 1237 3848 memores

195 3892 252 3950 nihil
271 3897 356 3954 vobis
387 3895 506 3953 fortuna
532 3897 635 3972 reliqui
655 3897 764 3969 fecerit,
785 3898 921 3972 fameque
943 3906 971 3954 et
989 3897 1036 3954 sili
1057 3898 1236 3956 moriendum
1316 3956 1319 3967 ¹

196 3999 231 4068 sit,
251 4002 273 4058 si
294 4003 370 4078 plus,
396 4020 484 4076 qnam
507 4002 586 4059 viros
608 4020 643 4058 ae
663 4004 813 4060 Romanos
834 4005 925 4076 decet,
951 4003 1060 4062 ferrum
1077 4005 1237 4064 timeamus,

195 4101 263 4180 Ergo
283 4127 341 4164 une
363 4118 408 4164 est
428 4107 508 4165 selus
530 4125 681 4183 erumpere
712 4108 778 4166 hinc
809 4118 897 4184 atque
923 4109 1012 4167 abire.
1059 4111 1095 4167 Id
1124 4119 1174 4166 erut
1194 4109 1266 4166 ixl-9

195 4211 275 4268 terdiu
297 4224 347 4271 ant
369 4222 455 4270 nocte
477 4212 618 4271 faciamus
647 4224 770 4290 oportet.
816 4217 893 4274 Ecce
920 4227 1015 4273 autem
1039 4216 1116 4274 alind
1144 4216 1237 4273 minus
1254 4218 1289 4272 10

196 4312 316 4389 dnbinm3
338 4319 455 4394 quippe,
478 4319 503 4376 si
523 4319 575 4377 lux
596 4329 792 4396 exspectetur,
813 4339 879 4394 qnae
900 4339 966 4396 spes
989 4329 1047 4390 est,
1080 4339 1138 4378 non
1159 4299 1237 4378 vallo
