3392 5084
500 561 624 612 cunr.
663 558 951 625 (ucham-eor.)
1054 568 1057 572 ⁴
1149 567 1208 624 2⁶7
1256 529 1258 532 ⁵
1304 570 1307 576 ¹

206 743 328 800 tributum
350 763 388 801 ex
410 741 517 801 affecta
537 762 570 801 re
589 742 728 800 familiari
738 745 868 819 pandant
877 764 995 820 aeraque
1009 747 1155 818 militaria,
1176 749 1256 807 velut

206 847 291 904 fenore
311 851 443 924 accepta,
466 848 635 940 multiplicia
656 849 698 906 rei
719 849 842 923 publicae
863 851 996 908 reddant.

272 953 353 1011 Inter
372 955 514 1012 delectum
537 954 734 1028 tributumque
756 963 784 1011 et
806 964 964 1030 occupatos
978 957 1092 1014 animos
1112 958 1255 1015 maiorum
1272 955 1306 1009 10

205 1075 285 1114 rerum
306 1058 394 1130 curis,
417 1059 542 1118 comitiis
561 1059 743 1117 tribunorum
758 1059 851 1135 plebis
861 1078 998 1118 numerus
1011 1062 1121 1136 expleri
1135 1064 1255 1137 nequiit.

203 1161 355 1236 Pugnatum
378 1164 455 1235 inde,
476 1164 506 1221 in
526 1163 593 1221 loca
614 1181 709 1220 vacua
723 1173 762 1220 ut·
775 1164 889 1238 patricii
910 1173 1140 1238 cooptarentur.⁴
1168 1169 1256 1226 Post·
1271 1166 1303 1220 ll

205 1285 276 1339 quam
291 1269 417 1326 obtineri
428 1287 487 1326 non
496 1276 623 1344 poterat,
644 1277 741 1326 tamen
753 1266 965 1326 labefactandae
979 1268 1052 1344 legis
1064 1268 1253 1349 [tribuniciae]
1322 1248 1325 1255 Ι

186 1388 277 1454 Κοαιιεω
296 1371 435 1432 effectum
459 1381 512 1443 eet,
533 1382 565 1430 ut
587 1381 793 1448 cooptarentur
814 1373 1037 1449 tribuniplebis
1058 1373 1092 1432 C.
1115 1364 1280 1434 Lacerius*

203 1485 225 1530 et
236 1477 272 1536 M.
287 1479 423 1548 Acutius,
444 1455 523 1536 haud
544 1478 630 1534 dubie
651 1477 839 1552 patriciorum
861 1480 975 1555 opibus.
1018 1481 1095 1537 Fors
1115 1481 1158 1538 ita
1177 1482 1252 1552 tulit,
1313 1473 1350 1540 ll

204 1591 228 1638 nt
245 1601 275 1638 eo
297 1603 376 1642 anno
405 1585 537 1642 tribunus
561 1583 654 1658 plebis
676 1581 728 1641 Cn.
751 1583 916 1642 Trebonius
944 1594 1036 1654 esset,
1064 1585 1115 1659 qui
1142 1585 1254 1642 nomini

204 1705 231 1743 ec
248 1687 363 1746 familiae
385 1689 514 1746 debitum
535 1697 674 1766 praestare
694 1689 841 1746 videretur
855 1689 1012 1747 Treboniae
1032 1691 1105 1766 legis
1126 1691 1253 1766 patroci-
1414 1707 1433 1746 ο.

204 1796 275 1851 nium.
330 1797 379 1865 Is,
416 1795 495 1869 qnod
522 1795 666 1870 petissent
688 1804 787 1870 putres
815 1795 982 1868 quondam,
1015 1797 1110 1871 primo
1137 1795 1284 1871 incept02
1368 1845 1371 1849 ,

203 1899 310 1972 repulsi,
323 1899 443 1958 tandem
464 1890 596 1956 tribunos
615 1900 943 1974 militum-expugnasse,
964 1899 1138 1971 vociferans,
1159 1874 1267 1976 legem'

205 2003 367 2062 Treboniam
391 2005 536 2062 sublatam
559 2013 588 2062 et
607 2012 759 2078 cooptatos
781 2003 913 2061 tribunos
927 2003 1020 2079 plebis
1033 2023 1093 2062 non
1106 2004 1272 2081 suffragiim

203 2109 297 2182 populi,
319 2111 373 2168 sed
393 2111 516 2185 imperio
528 2109 730 2185 patriciorum
751 2126 787 2164 eo
802 2109 914 2166 revolvi
934 2128 1007 2178 rem,
1028 2119 1060 2166 ut
1075 2120 1126 2166 aut
1139 2111 1254 2184 patricii

204 2223 243 2268 aut
261 2215 449 2288 patriciorum
471 2215 589 2272 asseclae
609 2213 736 2270 habendi
751 2212 860 2270 tribuni
873 2213 1049 2288 plebieeint3
1070 2215 1144 2289 eripi
1153 2233 1252 2272 saera·
1267 2209 1284 2263 3

203 2327 238 2373 tas
257 2319 349 2394 leges,
379 2318 547 2394 extorqueri
567 2318 750 2376 tribuniciam
773 2327 963 2394 potestatem
985 2319 1015 2376 id
1036 2319 1142 2376 fraude
1162 2319 1253 2393 patri·

204 2423 315 2494 ciorum,
352 2425 460 2482 scelere
488 2432 525 2480 ac
558 2422 721 2498 proditione
758 2423 934 2498 collegarum
970 2423 1081 2480 iactum
1118 2441 1252 2498 arguere.

205 2525 284 2598 Quum
316 2531 451 2588 arderent
478 2529 589 2586 invidia
615 2547 674 2584 non
701 2539 800 2603 patres
827 2528 930 2597 modo,
957 2529 1011 2585 sed
1036 2529 1124 2587 etiam
1144 2528 1283 2585 tribunil

204 2631 294 2704 plebia,
325 2634 455 2709 cooptati
476 2634 585 2708 pariter
606 2642 634 2689 et
656 2632 705 2706 qui
727 2640 951 2708 cooptavernnt,
979 2645 1040 2692 tum
1071 2653 1108 2690 ex
1130 2633 1253 2708 collegio

204 2742 261 2805 tres,
288 2740 325 2796 P.
350 2737 511 2808 Curiatius,
538 2738 581 2796 M.
605 2737 746 2808 Metilius,
775 2739 817 2794 M.
840 2739 1000 2810 Minucius,
1030 2739 1135 2815 trepidi
1156 2757 1253 2818 rerum

204 2858 319 2915 suarum,
329 2844 360 2900 in
371 2843 504 2918 Sergium
516 2842 754 2916 Verginiumque,
766 2843 872 2917 prioris
883 2845 951 2901 anni
962 2847 1093 2902 tribunos
1104 2845 1253 2913 militares,
1354 2858 1359 2867 ‘

204 2945 351 3018 incurrunt,
369 2949 399 3006 in
422 2966 472 3004 eos
495 2949 532 3004 ab
554 2964 586 3003 se
606 2946 680 3004 bum
702 2946 795 3022 plebis
813 2948 1012 3024 invidiamque
1023 2952 1071 3007 die
1081 2949 1160 3008 dicta
1171 2967 1254 3006 aver·

205 3057 263 3108 tunt.
307 3051 421 3125 Quibus
444 3053 581 3120 delectus,-
604 3050 707 3125 quibus
729 3052 878 3124 tributum,
901 3056 1004 3129 quibus
1027 3055 1139 3113 diutine
1152 3053 1286 3112 militiab

205 3151 443 3230 longinquitasque
464 3157 532 3242 belli
560 3156 598 3213 sit
623 3157 738 3232 gravis,
768 3157 818 3231 qui
844 3158 928 3216 clade
957 3170 1078 3234 accepta
1103 3160 1142 3216 ad
1163 3159 1255 3216 Veios

205 3257 323 3332 doleant,
352 3261 403 3336 qui
430 3262 544 3320 amissis
571 3261 684 3331 liberis,
717 3261 871 3332 fratribus,
900 3265 1087 3338 propinquis,
1119 3262 1256 3320 affinibus

204 3361 325 3438 lugubres
347 3368 451 3426 domos
472 3368 617 3437 habeant,
631 3367 679 3424 iis
706 3367 814 3442 publici
842 3369 1008 3444 privatique
1035 3370 1145 3426 doloris
1173 3385 1255 3424 exse-

206 3473 299 3542 quendi
323 3474 368 3530 ius
400 3458 634 3548 potestatemque
662 3492 699 3530 ex
726 3473 839 3531 duobus
870 3474 966 3531 noxiis
990 3473 1133 3548 capitibus
1154 3473 1254 3530 datam
1407 3487 1417 3515 2

206 3577 235 3632 ab
253 3596 292 3649 se,
312 3587 487 3642 memorant.
530 3577 667 3636 Omnium
689 3595 816 3652 nemque
837 3579 980 3636 malorum
1001 3579 1032 3636 in
1055 3579 1158 3654 Sergio
1177 3579 1289 3658 Ver-‘6
1423 3561 1436 3568 ’

207 3681 454 3758 ginioqueeauses
477 3703 554 3754 esse3
575 3702 629 3740 nec
642 3684 674 3740 id
685 3691 885 3742 accusatorem
906 3686 1002 3760 magis
1023 3703 1146 3760 arguere
1167 3701 1255 3757 quarn

208 3784 279 3846 lateri
298 3809 373 3859 rece,
397 3791 447 3866 qui
468 3790 549 3848 noxii
571 3789 659 3847 ambo
682 3789 754 3846 alter
775 3788 804 3844 iu
827 3787 949 3846 alterum
964 3788 1255 3855 ocueemconierant,

208 3890 293 3968 iugem
308 3897 404 3972 Sergii
415 3897 582 3972 Verginius,
607 3895 725 3970 Sergius
740 3894 934 3969 proditionem
947 3895 1101 3970 increpans
1114 3894 1255 3966 Verginii.

209 3997 322 4070 Quorum
344 4003 419 4060 adeo
441 4001 637 4059 incredibilem
660 4000 817 4058 amentiam
838 3998 936 4069 foisse,
955 4009 989 4072 ut
1000 4002 1091 4058 multo
1102 4001 1165 4057 veri
1176 3999 1286 4060 simi-7

209 4101 252 4162 lius
271 4108 318 4179 eit,
346 4116 499 4183 compecto
522 4125 586 4164 eam
613 4125 675 4164 rem
703 4114 732 4162 et
760 4106 907 4162 communi
935 4106 1040 4164 fraude
1067 4107 1256 4182 patriciorum

210 4219 296 4271 actam.
343 4217 396 4272 Ab
416 4214 462 4271 bis
485 4225 514 4270 et
539 4213 619 4287 prius
647 4213 747 4269 datum
774 4211 870 4268 locum
891 4211 1063 4280 Veientibus
1091 4212 1130 4268 ad
1157 4187 1288 4272 incon-8

210 4314 287 4378 denda
306 4340 408 4398 opera,
429 4319 497 4377 belli
517 4318 650 4376 trahendi
673 4335 772 4386 causa,
795 4323 824 4372 et
837 4337 914 4378 nunc
926 4320 1073 4394 proditum
1088 4321 1256 4389 exercitum,
