3392 5084
460 529 519 586 236
709 525 788 576 Liber
804 525 852 576 lv.
891 524 937 586 (A.
949 539 976 576 u.
989 539 1010 575 e.
1024 526 1188 586 ddi-³84.)

386 709 405 767 8
417 710 594 781 valuissent:
609 727 641 768 se
662 715 771 766 vestem
794 727 858 767 cum
881 726 916 765 eo
930 715 1109 780 mutaturos,
1125 717 1189 766 tum
1203 707 1387 766 Hortensius
1405 709 1481 777 ,Non

417 814 545 872 videbit“
566 813 663 888 inquit
685 813 785 889 „plebs
807 815 943 872 Romana
968 813 1134 871 sordidatos
1160 811 1294 870 tribunos
1324 832 1410 874 snos.
1452 812 1481 872 C.

418 918 621 992 Sempronium
643 919 714 976 nihil
735 937 844 988 moror,
867 919 985 994 quando
995 920 1052 976 boc
1067 925 1112 976 est
1124 917 1154 974 in
1167 918 1291 993 imperio
1307 927 1482 987 consecutus,

386 1027 450 1082 9ut
473 1033 532 1092 tam
555 1041 639 1082 cerus
662 1033 738 1081 esset
759 1023 928 1082 militibus.“
963 1024 1029 1082 Nec
1048 1024 1142 1100 pietas
1155 1031 1297 1098 quattuor
1307 1024 1482 1082 tribunorum

418 1147 506 1204 quam
518 1129 668 1187 Hortensii
678 1138 737 1186 tam
753 1127 898 1204 placabile
912 1128 950 1186 ad
971 1129 1065 1186 iustas
1086 1147 1187 1204 praees
1201 1129 1363 1203 ‘ingenium
1387 1129 1483 1204 pariter

417 1233 495 1309 plebi
515 1233 706 1308 patribusque
727 1233 838 1308 gratius
860 1233 925 1292 fnit.

369 1331 428 1385 10·
500 1339 571 1396 Non
594 1338 700 1396 diutius
725 1337 844 1396 fortuna
862 1339 972 1413 AEqnis
992 1338 1127 1408 indulsit,
1156 1339 1207 1412 qui
1228 1336 1406 1415 ambiguam
1432 1339 1482 1394 vic·

322 1427 367 1497 43
418 1443 522 1502 torism
548 1444 720 1502 Volscorum
749 1461 803 1518 pro
831 1463 886 1500 sua
917 1442 1046 1518 amplexi
1066 1441 1192 1503 fuerant.
1234 1444 1387 1502 Proximo
1408 1463 1483 1507 anno,

239 1511 509 1637 ssff'i'gll’Num.
532 1550 628 1608 Febio
651 1549 810 1619 Vibulano,
832 1551 875 1606 T.·
896 1548 1033 1621 Quinctio
1054 1546 1214 1623 Capitolini
1233 1549 1298 1606 filio
1323 1547 1483 1624 Capitolino

419 1655 595 1726 consulibus,
617 1656 704 1713 ductu
727 1654 822 1724 Fabii,
844 1653 891 1712 cni
912 1663 991 1710 sorte
1012 1672 1048 1710 ea
1068 1653 1221 1728 provincia
1241 1664 1403 1726 evenerat,
1424 1654 1484 1711 nibil
1514 1703 1519 1712 .

387 1759 536 1834 idignum
559 1767 720 1816 memoratu
743 1767 855 1828 actum3
883 1777 971 1833 quum
993 1758 1137 1833 trepidam
1159 1766 1272 1836 tantum
1296 1760 1484 1818 ostendissent

419 1865 509 1922 aciem
521 1865 624 1940 AEqui,
645 1864 724 1939 turpi
737 1863 809 1938 fuga
822 1862 992 1932 funduntur,
1013 1863 1093 1920 haud
1108 1881 1215 1938 magno
1229 1865 1366 1922 consulis
1381 1866 1484 1922 decore.

417 1973 523 2044 Itaque
556 1969 718 2044 triumphus
748 1977 886 2042 negatus,
918 1976 1046 2025 ceterum
1075 1969 1113 2024 ob
1142 1968 1369 2048 Sempronianae
1405 1969 1484 2026 cladis

417 2075 544 2133 levatam
565 2073 771 2150 ignominiam,
793 2083 825 2132 ut
846 2090 939 2129 ovans
960 2075 1061 2130 urbem
1083 2073 1219 2145 intraret,
1240 2092 1419 2132 concessum
1440 2083 1483 2130 est

387 2182 405 2237 3
502 2178 755 2253 Quemadmodum
779 2179 886 2236 bellum
909 2178 1039 2248 minore,
1064 2197 1153 2258 quam
1174 2177 1351 2251 timuerant,
1375 2180 1484 2238 dimice-

417 2285 496 2344 tione
511 2294 574 2342 erat
587 2283 758 2360 perfectum,
780 2285 821 2343 sic
835 2284 866 2340 in
880 2284 954 2340 urbe
967 2302 1005 2340 ex
1019 2282 1177 2357 tranquillo
1198 2285 1384 2358 necopinata
1405 2284 1484 2341 mole

418 2389 628 2448 discordiarum
655 2391 730 2447 inter
748 2373 873 2464 'plebem
902 2407 937 2446 ae
965 2397 1063 2463 patres
1094 2395 1199 2447 exorta
1229 2399 1293 2458 est,
1328 2399 1430 2466 coepta
1454 2392 1484 2446 ab
1529 2423 1530 2427 =

387 2492 593 2571 lduplicando
629 2504 805 2568 quaestorum
840 2511 971 2552 numero.
1026 2493 1123 2566 Quam
1157 2511 1236 2564 rem,
1272 2505 1387 2569 praeter
1422 2497 1484 2552 duos

417 2601 545 2658 urbanos
567 2608 732 2672 quaestores
749 2599 807 2656 duo
830 2607 863 2655 ut
883 2599 1050 2656 oonsulibus
1069 2599 1107 2654 ad
1130 2597 1291 2656 ministeria
1303 2601 1376 2658 belli
1388 2611 1483 2678 pineto

418 2713 527 2772 essent,
557 2723 576 2760 e
598 2679 909 2762 consulibus'reletam
935 2723 1024 2778 quum
1046 2712 1077 2760 et
1096 2714 1195 2779 patres
1217 2721 1336 2762 summa
1358 2725 1419 2780 ope
1438 2725 1483 2780 ap·

417 2810 605 2884 probassent,
634 2807 741 2864 tribuni
769 2807 849 2885 plebi
878 2819 1024 2867 certamen
1050 2808 1222 2877 intulerunt,
1252 2819 1285 2865 ut
1317 2827 1395 2884 pars
1416 2830 1484 2886 qus·

418 2923 528 2972 storum
564 2915 644 2986 (nem
678 2914 717 2970 ad
751 2914 781 2970 id
812 2924 925 2990 tempus
953 2914 1069 2990 patricii
1093 2913 1183 2970 creati
1211 2914 1309 2986 erant)
1341 2935 1383 2973 ex
1410 2917 1484 2992 plebe

387 3021 506 3078 bfieret.
554 3021 707 3078 Adversus
735 3037 823 3094 quem
847 3019 990 3076 uodonem
1012 3019 1108 3094 primo
1132 3028 1161 3074 et
1181 3019 1318 3077 consules
1341 3031 1373 3078 et
1394 3031 1483 3097 patres
1512 3051 1516 3060 ·

417 3142 532 3182 summe
553 3113 725 3200 ope'annisi
739 3134 820 3193 sunt3
842 3124 1027 3182 concedendo
1039 3124 1152 3191 deinde,
1174 3133 1216 3199 nt,
1239 3128 1483 3198 quemadmodum
1526 3150 1527 3201 3

416 3231 446 3287 in
481 3229 603 3288 tribunis
637 3229 782 3292 consulari
811 3238 957 3303 potestate
984 3229 1118 3287 creandis
1146 3228 1218 3302 'susi
1246 3239 1332 3302 sunt,
1369 3213 1483 3306 adseque
1526 3212 1528 3241 ³

416 3331 478 3410 in¹)
502 3336 693 3410 quoesmribus
714 3335 836 3392 liberum
860 3342 937 3390 esset
958 3332 1108 3391 arbitrium
1130 3335 1246 3409 populi,
1269 3354 1362 3409 quum
1386 3355 1482 3412 pamm

416 3441 599 3515 proficerent,
620 3448 712 3496 totam
735 3457 796 3496 rem
819 3437 857 3494 de
869 3425 1005 3512 augendo
1017 3447 1192 3512 questurum
1203 3459 1329 3498 numero
1343 3443 1482 3499 omittunt.

387 3543 575 3618 dExoipiunt
605 3545 742 3602 omissam
773 3542 897 3611 tribuni,
931 3543 1052 3619 ulioeque
1082 3544 1220 3614 subinde,
1249 3543 1328 3602 inter
1357 3537 1434 3620 (iuss
1459 3555 1482 3600 et

417 3648 541 3723 agrariae
561 3647 643 3722 legis,
665 3647 809 3706 seditiosa
831 3647 1130 3719 aetioneeexsistunt3
1153 3656 1273 3758 proptpr
1294 3668 1370 3725 quos
1394 3659 1482 3710 motus

417 3771 506 3828 quum
536 3762 667 3811 senatus·
683 3752 816 3810 consules
846 3770 933 3826 quam
957 3754 1089 3811 tribunos
1119 3753 1212 3814 creari
1242 3755 1359 3822 mallet,
1395 3771 1482 3829 neque

415 3867 517 3934 posset
543 3877 597 3933 per
624 3857 844 3916 intercessiones
871 3857 1040 3915 tribunicias
1069 3868 1186 3916 senatus
1217 3861 1383 3918 consultum
1416 3857 1482 3925 fieti,

386 3969 463 4024 'lres
484 3963 600 4039 publica
622 3981 641 4020 a
662 3961 828 4020 consulibus
848 3955 892 4018 ad*
907 3962 1113 4036 interregnum,
1135 3981 1230 4037 neque
1242 3964 1381 4040 idipsum
1402 3962 1481 4040 (num

416 4068 494 4127 coire
514 4069 653 4145 patricios
669 4066 776 4124 tribuni
786 4066 995 4142 prohibebant)
1016 4068 1247 4126 sinecertamine
1259 4070 1380 4146 ingenti,
1402 4067 1480 4126 redit.

385 4174 512 4248 8Qnum
534 4193 604 4250 pars
626 4172 721 4230 maior
735 4171 919 4245 insequentis
940 4171 1010 4228 anni
1037 4192 1092 4248 per
1121 4189 1216 4232 noros
1243 4174 1377 4232 tribunos
1407 4170 1480 4249 plebi

442 4341 465 4408 1)
481 4305 573 4395 Potest
591 4344 712 4406 scriptum
725 4341 815 4391 luisse:
831 4367 863 4376 -
877 4344 1029 4392 creandis
1048 4345 1099 4395 ius
1119 4345 1244 4395 sissent
1261 4345 1435 4407 adaquari,
1452 4345 1479 4390 in

486 4413 708 4477 questoribns
727 4418 783 4460 ees
867 4444 875 4471 ,

1525 3358 1527 3489 t

1525 3502 1527 3609 ι
