3392 5084
395 722 456 782 mn
485 723 551 780 nu
581 724 618 781 es
648 724 720 779 urse
749 721 868 780 enom
894 723 981 795 uus.)
1011 728 1027 793 s
1051 728 1067 781 5
1097 724 1472 799 pestilentissimus
1540 682 1541 759 Ϊ

397 807 474 877 (Em.
497 806 579 865 Lien.
597 824 628 881 p.
653 807 703 874 12)
720 803 727 882 1
745 816 854 879 posset.
996 838 1018 859 x

480 889 538 950 tlt.
559 890 581 948 l.
641 887 715 963 cap.
738 889 763 956 I,
793 892 802 942 1
830 888 946 945 luerunt
978 888 1055 959 (Era.
1078 889 1130 961 38)
1171 891 1194 945 2'
1212 890 1300 945 muris
1321 888 1468 945 Adriatici

396 970 450 1043 (ll)
483 973 501 1027 3
526 971 571 1027 Et
586 971 615 1027 in
638 988 723 1045 quern
739 970 805 1041 (119.
830 970 974 1027 [bruculo
995 973 1063 1028 nihil
1084 972 1127 1027 hio
1148 973 1202 1029 loci
1221 972 1346 1029 habebut.
1381 972 1471 1027 Eius-

397 1054 459 1109 dem
481 1047 691 1127 permutationis
710 1055 770 1109 olto
788 1056 912 1128 eremplo
937 1072 964 1112 u.
986 1054 1049 1112 Em.
1067 1074 1099 1129 p.
1124 1056 1195 1122 1043
1223 1052 1287 1124 III,
1312 1055 1362 1122 51,
1384 1054 1415 1125 9)
1442 1052 1448 1131 Ι

395 1135 491 1210 primo
518 1136 580 1210 (M)
603 1142 621 1193 4
648 1136 741 1192 Troia
772 1141 788 1191 5
811 1144 996 1210 superessent
1019 1141 1034 1193 7
1062 1136 1271 1193 Laurentinum
1287 1136 1349 1208 (M)
1378 1139 1396 1193 8
1419 1156 1471 1193 ur-

395 1218 441 1274 bis
466 1216 517 1291 (P)
550 1223 583 1274 lb
603 1236 640 1275 es
661 1236 709 1275 rss
731 1218 831 1292 utique
853 1220 915 1290 (M)
950 1223 980 1275 11
1001 1220 1098 1294 stirpis
1120 1220 1162 1289 Il,
1188 1224 1198 1275 1
1226 1213 1407 1291 Troianique
1428 1219 1469 1275 si·

397 1300 457 1357 mul
475 1300 557 1375 petiti
580 1302 642 1374 (M)
667 1305 685 1358 6
710 1320 829 1375 operum
853 1301 1018 1357 mortalium
1042 1302 1103 1375 (M)
1125 1303 1183 1371 III,
1209 1305 1226 1359 3
1249 1302 1386 1375 relinquit
1405 1302 1471 1375 (M)

400 1385 432 1439 11
460 1384 605 1440 interemit
633 1385 689 1456 (M,
711 1383 776 1439 Em
798 1383 850 1455 38)
887 1385 943 1452 IV,
976 1390 991 1440 4
1018 1384 1306 1458 quedem-divinitus
1327 1378 1469 1457 (Merula.

399 1465 514 1527 Livius.
544 1467 623 1522 horno
650 1467 679 1521 in
706 1467 787 1522 rebus
816 1467 858 1521 od
878 1468 1033 1539 rulipionem
1059 1469 1261 1541 pertinentibus
1278 1469 1462 1535 cautissimus,
1541 1517 1542 1551 ,

397 1549 541 1621 affirmare
561 1546 615 1604 non
631 1551 732 1623 potnit,
763 1550 813 1604 hoc
837 1550 969 1605 diuinitus
982 1552 1092 1623 suctum
1113 1566 1171 1605 esse
1177 1572 1187 1615 ,-
1215 1550 1273 1606 uid.
1295 1548 1375 1605 modo
1397 1554 1412 1618 ξ
1434 1550 1470 1604 2:
1541 1560 1542 1633 (

398 1649 449 1686 seu
471 1631 513 1690 ite
532 1642 598 1687 rats
619 1648 670 1687 seu
693 1631 763 1704 quie
784 1632 847 1704 cet.)
878 1632 1016 1688 5allnvie
1040 1630 1141 1704 (tiron.
1167 1632 1313 1689 Alluviem
1337 1632 1371 1687 de
1391 1650 1471 1705 aqua
1541 1662 1542 1675 .

371 1741 378 1751 ·
400 1714 547 1769 inundanti
569 1722 596 1770 et
616 1716 758 1783 stopnanti
771 1715 828 1769 dici
847 1732 933 1789 neque
946 1717 1043 1787 somna
1058 1711 1185 1771 vocabuli
1203 1732 1291 1789 neque
1305 1732 1372 1771 usus
1386 1717 1453 1771 sinit
1459 1736 1470 1779 3

400 1814 434 1851 eu
454 1796 685 1869 proximeeluvie
700 1799 789 1870 sutile
810 1806 905 1853 notum
919 1806 960 1853 est
979 1797 1226 1871 proximslluvic.)
1257 1796 1336 1857 6his
1367 1799 1470 1871 8per-
1541 1824 1542 1827 ¹

400 1895 506 1951 sgrsre
527 1878 618 1934 saltus
640 1879 686 1952 (H
703 1879 744 1951 L)
766 1881 804 1948 V,
829 1886 840 1935 1
871 1880 987 1936 Palatio
1010 1890 1108 1936 monte
1129 1883 1187 1935 sine
1209 1883 1286 1936 unsis
1316 1881 1383 1951 (llp.
1407 1880 1486 1936 Pa·-
1541 1896 1542 1903 ’

400 1960 502 2015 latium
525 1979 609 2017 mons
623 1963 784 2019 coniunctim
796 1982 851 2017 non
872 1962 974 2018 dieitur
981 1984 992 2027 ,-
1014 1972 1112 2019 monte
1126 1980 1160 2017 eu
1172 1965 1306 2037 proeimis
1320 1962 1471 2019 Palatium

401 2055 527 2099 montem
551 2045 604 2100 huo
627 2053 775 2101 retractum
800 2044 862 2116 est.)
893 2045 1073 2102 lNumitori
1103 2044 1139 2100 ed
1169 2044 1340 2120 supplicium
1360 2041 1420 2117 (M)
1453 2049 1471 2099 5

400 2125 512 2200 aperire
523 2126 600 2199 (Em.
613 2128 664 2198 38)
689 2128 756 2183 led
771 2127 829 2184 vim
846 2136 976 2201 apertam
993 2122 1052 2200 (M)
1078 2128 1130 2196 VI,
1156 2132 1165 2183 1
1183 2128 1294 2184 scelera
1309 2128 1370 2200 (M)
1393 2126 1472 2187 :this

400 2208 472 2274 VII,
497 2213 513 2263 5
537 2209 578 2282 (P
589 2227 716 2269 aversae.
752 2211 852 2266 Livius
874 2212 1017 2284 scripsisse
1037 2209 1158 2265 vidente:
1182 2228 1310 2274 aversas,
1332 2209 1471 2265 eximium

401 2308 556 2364 quemque,
578 2301 610 2347 ut
632 2294 648 2345 7
671 2304 743 2349 acte
769 2294 860 2349 boves
884 2292 1015 2365 quaedam
1029 2322 1067 2333 -
1080 2292 1245 2348 relicturum
1269 2302 1295 2349 et
1317 2294 1369 2349 12:
1391 2293 1470 2348 bove

401 2373 509 2429 eximie
538 2384 632 2448 captu
662 2375 732 2449 My.)
770 2381 785 2431 7
812 2376 966 2431 vadentem
997 2374 1033 2430 sd
1067 2374 1233 2449 speluncam
1264 2374 1326 2447 (M)
1351 2373 1473 2447 (morte

402 2455 583 2529 (Wesmberq
593 2458 634 2512 od
645 2455 700 2516 Cio.
715 2456 824 2515 Tusoul.
838 2456 914 2532 Hp.
930 2458 972 2512 26·
986 2457 1025 2529 n.)
1045 2458 1080 2512 13
1092 2458 1195 2530 hisque
1209 2456 1297 2526 VIII,
1321 2459 1337 2512 3
1351 2455 1471 2531 cpperi-

400 2547 479 2593 tores
500 2539 555 2610 [ct]
584 2540 639 2596 hoc
670 2559 761 2614 genus
787 2540 859 2613 (loo.
883 2538 982 2611 Gron.)
1012 2536 1114 2612 (Codd.
1145 2548 1189 2594 est
1219 2557 1387 2608 nnmerum3
1416 2558 1468 2595 em.
1542 2565 1543 2577 ¹

400 2620 591 2693 Heumannus)
624 2627 641 2677 5
664 2623 822 2679 adiciendae
854 2623 910 2696 (ed.
933 2621 1050 2677 Arcens.
1072 2620 1163 2694 1113)
1185 2621 1243 2691 IX,
1274 2624 1291 2679 3
1316 2640 1386 2696 opes
1412 2622 1471 2678 sibi
1542 2636 1543 2697 j

401 2702 464 2775 (M)
500 2708 516 2759 5
540 2706 719 2774 metuebant3
750 2725 784 2761 uc
805 2705 953 2780 plerisque
981 2702 1057 2776 (Em.
1079 2703 1130 2776 38)
1156 2708 1171 2759 7
1203 2704 1407 2761 concelebrant
1427 2736 1471 2747 --

400 2784 530 2843 fecerent
548 2788 615 2859 (Mp.
637 2789 701 2847 Em.
726 2788 776 2861 lo)
801 2790 819 2842 9
841 2787 900 2844 ism
924 2786 1100 2844 Sabinorum
1123 2786 1287 2860 (Scheibius)
1315 2790 1349 2844 tn
1370 2787 1472 2861 specis

401 2886 436 2924 ac
456 2852 669 2942 pulchritudine
689 2871 829 2945 insignem
853 2869 915 2943 (Μ)
937 2870 978 2934 Χ,
1008 2870 1025 2925 2
1050 2886 1137 2943 egere
1150 2870 1211 2935 „his
1233 2870 1291 2940 XI,
1307 2872 1339 2945 ΧΒ
1361 2869 1472 2927 lebnlae

401 2948 562 3024 (Glareon.)
584 2953 659 3022 XII,
682 2954 846 3010 loiebsnt:
872 2953 910 3008 sb
932 2951 1008 3025 (Em.
1030 2953 1082 3025 41)
1105 2954 1122 3009 3
1145 2950 1269 3025 fuseque
1291 2962 1335 3009 est
1357 2952 1395 3007 ed
1417 2971 1471 3008 ve-

401 3042 490 3089 terem
545 3047 638 3091 ortam
670 3036 787 3093 Palatii
820 3034 963 3092 Romulus
994 3034 1076 3107 (ild.)
1115 3039 1133 3092 6
1166 3045 1381 3091 monumentum
1419 3036 1472 3108 (P)

399 3115 491 3181 XIII,
521 3054 542 3172 l
569 3134 601 3174 se
629 3119 770 3191 sangnine
799 3117 863 3190 (M)
896 3122 912 3173 5
944 3134 1049 3190 equom
1080 3114 1198 3174 Curtius
1232 3118 1304 3191 (cod.
1334 3116 1417 3176 Leto.
1441 3120 1473 3188 2,

400 3197 568 3268 &hellinum
590 3200 619 3255 P
636 3214 728 3273 equos
743 3198 874 3272 Curtius)
898 3198 987 3268 XIV,
1012 3204 1027 3255 7
1044 3200 1123 3256 circs
1137 3198 1228 3257 densa
1248 3200 1322 3257 inter
1342 3200 1473 3275 virgulta

400 3281 532 3337 obscuris
553 3282 703 3339 susbsidere
723 3283 753 3338 in
776 3282 888 3339 insidiis
910 3301 925 3338 e
945 3284 1013 3337 coni.
1042 3283 1135 3356 (codd.
1158 3300 1260 3352 omnem
1289 3283 1354 3339 Eun.
1377 3284 1418 3338 42
1440 3302 1469 3341 u.

400 3363 435 3418 In
465 3363 678 3421 Weissenbornii
696 3368 852 3421 coniectura
869 3383 960 3440 prave
983 3368 1114 3421 obscures
1143 3364 1264 3421 insidiae'
1282 3368 1470 3440 appellantur,

394 3463 505 3518 mouns
533 3456 574 3502 est
602 3448 745 3503 verborum
773 3448 867 3519 ordo.)
901 3450 918 3503 9
943 3446 1050 3521 quique
1082 3466 1146 3505 cum
1179 3466 1215 3503 eo
1246 3448 1356 3521 equites
1386 3458 1472 3505 erent

400 3527 475 3600 (Em.
514 3530 553 3584 41
590 3530 646 3603 sq.)
698 3530 775 3599 XV,
822 3534 834 3586 1
876 3528 1059 3609 stimulabat,
1102 3531 1132 3587 in
1168 3531 1244 3587 lines⁴
1275 3532 1471 3605 (interpunctio

399 3610 542 3666 mendcio
576 3629 595 3665 a
628 3610 814 3687 Kreyssipio)
860 3613 951 3681 XVI,
988 3615 1006 3669 8
1036 3612 1107 3669 fides
1144 3612 1250 3679 XVII,
1292 3616 1304 3669 l
1344 3614 1469 3670 necdum

400 3711 418 3747 a
453 3691 573 3766 singulis
606 3692 759 3767 (Gelenius)
786 3694 790 3772 Ι
814 3696 844 3751 in
877 3711 955 3752 noro
985 3696 1112 3770 populo,
1148 3714 1201 3769 per
1232 3696 1290 3751 vim
1324 3705 1376 3753 sut
1407 3695 1468 3752 fac·

399 3774 525 3830 tionibus
562 3793 576 3830 e
611 3780 678 3832 coni.
720 3777 771 3849 (M
800 3778 830 3833 P
863 3780 945 3835 ceteri
980 3779 1100 3853 antiqui)
1144 3782 1161 3839 6
1201 3778 1319 3853 quinum
1358 3778 1469 3837 dierum

400 3856 492 3929 (codd.
515 3858 617 3930 omnes)
647 3858 769 3928 XVIII,
799 3862 816 3917 2
840 3859 999 3917 Crotonem
1030 3858 1216 3933 (Glareanus)
1247 3862 1264 3917 3
1295 3878 1360 3935 quae
1388 3860 1471 3917 fama

398 3938 428 3994 in
452 3939 598 3996 Sabinos?
627 3940 781 4015 (Siponius)
813 3944 830 3999 8
862 3943 960 4017 quoad
982 3942 1054 4016 (qud
1086 3944 1126 4000 M
1150 3943 1228 4017 quod
1256 3944 1296 4016 P)
1328 3944 1425 4013 XIX,
1451 3948 1469 4000 6

349 4090 361 4099 ,
399 4021 492 4093 (codd.
504 4023 704 4093 intercalarem
719 4044 769 4083 em.
786 4025 971 4097 Heerwupem
994 4026 1127 4105 edebatur
1137 4035 1218 4083 anteo
1236 4025 1470 4099 intercalaribus)

399 4104 490 4172 XXI,
518 4110 525 4161 1
547 4104 745 4163 iusiurandum
767 4108 904 4181 proximo
926 4108 1023 4183 legum
1046 4109 1114 4181 (My.
1136 4109 1195 4165 Pro
1223 4109 1326 4165 abieoto
1355 4118 1381 4165 et
1408 4128 1470 4165 ser-

398 4186 448 4243 uili
469 4188 557 4261 ispum
577 4206 612 4245 oc
628 4208 774 4263 penarum
794 4201 866 4246 metu
881 4192 1036 4247 honestiora
1058 4192 1168 4248 uincula
1189 4193 1294 4249 animos
1308 4194 1471 4249 continuisse

385 4268 536 4327 dicuntur.
594 4271 723 4329 Codicum
755 4276 897 4347 scripturo
929 4276 1129 4331 enarrationem
1168 4274 1380 4339 defensionemve
1417 4294 1470 4331 non

398 4355 502 4428 recipit.
544 4354 639 4412 Error
668 4366 746 4413 ortus
766 4356 877 4413 uidetur
908 4375 941 4413 eu
972 4356 1162 4432 probnoxio.)
1206 4356 1350 4415 lvialeri
1374 4358 1452 4436 (ll)(
