3392 5084
383 551 386 557 ,
487 529 565 579 mm
582 527 643 578 vll.
678 525 952 589 (nenses-sse.)
1164 529 1203 586 49

208 717 290 772 tudine
310 715 369 772 alia
389 713 481 770 multa
499 711 603 769 funera
622 711 724 782 fuissc;
751 710 935 784 maximeque
963 728 1027 766 eam
1055 710 1246 785 pestilentiam

206 824 332 896 insignem
355 839 433 878 mora
455 819 587 893 quamvis
608 828 737 887 matura,
758 825 856 874 tamen
878 815 983 872 acerba
1003 815 1046 875 Μ.
1067 816 1148 872 Furii
1168 816 1244 878 fecit.

206 930 263 985 Fuit
292 927 368 985 enim
401 943 471 982 vere
499 924 546 981 rir
575 923 676 980 unicus
701 922 731 978 in
758 921 836 978 omni
858 920 991 991 fortuna,
1021 922 1154 998 princeps
1175 923 1275 999 paceii

206 1034 334 1106 belloque,
357 1030 525 1107 priusquam
547 1028 707 1086 exsulatum
728 1027 799 1096 iret,
822 1026 928 1084 clarior
954 1026 984 1083 in
1005 1021 1108 1084 exsilio
1129 1027 1176 1084 vel
1197 1029 1246 1086 de·

205 1139 295 1194 siderio
317 1135 459 1207 civitatis,
503 1153 566 1210 quae
593 1143 679 1209 capta
708 1132 834 1190 absentis
863 1133 1030 1208 imploravit
1060 1153 1162 1210 opem,
1200 1135 1248 1192 vel

203 1242 336 1315 felicitate,
361 1259 420 1317 qua
442 1240 588 1299 restitutus
614 1240 643 1296 in
663 1237 788 1314 patriam
809 1257 906 1296 secum
934 1239 1058 1314 patriam
1086 1239 1179 1315 ipsam
1201 1259 1246 1298 re·

203 1350 297 1420 stituit3
330 1369 388 1425 par
420 1346 524 1402 deinde
552 1365 605 1421 per
636 1344 762 1418 quinqua
790 1353 818 1401 et
846 1345 949 1419 viginti
970 1361 1061 1402 annos
1095 1342 1150 1420 (tot
1171 1347 1245 1404 enirn
1261 1347 1296 1403 10

203 1467 290 1530 postea
327 1452 421 1529 vixit)
450 1451 533 1508 titulo
568 1460 655 1507 tantae
689 1451 788 1525 gloriae
822 1449 892 1520 fuit,
928 1449 1087 1524 dignusque
1121 1451 1246 1524 habitus,

202 1580 273 1634 quem
295 1559 457 1622 secundum
481 1577 500 1614 a
521 1556 646 1615 Romulo
668 1557 845 1615 conditorem
868 1555 946 1612 urbis
968 1557 1108 1613 Romanae
1129 1555 1246 1616 ferrent.
1298 1634 1303 1647 x

269 1668 310 1723 Et
330 1667 390 1722 hoc
411 1674 441 1722 et
462 1662 623 1737 insequenti
643 1681 734 1731 anno,
764 1660 797 1720 C.
821 1660 949 1736 Sulpicio
971 1661 1082 1730 Petico,
1111 1660 1145 1722 C.
1167 1663 1244 1721 Lici·
1314 1652 1336 1721 2

201 1773 238 1828 nio
258 1771 381 1831 Stolone
402 1770 577 1839 consulibus,
597 1767 759 1843 pestilentia
779 1767 842 1825 fuit.
886 1767 931 1824 Eo
953 1765 1023 1824 nihil
1044 1767 1160 1843 dignum
1183 1737 1419 1859 meffl‘h‘l'assllf'

201 1879 280 1935 moria
303 1887 414 1948 actunn
445 1875 501 1931 nisi
522 1874 600 1948 quod
622 1873 701 1948 pacis
722 1873 807 1929 deum
829 1873 1018 1948 exposcendae
1046 1891 1135 1930 causa
1156 1875 1271 1938 tarti02

200 1993 247 2038 tum
278 1992 350 2058 post
380 1982 525 2040 conditam
558 1981 659 2037 urbem
687 1978 890 2036 lectisternium
920 1977 989 2048 suit3
1022 1989 1049 2036 et
1080 1999 1167 2055 quum
1197 1982 1273 2041 vis3

200 2087 280 2144 morbi
300 2105 358 2144 nec
378 2086 511 2144 humanis
534 2083 660 2143 consiliis
690 2103 743 2142 uec
764 2102 819 2159 ope
840 2083 938 2140 divina
969 2083 1128 2155 levaretur,
1161 2086 1244 2144 victis

196 2193 391 2268 superstitione
420 2191 523 2248 animis
543 2190 603 2247 ludi
633 2207 748 2264 quoque
768 2188 887 2258 scenici,
921 2208 1000 2246 nova
1030 2210 1076 2248 res
1108 2192 1245 2249 bellicoso

196 2299 292 2374 populo
316 2298 400 2375 [nam
422 2297 491 2354 circi
513 2297 599 2353 modo
620 2295 815 2370 spectaculum
836 2291 955 2366 fuerat),
985 2295 1061 2352 inter
1082 2296 1139 2354 alio
1161 2297 1244 2354 caele-

197 2403 239 2459 stis
257 2404 308 2460 irae
330 2402 498 2478 placamina
517 2401 640 2459 instituti
661 2401 801 2460 dicuntur.
843 2385 977 2458 Ceterum
1004 2420 1097 2476 parva
1120 2407 1273 2478 quoque‚4

198 2518 224 2563 ut
241 2508 334 2566 ferme
357 2508 499 2583 principia
516 2507 622 2576 omnia,
644 2517 673 2566 et
691 2526 727 2563 aa
746 2508 812 2582 ipsa
831 2507 984 2582 peregrina
1004 2526 1051 2564 res
1072 2500 1150 2568 fuit
1177 2509 1245 2568 Sine

198 2616 315 2672 carmine
339 2615 410 2684 ullo,
431 2613 493 2670 sine
512 2613 718 2670 imitandorum
742 2613 902 2681 carminum
924 2621 991 2671 actu
1013 2612 1093 2685 ludii,
1103 2615 1244 2673 -bomines

199 2739 228 2776 ex
244 2721 368 2778 Etruria
389 2720 482 2790 acciti,
503 2720 540 2776 ad
561 2718 684 2776 tibicinis
705 2719 809 2776 modos
828 2718 975 2789 saltantes,
996 2720 1074 2777 haud
1094 2720 1245 2779 indecoros

199 2837 281 2893 notus
304 2846 390 2884 more
411 2828 509 2884 Tusco
529 2827 647 2882 dabant.
694 2823 806 2880 Imitari
833 2823 934 2880 deinde
965 2842 1014 2881 eos
1036 2825 1178 2896 iuventus,
1206 2827 1275 2886 si·5

198 2933 247 2988 mul
266 2931 426 2990 inconditis
454 2932 529 2988 inter
562 2950 594 2987 se
614 2929 754 2986 iocularia
774 2928 926 2988 fundentes
947 2931 1092 3001 versibus,
1124 2949 1245 3008 coepere,

198 3055 242 3094 uec
261 3038 369 3096 absoni
391 3057 410 3095 a
431 3056 503 3095 voce
524 3044 619 3093 motus
641 3043 731 3092 erant.
781 3039 914 3112 Accepta
934 3037 1032 3111 itaque
1060 3055 1107 3094 res
1125 3037 1275 3112 impius-6

198 3161 245 3216 que
276 3143 448 3218 usurpando
481 3142 615 3200 excitata.
671 3141 843 3232 Vernaculis
875 3143 1045 3213 artificibus,
1078 3142 1145 3216 quia
1176 3143 1247 3200 ister

198 3248 286 3307 Tusco
318 3249 412 3304 verbo
441 3247 536 3304 ludius
562 3248 737 3315 vocabatur,
766 3265 872 3303 nomeu
897 3248 1081 3305 histrionibus
1108 3247 1245 3320 inditum3

199 3355 239 3427 qui
258 3374 336 3425 non,
364 3354 438 3411 sicut
458 3363 534 3423 ante,
562 3351 742 3410 Fescennino
772 3370 858 3409 versu
879 3353 999 3410 similem
1025 3352 1274 3428 incompositum

197 3466 296 3518 temere
321 3477 358 3516 ac
378 3460 479 3516 rudem
501 3458 618 3516 alternis
639 3457 798 3526 iaciebant,
819 3457 1022 3534 sedimpletas
1045 3459 1137 3516 modis
1166 3467 1253 3515 satu-¹

197 3583 238 3622 ras
257 3564 406 3639 descripto
426 3566 485 3622 iam
507 3565 546 3621 ad
566 3563 709 3621 tibicinem
725 3570 811 3619 cantu
835 3571 971 3637 motuque
991 3548 1159 3639 congruenti
1180 3583 1246 3639 per-

199 3674 325 3746 agebant.
386 3669 487 3727 Livius
515 3677 582 3744 post
610 3668 722 3742 aliquot
749 3686 855 3739 annos,
888 3670 936 3744 qui
964 3671 1001 3728 ab
1032 3671 1136 3728 saturis
1158 3666 1276 3728 ausus8

198 3788 235 3834 ast
254 3778 368 3853 primus
390 3782 560 3852 argumento
582 3773 709 3835 fabulam
732 3791 844 3842 serere,
866 3773 941 3832 idem
963 3776 1084 3846 scilicet,
1116 3776 1146 3833 id
1168 3776 1246 3851 quod

199 3900 291 3940 omues
310 3893 373 3938 tum
396 3889 492 3965 egent,
512 3898 629 3937 suorum
652 3880 809 3936 carminum
832 3889 929 3953 actor,
951 3882 1061 3953 dicitur,
1083 3901 1171 3956 quum
1192 3893 1276 3948 sae-9

198 3987 255 4059 pius
287 3997 443 4045 revocatus
475 4004 574 4042 vocem
601 3985 776 4055 obsedisset,
811 3987 898 4044 venia
927 3988 1017 4062 petita
1052 4008 1172 4064 puerum
1209 3989 1246 4044 ad

199 4095 355 4151 canendum
377 4101 443 4149 ante
464 4090 607 4149 tibicinem
631 4109 718 4164 quum
739 4092 894 4161 statuisset,
916 4094 1057 4151 cauticum
1081 4096 1173 4170 egisse
1195 4095 1247 4152 ali·

201 4212 303 4272 quanto
325 4199 419 4274 magis
441 4198 555 4273 vigente
575 4206 670 4267 motu,
693 4196 761 4271 quia
781 4197 852 4254 nihil
873 4199 951 4256 vocis
972 4218 1041 4256 usus
1061 4201 1245 4276 impediebat.

200 4304 267 4363 lude
303 4306 342 4363 ad
377 4325 494 4362 manum
526 4304 637 4362 cantari
674 4302 861 4360 histrionibus
896 4313 1018 4378 emptum
1060 4306 1247 4382 diverbiaque
1261 4307 1297 4366 to

223 4418 285 4455 liviae
300 4429 325 4456 ax
338 4428 377 4456 rae.
391 4416 488 4464 Helvitii.
516 4415 541 4455 ll.
1032 4413 1050 4456 4
