3392 5084
482 519 559 568 Liber
574 517 623 567 111.
659 516 929 579 (achaeo-ssa.)
1137 527 1189 582 161

199 717 302 773 usquam
328 701 489 817 noscitpre3
518 704 628 760 curiam
657 704 724 760 inde
753 723 788 762 ac
817 703 999 762 solitudinem
1021 706 1098 763 circa
1119 707 1232 765 decem·
1249 711 1284 765 10
1355 771 1366 790 δ

198 806 261 862 rios
286 805 405 877 intueri,
440 826 528 882 quum
548 818 577 866 et
595 809 667 884 ipsi,
692 827 834 867 comenses
855 809 978 866 invisum
1006 811 1173 887 imperium,
1205 823 1234 871 et

196 911 270 985 plebs,
292 912 359 985 quia
378 915 504 988 privatis
524 915 568 972 ius
588 934 648 973 non
673 923 749 972 esset
769 914 893 972 voemdi
915 924 1061 988 senatum,
1085 936 1143 975 uon
1165 937 1233 976 con·

196 1017 275 1074 venne
294 1028 408 1092 patres,
433 1020 703 1095 interpretarentnr3
731 1021 790 1077 iam
813 1020 944 1094 patefieri
965 1020 1127 1079 libertatem
1150 1041 1232 1099 repe·

197 1124 256 1180 tendi
278 1123 365 1194 mam,
387 1124 413 1181 si
433 1141 467 1182 se
485 1124 568 1200 plebs
588 1125 722 1183 comitem
744 1125 857 1183 senatui
871 1125 920 1183 det
930 1135 968 1193 et,
991 1128 1231 1201 quemadmodum

195 1239 273 1302 patres
293 1231 393 1287 vocati
413 1248 472 1287 non
494 1237 597 1309 coeant
616 1231 647 1287 in
668 1239 814 1300 senatum,
842 1230 884 1288 sic
905 1231 987 1306 plebs
1009 1233 1117 1290 abnuat
1139 1233 1233 1293 delec-

195 1344 249 1394 tum.
286 1335 358 1392 Haee
380 1334 509 1393 fremunt
527 1336 635 1411 plebes.
677 1337 799 1394 Petrum
827 1336 907 1393 haud
935 1335 996 1394 fere
1024 1333 1176 1413 quisquam
1203 1339 1233 1396 in
1249 1351 1282 1405 11

194 1441 252 1511 furo,
270 1443 298 1498 in
318 1444 393 1500 urbe
413 1441 474 1499 rari
494 1449 585 1498 erant.
627 1439 803 1515 Indignitate
822 1459 918 1498 rerum
938 1435 1124 1501 cesserantin
1136 1463 1233 1520 agros,

195 1566 346 1623 suarumque
367 1554 471 1605 rerum·
488 1557 586 1616 erant,
608 1545 717 1604 amissa
735 1545 862 1621 publica,
883 1555 996 1604 tantum
1018 1551 1056 1606 ab
1076 1543 1233 1608 iniuria'se

196 1653 276 1709 aare
315 1654 390 1724 rati,
434 1662 572 1728 quantum
616 1671 634 1709 a
673 1660 748 1712 coetu
782 1669 997 1728 congressuque
1032 1654 1232 1731 impotentium

195 1757 352 1816 dominorum
375 1778 409 1816 se
431 1760 615 1817 amovissent.
656 1758 817 1831 Postquam
839 1758 920 1815 citati
939 1777 998 1815 non
1012 1762 1232 1831 conveniebant,
1248 1772 1282 1826 12

195 1862 282 1920 dinisn
308 1865 389 1922 circa
419 1865 521 1922 domos
550 1863 732 1939 apparitores
763 1861 849 1921 simul
876 1864 914 1920 ad
944 1865 1065 1940 pignera
1092 1867 1232 1942 capienda

195 1970 446 2046 sciscitandumque,
467 1989 535 2027 num
557 1961 689 2028 consulto
710 1969 912 2026 detrectarent.
943 1970 1085 2029 Referunt
1099 1982 1230 2031 senatum

196 2074 215 2128 in
231 2079 299 2152 agris
319 2061 400 2135 esse}
440 2077 547 2134 Laetius
561 2077 591 2133 id
602 2068 772 2133 decemviris
787 2075 900 2146 accidit,
923 2077 1057 2151 quamsi,
1075 2087 1231 2152 praesentes

195 2181 328 2240 detrectare
349 2183 515 2258 imperium,
535 2181 684 2240 referrent.
729 2181 834 2238 Iubent
855 2180 941 2238 acciri
956 2199 1064 2252 omnes,
1086 2192 1281 2250 senatum-13

196 2304 236 2358 que
258 2287 285 2343 in
303 2263 389 2346 ldiem
419 2297 566 2363 posterum
594 2286 725 2357 edicnnt;
761 2286 810 2361 qui
840 2285 989 2360 aliquanto
1018 2305 1069 2362 spe
1100 2287 1230 2362 ipsorum

197 2391 347 2465 frequentior
376 2394 521 2451 convenit.
564 2393 631 2465 Quo
659 2390 756 2461 facto,
784 2391 969 2466 proditama
995 2390 1126 2467 patribus
1147 2392 1230 2466 plebs
1264 2437 1267 2442 .

196 2495 330 2555 bbertatem
350 2473 430 2568 rata,
455 2489 534 2572 quod
551 2496 598 2566 iis,
620 2495 671 2570 qui
683 2496 742 2553 iam
757 2498 929 2572 magistratu
940 2496 1075 2566 abissent,
1096 2498 1230 2572 privetis·

197 2620 245 2672 que,
261 2606 283 2660 si
301 2605 346 2662 vis
371 2604 497 2671 abesset,
518 2611 657 2676 tanquam
679 2602 742 2659 inre
756 2603 926 2678 cogentibus
941 2595 1057 2660 senatus
1078 2604 1229 2678 paruisset.

259 2707 311 2766 Sed
325 2708 424 2784 magis
439 2707 606 2765 obedienter
617 2715 734 2764 rentum
748 2707 779 2764 in
793 2707 902 2766 curiam
920 2705 991 2784 [est]
1008 2726 1096 2782 quam
1107 2708 1232 2765 obnoxie
1281 2703 1325 2772 39

200 2809 266 2866 dbtss
289 2812 449 2870 sententias
476 2813 648 2888 accepimus.
695 2813 731 2869 L.
753 2813 905 2870 Valerium
931 2814 1059 2871 Potitum
1086 2814 1262 2889 proditnm2

199 2919 315 2976 nenena
336 2928 382 2976 est
410 2927 479 2993 post
503 2912 673 2976 relationem
694 2921 753 2994 Ap.
776 2917 907 2992 Claudii,
936 2921 1105 2996 priusquam
1133 2919 1233 2986 ordine

198 3025 316 3082 rumne
328 3033 516 3100 rogarentur,
537 3024 721 3098 postulando,
743 3035 776 3082 ut
790 3026 827 3083 de
839 3046 872 3084 re
886 3027 1003 3102 publica
1014 3026 1114 3082 liceret
1128 3026 1238 3095 dicere,'

197 3130 389 3199 prohibentibus
412 3131 563 3188 minaciter
583 3130 765 3202 decemviris,
793 3131 975 3207 proditurum
1004 3149 1035 3188 se
1057 3131 1230 3206 ad-plebem

198 3233 403 3307 denuntiantem,
429 3237 582 3294 tumultum
615 3235 763 3293 excivisse.
818 3239 883 3294 Nec
910 3237 1004 3293 minus
1031 3236 1167 3294 ferociter
1187 3237 1260 3294 Me

197 3337 324 3401 Horatium
358 3344 523 3401 Barbatum
559 3341 617 3400 isse
653 3342 683 3398 in
718 3353 879 3413 certamen,
917 3339 1017 3399 decern
1053 3341 1230 3417 Tarquinios

199 3447 366 3519 appellantem
403 3449 677 3523 admonentemque,
708 3446 834 3504 Valeriis
873 3459 901 3504 et
937 3448 1069 3504 Horatiis
1111 3448 1230 3505 ducibus

199 3549 274 3618 pubes
281 3573 374 3630 reges.
401 3556 473 3612 ‚Nee
486 3553 609 3610 nominis
624 3553 754 3610 homines
768 3543 841 3609 tnm'
851 3563 1004 3628 pertaesum
1028 3569 1101 3623 essa,
1124 3553 1259 3629 quippet

201 3671 242 3724 quo
258 3659 355 3717 Iovem
375 3647 517 3736 appellari
537 3658 583 3717 fas
604 3659 651 3729 ait,
673 3676 730 3732 quo
751 3659 918 3727 Romulum,
942 3657 1120 3716 conditorem
1140 3661 1230 3729 urbis,

202 3758 365 3840 deincepsque
384 3784 479 3842 reges,
502 3765 581 3840 quod
601 3765 691 3824 sacris
712 3764 798 3821 etiam
820 3772 853 3819 ut
872 3759 1010 3821 sollemne
1025 3774 1167 3823 retentum
1182 3766 1232 3836 sit3

200 3869 335 3939 ⁸tlperltiam
357 3871 584 3945 violentiamque
604 3879 665 3947 tum
685 3887 805 3945 perosos
825 3868 912 3944 regis.
957 3869 1028 3948 Qua
1057 3872 1082 3928 si
1109 3871 1140 3928 in
1162 3883 1261 3947 rege5

199 3976 244 4026 lum
266 3977 442 4042 eademant
469 3977 500 4033 in
517 3951 586 4033 'filio
620 3976 696 4052 regis
734 3974 854 4031 ferenda
891 3993 948 4030 non
985 3975 1107 4047 fuerint,
1146 3995 1230 4052 quem

200 4071 298 4137 laturum
318 4083 348 4139 in
369 4093 415 4140 tot
433 4081 576 4158 privatis?
615 4083 765 4151 Viderebt,
785 4099 822 4136 ne
843 4081 969 4137 vetando
990 4081 1020 4137 in
1042 4083 1122 4139 curia
1142 4083 1262 4150 liberes

201 4180 304 4244 hommes
323 4189 403 4265 loqui
425 4177 509 4245 entra
530 4188 639 4245 curiam
662 4187 749 4244 etiam
770 4197 920 4243 moverent
940 4203 1058 4258 vocem3
1085 4207 1178 4262 neque
1200 4203 1231 4244 se

202 4287 289 4366 tilae,
316 4296 363 4370 qui
388 4294 444 4352 sibi
467 4293 562 4351 nunus
582 4293 697 4370 privato
719 4294 756 4351 ad
779 4293 941 4350 contionem
963 4294 1101 4368 populum
1127 4311 1231 4349 vocare

221 4395 270 4437 littus
283 4412 305 4439 ex
315 4413 353 4442 rea
370 4403 471 4450 ladrigii.
970 4402 997 4444 ll
