3392 5084
532 532 612 617 »μοι
623 532 658 585 v,
695 532 742 597 (u.
757 532 892 597 cuneo.)
1140 536 1196 594 sot
1218 606 1223 614 ,

210 731 308 787 corpora
326 725 352 772 et
374 716 471 773 soluto
491 711 603 775 somno
619 717 808 775 trucidantur.
852 699 1011 777 lintrem
1031 725 1130 775 tomen
1151 735 1247 792 pavor
1297 707 1299 711 ’

210 819 358 877 ecubilibus
380 821 440 879 suis
465 822 595 891 excitos,
626 841 692 898 quun
713 832 765 881 aut
786 822 862 881 unde
881 822 926 881 vis
949 832 1039 893 esset,
1066 822 1186 899 ignaros
1214 823 1245 880 in
1304 819 1309 827 ’

209 923 330 999 ingemet
352 926 495 1001 quosdam
517 926 547 983 in
568 913 799 1005 hostem'ipsunt
820 904 1002 1004 improvidos
1016 928 1089 985 tulit.
1132 929 1246 1003 Magna

208 1031 305 1103 persio
333 1050 438 1107 agrum
460 1032 611 1090 Antiatem
642 1033 746 1105 delati,
774 1033 938 1095 incursione
966 1035 1004 1093 ab
1033 1033 1188 1109 oppidanis
1213 1034 1244 1091 in

208 1134 296 1207 pulstos
315 1134 397 1193 iacta
417 1136 688 1197 circumveniuntur.

268 1240 374 1299 Similis
394 1241 424 1300 in
451 1260 524 1317 egro
546 1243 663 1301 Veienti
684 1245 848 1303 Tuscorum
871 1242 952 1301 facte
971 1253 1085 1319 strages
1106 1252 1165 1315 est,
1195 1242 1272 1318 quit

207 1345 264 1402 urbis
281 1346 336 1403 ism
358 1365 453 1422 prope
474 1348 789 1423 quadringentesimum
816 1368 925 1407 ounurn
951 1348 1067 1422 moiun,
1095 1367 1243 1425 oppresse

206 1451 232 1507 ab
247 1452 320 1509 hoste
339 1452 504 1524 invisitato,
533 1453 680 1527 inaudito,
710 1454 785 1514 odeo
814 1455 885 1513 nihil
908 1454 1028 1513 miseriti
1049 1464 1133 1524 sunt,
1158 1453 1244 1511 utin

206 1572 282 1630 ugrum
306 1560 473 1617 Romanum
505 1578 539 1617 eo
569 1569 701 1635 tempore
728 1559 909 1619 incursiones
934 1560 1079 1631 facerent,
1107 1560 1243 1635 plenique

204 1662 283 1733 prada
302 1664 395 1721 Veios
417 1664 521 1735 etiam,
550 1666 775 1741 praesidiumque
803 1675 833 1723 et
858 1682 940 1741 spem
963 1666 1094 1723 ultimam
1115 1664 1244 1755 Romani

204 1767 309 1837 nominis,
330 1768 361 1825 in
384 1770 482 1827 animo
503 1770 657 1829 habuerint
678 1788 859 1847 oppugnare.
902 1771 1046 1829 Viderunt
1067 1788 1118 1827 eos
1137 1770 1273 1830 militesd

203 1871 303 1931 Romani
324 1886 469 1949 sugentes
497 1894 551 1950 per
572 1893 660 1950 agros
682 1886 711 1933 et
732 1886 927 1952 congregatos
948 1876 1082 1951 agmine,
1112 1876 1241 1952 predam

203 1994 290 2049 prese
310 1989 441 2055 agentes,
462 1991 491 2039 et
511 1990 608 2039 mira
629 1972 785 2041 cernebant
805 1983 885 2039 haud
905 1983 1007 2059 procul
1031 1982 1114 2040 Veiis
1134 1981 1241 2059 posita

202 2082 254 2140 lude
272 2086 397 2160 primum
419 2086 566 2145 miseratio
587 2088 643 2157 sui,
664 2087 768 2145 deiude
788 2088 947 2163 indignitas
970 2098 1058 2164 atque
1079 2108 1117 2145 ex
1137 2107 1174 2144 eo
1196 2087 1273 2146 irad

202 2190 290 2248 nmmos
310 2190 402 2267 oepit:
430 2192 600 2251 Etruscisne
620 2192 724 2263 etiem
748 2212 767 2251 a
788 2192 893 2267 quibus
913 2192 1022 2251 bellum
1043 2193 1190 2253 Gallicum
1210 2192 1241 2249 in

201 2298 423 2368 redemissent,
453 2298 579 2355 ludibrio
607 2312 671 2357 esse
697 2298 794 2355 clades
823 2297 917 2357 suas?
959 2297 1020 2357 Vix
1042 2300 1271 2373 temperavere?

201 2400 296 2472 mnis,
328 2404 401 2478 quin
439 2404 585 2479 extemplo
616 2403 756 2479 impetum
788 2403 933 2473 facerent3
968 2404 1128 2481 compressi
1155 2421 1174 2461 a
1202 2400 1240 2477 Q.

202 2502 301 2566 (indicio
329 2510 512 2581 centurione,
547 2526 632 2583 quem
657 2507 775 2567 sibimet
800 2509 857 2583 ipsi
885 2508 1090 2585 praefecerant,
1120 2527 1183 2567 rem
1209 2508 1239 2565 in

200 2622 289 2671 noctem
309 2602 482 2673 sustinuere.
524 2614 653 2673 Tantum
674 2634 730 2690 par
741 2612 867 2673 Camillo
889 2612 981 2671 defuit
1000 2623 1121 2684 auctor3
1143 2612 1269 2671 cetera8

200 2718 277 2777 odem
304 2723 409 2780 ordine
438 2720 598 2794 eodemque
625 2718 748 2778 fortuna
772 2727 876 2777 eventu
904 2728 998 2793 gesta.
1044 2718 1124 2792 Quin
1152 2717 1239 2778 etium

200 2822 297 2884 ducibus
315 2826 459 2903 captivis,
486 2825 539 2899 qui
566 2825 638 2883 caedi
658 2834 806 2887 nocturna
836 2823 1053 2899 superfuerant,
1085 2824 1124 2881 ud
1151 2823 1239 2881 alium
1345 2823 1352 2829 ”

199 2946 292 2990 nanum
319 2936 487 2993 Tuscorum
514 2932 552 2988 ad
579 2930 696 2989 Salinas
722 2928 861 3006 proiecti,
894 2940 981 2987 nocte
1006 2924 1175 3006 insequente
1202 2948 1239 2987 ex

199 3032 332 3110 inproviso
354 3038 496 3097 maiorem
518 3037 625 3095 oaedern
647 3036 772 3107 edidere,
794 3035 960 3111 duplicique
973 3036 1097 3095 motoria
1117 3031 1240 3093 ovantes
1346 3088 1354 3097 ,

199 3136 267 3198 Veios
287 3142 417 3203 redeunt.

260 3248 359 3305 Rome
379 3247 496 3305 interim
516 3246 687 3322 plerumque
709 3245 822 3305 obsidio
843 3246 942 3321 segnis
955 3256 986 3303 et
1001 3246 1137 3321 utrinque
1150 3245 1238 3303 silen-
1289 3235 1334 3305 46

197 3347 250 3404 tium
269 3370 340 3423 esse,
362 3352 402 3409 od
422 3352 453 3409 id
469 3361 585 3419 tontum
604 3351 722 3419 ,intentis
745 3351 857 3421 Gallis,
877 3371 915 3409 ne
936 3352 1000 3426 quis
1020 3351 1148 3409 hostium
1170 3370 1239 3409 eva·

198 3448 249 3511 dere
266 3456 337 3515 inter
364 3457 506 3531 stationes
532 3465 650 3532 posset,
682 3476 771 3531 quum
796 3466 920 3535 repente
947 3456 1061 3515 iuvenis
1088 3458 1240 3516 Romanus

199 3555 366 3619 admiratione
387 3562 418 3619 in
440 3580 471 3619 se
493 3563 571 3619 cives
591 3544 749 3637 hostesque
770 3564 921 3625 convertit.
968 3560 1149 3621 Sacrificium
1176 3557 1269 3620 matt

198 3668 281 3721 titium
302 3667 332 3725 in
355 3666 500 3740 Quirinali
520 3667 594 3724 colle
614 3668 694 3743 genti
715 3670 825 3727 Fabiae.
871 3667 924 3728 Ad
951 3668 982 3725 id
1009 3667 1173 3727 iaciendum
1202 3666 1237 3727 C.

198 3762 285 3827 l’ebius
306 3774 422 3844 Dorso,
452 3772 571 3833 Gabino
592 3776 682 3831 cinctu
703 3774 828 3843 doetus,
855 3792 942 3832 sacra
962 3774 1097 3831 manibus
1124 3791 1239 3849 gerens,
1346 3814 1351 3822 ⁴

198 3884 265 3941 quum
286 3876 322 3933 de
344 3875 491 3953 Capitolio
514 3878 709 3935 descendisset
718 3896 738 3951 ,·
747 3898 801 3953 per
818 3880 930 3938 medios
949 3878 1075 3937 hostium
1098 3878 1238 3937 stationes

197 3992 316 4053 egressus,
335 3982 408 4041 nihil
429 3983 467 4039 ed
487 4000 590 4041 vocem
613 3958 783 4058 cuiusquam
801 3993 980 4044 terroremve
995 3992 1100 4054 motus,
1120 3983 1152 4041 in
1166 3983 1238 4057 Qui·
1301 4042 1304 4049 ,

196 4079 294 4143 motem
320 4088 423 4147 codem
452 4088 602 4164 pervenit3
629 4090 727 4163 ibique
748 4089 882 4147 omnibus
903 4088 1081 4147 sollemniter
1102 4088 1272 4164 peractiad
1330 4157 1335 4167 1

197 4187 277 4247 eudem
297 4202 445 4251 revertens
468 4194 600 4255 similiter
626 4168 770 4251 constanti
791 4194 872 4263 vultu
893 4195 1055 4271 graduque,
1074 4192 1148 4251 satis
1171 4210 1237 4267 spe·

196 4306 248 4349 rens
266 4276 404 4373 propitios
432 4316 496 4357 esse
524 4299 609 4371 deos,
640 4318 763 4374 quorum
791 4298 899 4359 cultum
924 4320 961 4358 ne
991 4299 1093 4359 mortis
1120 4298 1237 4374 quidem
1327 4339 1332 4347 ·
