3392 5084
476 518 533 574 116
783 513 861 564 Liber
877 511 924 564 tx.
961 513 1153 578 (anemae.)
1218 593 1223 601 Ι

429 699 562 757 redimite
593 699 682 757 armis
712 699 874 770 civium,
909 715 997 773 quam
1027 717 1100 756 auro
1130 699 1256 756 maiores
1288 697 1373 755 vestri
1400 697 1477 754 rede-

367 865 374 879 ·
432 807 576 862 morunt.“

333 910 358 979 5
516 907 656 968 Consules
684 907 808 984 profecti
838 908 876 966 sd
897 908 1034 966 Pontium
1064 909 1094 966 iu
1121 909 1312 984 colloquium,
1344 925 1424 983 quum
1448 907 1480 962 de

431 1013 541 1072 ioedere
568 1014 663 1072 victor
693 1015 833 1090 sgitsret,
862 1024 1005 1090 negarunt
1035 1014 1145 1071 iniussu
1176 1016 1277 1090 populi
1305 1015 1398 1102 'imdus
1423 1013 1482 1070 fieri

400 1127 527 1195 2posse‚
547 1139 601 1177 nec
621 1121 683 1177 sine
707 1119 853 1178 fetialibus
875 1121 1096 1196 cerimoniaque
1119 1119 1177 1178 clia
1198 1119 1339 1178 sollemni.
1385 1119 1482 1193 ltaque

431 1245 500 1298 non,
529 1236 562 1284 ut
581 1227 670 1302 vulgo
692 1225 812 1282 credunt
831 1223 1028 1300 Claudiusque
1049 1225 1136 1283 etiam
1161 1227 1270 1295 scribit
1302 1224 1409 1282 studere
1427 1243 1483 1298 pax

402 1332 575 1402 acredine,
596 1333 647 1390 sed
668 1351 722 1407 per
740 1331 925 1407 sponsionem
946 1331 1026 1389 fecta
1046 1340 1098 1389 est.
1141 1329 1218 1405 Quid
1233 1331 1309 1387 enim
1332 1340 1383 1386 ent
1402 1348 1483 1405 spon·

431 1441 546 1499 roribus
566 1439 596 1495 in
617 1437 726 1496 foedere
747 1455 820 1513 opus
841 1449 918 1496 esset
939 1447 990 1495 aut
1011 1437 1168 1508 obsidibus,
1192 1438 1243 1494 ubi
1263 1437 1483 1512 precationem

430 1546 615 1621 transigitur,
636 1564 690 1621 per
714 1563 798 1619 quem
820 1544 960 1622 populum
980 1545 1049 1613 fist,
1078 1561 1136 1617 quo
1159 1542 1253 1599 minus
1274 1542 1388 1617 legibus
1408 1541 1484 1598 dictis

431 1661 531 1723 stetur,
559 1662 592 1709 ut
612 1669 678 1708 eum
697 1633 741 1708 ita
763 1650 894 1725 luppiter
914 1649 1009 1717 feriat,
1037 1649 1280 1724 quemadmodum
1305 1667 1324 1704 a
1344 1646 1484 1704 fetialibus

400 1767 536 1835 dporcus
564 1757 694 1816 ferietur.
748 1755 973 1831 spoponderunt
1005 1754 1150 1824 consules,
1181 1755 1286 1830 legati,
1323 1762 1484 1827 quaestores

430 1864 537 1922 tribuni
550 1863 681 1931 rnilitum,
702 1861 877 1936 nominaque
892 1861 1029 1931 omnium,
1051 1861 1099 1935 qui
1117 1860 1345 1937 spoponderunt,
1367 1869 1485 1926 exstant

433 1969 492 2028 ubi.
514 1970 538 2026 si
560 1988 596 2026 ex
618 1969 727 2026 soedere
748 1975 814 2024 acte
834 1983 881 2023 res
896 1975 980 2034 esset,
1001 1977 1193 2041 preterquam
1208 1967 1332 2024 duorum
1350 1966 1484 2024 fetialium

401 2083 488 2136 5non
527 2085 688 2144 exstarent3
727 2083 755 2130 et
788 2081 909 2147 propter
944 2072 1137 2129 necessariam
1169 2071 1287 2130 foederis
1324 2073 1484 2130 dilationem

430 2181 545 2240 obsides
568 2181 654 2238 etiam
676 2179 804 2237 sexcenti
824 2177 934 2252 equites
956 2177 1098 2252 imperati,
1126 2178 1175 2252 qui
1196 2177 1292 2252 capite
1312 2180 1440 2252 luerent,
1465 2178 1485 2234 si
1526 2241 1527 2244 Ἴ

399 2289 517 2364 dpccto
543 2305 601 2343 non
629 2295 763 2358 staretur.
816 2285 947 2357 Tempus
975 2283 1042 2340 inde
1067 2292 1206 2340 statutum
1236 2285 1387 2342 medendis
1414 2284 1485 2342 obsi·

431 2393 515 2451 dibus
537 2391 722 2465 exercituque
741 2389 843 2446 inermi
865 2389 1012 2448 mittendo.

514 2497 733 2572 Redintegravit
761 2497 869 2553 luctum
901 2495 931 2552 iu
958 2495 1060 2552 castris
1092 2495 1241 2553 consulum
1271 2488 1429 2564 adventus,
1459 2505 1487 2550 ut
1525 2559 1526 2566 ἵ

348 2618 358 2628 “
430 2604 482 2662 vix
503 2605 541 2662 ab
562 2604 598 2661 iis
620 2603 795 2660 abstinerent
814 2619 928 2673 manus,
951 2620 1073 2677 quorum
1095 2603 1256 2659 temeritate
1270 2602 1300 2658 in
1315 2621 1381 2659 enm
1396 2602 1485 2658 locum

432 2711 546 2768 deducti
568 2718 678 2776 essent,
701 2727 822 2784 quorum
851 2706 1094 2783 ignevialoedius
1121 2708 1203 2768 inde.
1226 2727 1314 2783 quam
1336 2707 1486 2768 venissent

401 2816 551 2874 labituri:
583 2814 639 2872 illis
670 2833 728 2870 non
759 2814 860 2872 ducem
888 2813 1033 2882 locorum,
1063 2831 1121 2870 non
1150 2814 1366 2890 exploratorem
1389 2813 1485 2877 fuisse3
1524 2863 1525 2928 ἢ

400 2921 580 2979 8beluarum
602 2920 690 2978 modo
712 2936 804 2976 ctecos
829 2920 859 2976 iu
886 2899 1003 2977 foveam
1024 2919 1132 2995 lapsos.
1179 2919 1241 2976 Alii
1269 2920 1347 2976 elios
1373 2919 1486 2977 intueri:

431 3025 621 3100 contemplari
641 3043 724 3082 arma
752 3044 822 3082 mox
851 3026 992 3083 tradenda
1020 3036 1048 3082 et
1073 3027 1196 3083 inermes
1229 3024 1345 3084 futuras
1372 3026 1485 3082 dextras

430 3130 617 3205 obnoxiaque
637 3149 761 3207 corpora
781 3131 872 3201 hosti;
901 3149 1064 3207 proponere
1086 3131 1200 3189 sibimet
1220 3131 1277 3207 ipsi
1299 3141 1366 3188 aute
1391 3131 1484 3188 oculos

429 3239 528 3314 iugum
554 3237 659 3296 hostile
683 3247 712 3294 et
735 3237 861 3294 ludibria
887 3237 1005 3294 victoris
1036 3245 1065 3295 et
1090 3237 1186 3294 vultus
1213 3237 1356 3312 sqperbos
1383 3247 1413 3294 et
1436 3255 1484 3311 per

398 3346 559 3400 bermatos
582 3342 733 3399 inermium
754 3343 823 3411 iter,
857 3343 925 3400 inde
953 3342 1022 3400 foedi
1050 3342 1173 3419 agminis
1195 3343 1388 3401 miserabilem
1411 3343 1482 3399 viem

429 3466 483 3523 per
504 3447 649 3505 sociorum
677 3449 779 3519 urbes,
811 3447 935 3505 reditum
966 3448 996 3505 in
1022 3448 1148 3524 petriam
1178 3448 1216 3504 sd
1245 3460 1397 3523 parentes,
1430 3468 1482 3523 qno

381 3560 416 3614 10
429 3571 507 3628 saepe
525 3553 582 3629 ipsi
603 3554 784 3628 maioresque
804 3573 904 3611 eorum
930 3555 1139 3630 triumphantes
1164 3554 1326 3612 venissent:
1358 3572 1389 3612 se
1410 3555 1482 3612 solos
1522 3615 1523 3634 ἶ

429 3659 492 3716 sine
510 3659 642 3729 vnlnere,
671 3660 734 3716 sine
754 3659 842 3730 ferro,
873 3658 935 3717 sine
963 3659 1025 3716 acie
1050 3659 1158 3730 victum
1190 3660 1326 3718 sibinen
1348 3662 1481 3735 stringere

428 3763 543 3827 licuisse
563 3765 685 3841 gladios,
706 3784 764 3822 nou
787 3785 904 3823 manum
925 3784 990 3824 cum
1014 3767 1098 3823 hoste
1120 3765 1266 3830 conferres
1292 3767 1348 3824 sibi
1368 3766 1479 3842 nequic-

380 3872 516 3945 liquam
539 3873 650 3929 animos
671 3871 765 3930 detes.
808 3873 881 3929 Hssc
901 3871 1088 3930 frementibus
1110 3873 1182 3929 hora
1203 3871 1303 3929 ietslin
1323 3871 1479 3947 ignominie

430 3977 563 4049 advenit,
586 3977 683 4034 omnio
713 3978 841 4036 tristiora
862 3979 1039 4054 experiundo
1062 3977 1186 4048 facture,
1209 3996 1297 4052 quem
1327 3997 1390 4054 qno
1411 3993 1478 4052 prc-
1521 3963 1522 3968 ἵ

381 4087 415 4143 12
428 4094 565 4158 ceperant
582 4083 692 4143 animis.
735 4085 799 4141 lem
821 4085 944 4159 primum
959 4103 1024 4142 cum
1039 4085 1158 4162 singulis
1173 4084 1351 4142 vestimentis
1364 4084 1477 4140 inermes

429 4201 512 4248 extra
532 4191 641 4248 vellum
674 4191 753 4247 exire
779 4190 866 4259 iussi,
901 4200 929 4248 et
958 4191 1043 4266 primi
1071 4193 1170 4250 traditi
1194 4190 1309 4250 obsides
1341 4199 1427 4266 etque
1451 4189 1475 4243 in
1520 4261 1521 4264 Ἴ

381 4300 415 4354 13
428 4298 588 4354 custodiam
615 4296 740 4354 abducti.
804 4299 881 4354 Tum
908 4316 926 4354 a
954 4297 1119 4355 consulibus
1155 4299 1236 4356 abire
1267 4299 1382 4355 lictores
1414 4293 1474 4352 inssi
