3392 5084
480 507 535 562 174
694 545 698 556 .
774 499 852 552 Liber
862 499 912 549 11L
948 499 992 564 (Δ.
1005 515 1030 548 n.
1041 512 1064 548 t.
1076 497 1146 561 805.)

435 687 514 746 faeta
534 687 630 763 plebs,
661 683 892 742 contentionibus
921 683 1044 741 assiduis
1064 683 1136 742 nibil
1157 683 1295 760 transigi,
1322 685 1352 741 iu
1374 701 1472 740 sacrnn

406 797 423 852 2
437 801 562 851 montem
574 809 611 849 ex
623 789 767 848 Aventino
778 789 891 858 transm,
912 786 1076 846 affirmante
1087 787 1207 859 Duillio,
1227 806 1287 847 non
1296 790 1384 865 prius,
1397 808 1473 864 quan

436 897 530 956 deseri
553 897 651 954 urbem
673 894 809 965 videant,
830 913 929 972 curam
952 894 983 951 in
1003 895 1115 952 animos
1135 902 1250 971 patrum
1272 896 1474 962 descensuram
1522 936 1523 940 ,

386 983 391 997 ’
438 1002 649 1060 admoniturum
672 1019 786 1058 sacrum
814 1008 942 1058 montem
969 1000 1137 1058 constantiae
1165 1000 1272 1076 plebis,
1301 1002 1474 1076 sciturosque,

439 1127 496 1185 qua
508 1108 569 1166 sine
583 1106 715 1164 restituta
735 1114 880 1183 potestate
900 1106 992 1182 redigi
1011 1106 1042 1163 in
1064 1107 1246 1164 concordiam
1268 1126 1316 1165 res
1337 1115 1474 1182 nequeant

407 1214 496 1275 svin
509 1215 704 1283 Nomentana,
726 1213 772 1270 eui
793 1221 853 1270 tom
874 1212 1020 1270 Ficulensi
1039 1231 1144 1270 nomen
1166 1211 1229 1284 luit,
1250 1212 1375 1290 profecti
1393 1221 1475 1270 castra

436 1321 466 1378 in
498 1329 595 1378 monte
631 1337 715 1377 sacro
743 1318 891 1388 locavere,
923 1318 1095 1376 modestiam
1124 1327 1239 1394 patrum
1272 1336 1391 1376 suorum
1417 1316 1475 1374 nibil

406 1425 572 1487 dviolendo
602 1425 714 1483 imitati.
766 1419 874 1512 Sponte
904 1424 1061 1482 exercitum
1092 1424 1190 1500 plebs,
1225 1423 1322 1494 nullo,
1358 1425 1406 1499 qui
1435 1441 1477 1499 pst

437 1538 550 1588 oetatem
564 1529 606 1586 ire
620 1539 728 1606 posset,
749 1538 934 1588 retractante
964 1531 1185 1604 Prosequnntur
1193 1529 1331 1606 coniuges
1341 1530 1476 1604 liberique

438 1637 550 1694 cuinam
572 1654 604 1692 se
624 1635 817 1710 relinquerent
842 1635 873 1692 in
899 1654 934 1692 ca
960 1636 1045 1704 orbe,
1072 1635 1103 1692 in
1123 1653 1182 1709 que
1202 1653 1256 1694 neo
1276 1636 1415 1711 pudicitia
1433 1653 1475 1692 nec

436 1741 554 1800 libertas
575 1749 676 1798 sancta
697 1749 781 1809 essct,
802 1740 1002 1798 miserabiliter
1021 1743 1189 1818 rogitantes.

405 1863 422 1915 5
520 1846 615 1920 Quum
645 1857 730 1903 vesta
750 1847 852 1904 Romoe
881 1847 978 1904 omnia
1003 1848 1116 1906 insueta
1145 1847 1271 1905 solitudo
1301 1847 1430 1914 fecisset,
1455 1846 1477 1902 in

437 1953 501 2010 foro
513 1960 615 2032 preter
624 1970 733 2028 paucos
744 1952 889 2010 seniorum
900 1973 984 2012 nemo
996 1965 1080 2024 esset,
1091 1954 1202 2012 vocatis
1212 1953 1310 2028 utique
1320 1954 1351 2011 in
1360 1962 1476 2010 senatun

439 2059 569 2135 patribus
590 2059 732 2116 desertum
755 2059 938 2135 apperuisset
957 2058 1061 2126 forum,
1082 2059 1179 2134 plures
1200 2058 1258 2116 ism
1280 2077 1369 2134 quatu
1393 2060 1477 2117 Hora·

409 2165 496 2233 otius
519 2183 553 2224 ac
573 2165 710 2223 Valerius
738 2164 988 2223 vociferabantur:
1020 2164 1117 2238 „Quid
1146 2166 1365 2241 exspectabitis,
1394 2176 1477 2243 patres

438 2271 610 2348 conscripti?
653 2271 684 2332 Si
705 2271 861 2330 decemviri
880 2270 965 2328 finem
987 2270 1151 2345 pertinacia
1171 2290 1231 2328 non
1255 2271 1381 2341 faciunt,
1409 2289 1478 2330 ruere
1522 2318 1523 2321 ,

439 2395 473 2434 ac
494 2377 653 2452 deflagrare
673 2377 771 2436 omnia
792 2376 907 2452 passuri
927 2375 1016 2434 estis?
1037 2377 1124 2450 Quod
1140 2385 1235 2434 autem
1249 2378 1327 2436 istud
1341 2378 1477 2454 imperinm

438 2491 490 2554 est,
512 2483 674 2552 decemviri,
696 2483 773 2557 quod
795 2482 923 2558 amplexi
943 2481 1067 2540 tenetis?
1088 2482 1187 2540 Tectis
1209 2501 1243 2541 ao
1264 2483 1415 2559 parietibis
1427 2484 1477 2540 iura

438 2587 540 2644 dicturi
562 2587 649 2644 estis?
691 2588 759 2646 Non
780 2588 884 2664 pudet,
904 2588 1036 2646 lictorum
1058 2597 1219 2647 vestrorum
1239 2590 1379 2647 maiorem
1401 2604 1478 2666 propt

409 2703 587 2754 inumernm
607 2692 637 2748 in
656 2690 721 2752 loro
747 2694 875 2770 conspici
899 2713 987 2770 qnam
1008 2703 1172 2771 togatorum
1195 2695 1337 2753 eliorum?
1359 2691 1478 2770 Quidsi
1521 2714 1522 2747 t

437 2797 535 2854 hostes
556 2798 595 2855 ad
614 2798 715 2856 urbem
736 2798 872 2870 veniant,
893 2799 998 2858 facturi
1017 2799 1106 2859 estis?
1147 2801 1241 2874 Quid,
1262 2802 1287 2859 si
1308 2801 1391 2878 plebs
1412 2817 1477 2866 moa

439 2902 488 2960 ubi
508 2919 609 2978 parum
631 2903 792 2962 secessione
821 2896 1007 2976 movesmdr,
1038 2913 1152 2963 armate
1177 2906 1295 2964 veniat?
1339 2905 1477 2966 Occasnnc

410 3007 517 3072 8urbis
539 3009 624 3066 vultis
645 3010 727 3068 finire
746 3009 919 3088 imperinm?
941 3011 1033 3086 Atqui
1054 3020 1105 3068 aut
1123 3011 1206 3087 plebs
1226 3031 1285 3070 uon
1299 3022 1345 3070 est
1358 3009 1478 3071 habenda
1520 3050 1521 3073 t

416 3179 418 3186 ,
440 3122 490 3172 ant
509 3115 635 3173 habendi
653 3124 719 3174 sunt
739 3118 846 3176 tribuni
867 3117 970 3193 plebis.
1003 3117 1068 3175 Nos
1082 3116 1166 3174 citius
1176 3119 1354 3177 caruerimus
1363 3115 1477 3194 patritiis

408 3219 654 3296 magistratibus
676 3239 762 3296 quam
783 3223 825 3280 illi
846 3223 975 3300 plebeiis.
1022 3224 1139 3282 Novam
1166 3223 1405 3300 inexpertamque
1425 3239 1476 3280 een

437 3334 609 3400 potestatem
632 3327 760 3403 eripuere
781 3329 911 3403 patribus
932 3327 1053 3399 nostris,
1079 3348 1116 3386 ne
1135 3349 1212 3388 nunc
1232 3330 1384 3388 dulcedine
1404 3325 1477 3387 semol

438 3432 514 3506 cepti
536 3430 630 3489 ferant
651 3432 837 3502 desiderium,
865 3453 953 3508 quum
973 3435 1132 3509 presertim
1152 3454 1205 3492 nco
1225 3455 1279 3494 nos
1299 3444 1477 3514 temperemus

388 3537 580 3612 lOinrperiis,
602 3556 659 3613 quo
681 3539 775 3597 minus
795 3539 836 3598 illi
858 3539 959 3596 auxilii
979 3545 1110 3614 egeant.“
1156 3540 1251 3614 Quum
1272 3543 1336 3599 baec
1356 3561 1394 3600 ex
1413 3537 1476 3598 omni
1519 3558 1520 3599 t

438 3651 521 3718 parte
541 3643 724 3708 laetarentur.
746 3645 814 3702 victi
837 3663 977 3704 consensu
998 3645 1161 3716 decemviri,
1181 3645 1295 3704 futuros
1310 3667 1353 3720 sc,
1375 3644 1476 3723 quando

376 3747 422 3802 11
437 3749 479 3805 ita
500 3748 640 3822 videatur,
661 3751 691 3809 in
712 3759 856 3826 potestate
875 3759 1008 3826 patrum,
1038 3749 1193 3810 affirmant
1241 3753 1277 3812 ld
1297 3755 1387 3812 modo
1406 3747 1476 3810 sind

438 3862 523 3910 orant
544 3873 578 3913 ac
601 3867 734 3928 monent,
762 3865 794 3914 ut
815 3857 886 3932 ipsis
907 3857 945 3915 ab
965 3855 1075 3914 invidie
1099 3865 1238 3916 caveatur
1264 3877 1318 3916 nec
1343 3877 1397 3918 suo
1422 3872 1477 3914 sau·

174 4009 178 4017 .
438 3958 524 4033 guina
545 3961 581 4018 ad
603 3961 744 4039 supplicia
764 3971 879 4038 patrum
900 3962 1014 4038 plebem
1035 3960 1237 4021 assuefaciant.

229 4045 234 4052 ’
344 4053 387 4124 53
521 4067 597 4124 Tum
609 4067 744 4126 Valerius
759 4067 958 4143 Horatiusque
978 4066 1058 4126 missi
1079 4069 1118 4126 ad
1138 4067 1250 4144 plebem
1265 4068 1474 4129 condideritis
1518 4106 1519 4141 2

439 4171 541 4247 quibus
562 4172 715 4244 videretur,
736 4173 930 4231 revocandam
954 4174 1225 4250 componendasque
1244 4194 1301 4246 ree,
1321 4169 1475 4234 decemviris
1518 4164 1519 4239 i

439 4294 553 4351 quoque
584 4277 621 4334 ab
653 4277 696 4334 ire
735 4289 763 4334 et
793 4278 902 4353 impetu
936 4279 1122 4337 multitudinis
1153 4299 1317 4356 praecavere
1349 4283 1474 4339 iubentut-
1518 4280 1519 4341 Τ
