3392 5084
1514 363 1516 422 l

479 483 538 539 303
792 476 870 525 niter
888 474 922 523 v.
955 475 999 537 (Δ.
1013 489 1040 523 s.
1050 489 1073 522 c.
1087 473 1160 534 ser.)
1514 447 1516 572 l

406 662 499 734 insu
521 659 614 722 otuu
642 660 692 721 un
720 658 867 737 gentilicia
886 676 973 717 mm
999 676 1038 715 ns
1057 657 1087 715 m
1108 656 1184 715 seut
1205 637 1322 731 quum
1343 652 1482 720 inermis

438 766 556 843 publicu
577 783 663 823 sacru
692 776 721 825 et
737 766 889 825 Romanos
918 764 989 823 deos
1020 764 1108 823 etiem
1128 763 1159 821 im
1179 780 1252 838 psee
1272 760 1371 819 deseri
1396 758 1483 835 placet,

439 882 468 929 et
490 870 640 947 pontifices
668 870 857 945 flaminesque
879 868 1101 944 negligentiores
1127 867 1311 944 publicarum
1331 864 1483 939 religionum

408 983 512 1048 besse,
535 995 624 1050 quem
646 976 777 1051 privetur
798 974 828 1031 iu
849 973 982 1033 sollemni
1001 974 1096 1051 gentis
1110 972 1216 1031 fuerit?
1237 970 1380 1029 Forsitsu
1398 968 1484 1042 uliquis
1514 987 1516 1052 q

439 1082 531 1153 dicet,
556 1091 607 1143 sut
629 1078 711 1141 Veiis
731 1098 768 1137 ee
788 1098 842 1137 nos
858 1079 989 1139 lecturos
1010 1089 1061 1137 sut
1080 1080 1138 1140 huc
1157 1077 1225 1135 inde
1246 1077 1390 1133 missuros
1407 1091 1484 1131 ssceu

441 1186 524 1273 dotes
564 1195 696 1257 nostros,
736 1185 785 1260 qui
816 1184 942 1251 fumeum
980 1202 1103 1257 quornm
1130 1186 1281 1243 neutrum
1315 1180 1382 1241 ficri
1413 1178 1484 1236 selvis

407 1292 612 1353 bcaerimoniis
638 1298 742 1367 potest.
795 1291 835 1349 Et
866 1309 903 1349 ne
923 1290 1022 1350 omnis
1046 1290 1205 1365 generatim
1237 1304 1328 1347 suoru
1348 1302 1485 1357 omneque

438 1416 622 1474 percenseam
645 1397 730 1467 deos,
750 1396 780 1455 in
802 1396 883 1455 Iouis
904 1396 990 1471 epulo
1010 1414 1081 1455 numu
1101 1395 1171 1453 alibi
1193 1412 1283 1468 quern
1305 1391 1338 1451 in
1359 1389 1485 1465 Capitolio

406 1510 422 1563 7
436 1504 571 1579 pulvinsr
584 1502 691 1577 suscipi
705 1502 818 1578 potest?
841 1502 966 1577 Quidue
980 1502 1093 1560 eternis
1106 1501 1206 1559 Veste
1219 1499 1341 1574 ignibus
1354 1495 1484 1570 signoque,

437 1610 514 1683 quod
536 1608 647 1685 imperii
668 1608 772 1694 pignus
787 1608 920 1667 custodis
940 1606 1002 1666 eius
1022 1606 1123 1683 templi
1143 1613 1267 1675 tenetur,
1287 1602 1413 1677 loquer?
1431 1598 1485 1673 quil

436 1714 473 1773 de
494 1714 635 1773 ancilibus
657 1712 769 1783 vestris,
791 1714 873 1772 Mers
888 1712 1019 1773 Grsdiue
1040 1722 1139 1788 tuque,
1162 1710 1285 1785 Quirine
1306 1705 1411 1785 puter?
1429 1706 1485 1763 Huc

437 1820 535 1877 omnis
548 1819 577 1877 iu
589 1819 713 1895 profano
725 1820 818 1879 deseri
832 1818 927 1895 plscst
941 1836 1036 1889 sucre,
1051 1818 1176 1892 sequelie
1185 1817 1261 1886 urbi,
1276 1815 1412 1890 quaedum
1421 1822 1485 1869 vetu-

405 1925 526 1991 estiors
541 1925 650 2001 origine
664 1924 765 1983 urbis?
784 1924 825 1983 Et
834 1925 940 1995 videte,
955 1925 1024 1999 quid
1037 1925 1112 1986 inter
1125 1942 1179 1984 nos
1190 1942 1226 1981 so
1239 1921 1371 1979 maiores
1384 1918 1484 1976 intersit

437 2031 485 2089 llli
506 2048 591 2089 secra
614 2032 744 2107 quoedam
767 2030 797 2089 in
818 2039 917 2089 monte
932 2031 1052 2089 Albano
1066 2028 1240 2103 Laviniique
1261 2027 1352 2085 nobis
1372 2023 1485 2083 iscieudu

437 2136 626 2195 tradiderunt.
669 2140 719 2197 An
740 2156 777 2195 ex
790 2121 916 2195 hostiunr
932 2135 1051 2219 urbibus
1065 2137 1191 2195 Remum
1214 2134 1333 2190 ad'nos
1354 2126 1485 2190 transferri

437 2260 521 2301 secra
532 2243 708 2319 ¹religiosum
729 2242 793 2313 fuit
814 2242 881 2299 himo
894 2241 957 2299 sine
971 2241 1086 2318 piaculo
1107 2239 1137 2298 in
1151 2238 1279 2298 hostiurn
1295 2240 1399 2297 urbem
1413 2235 1486 2293 Veios

406 2354 423 2409 9
438 2347 665 2409 transferemus?
687 2346 901 2417 Recordemiui,
923 2347 1006 2422 agite.
1020 2347 1101 2418 dum,
1115 2345 1228 2420 quoties
1239 2362 1329 2403 euers
1343 2344 1485 2401 instemeu·

386 2474 391 2485 ¹
438 2462 493 2523 tur,
517 2455 586 2528 quia
601 2454 710 2528 aliquid
726 2472 762 2511 ex
777 2453 873 2529 patrio
887 2453 945 2510 ritu
965 2452 1142 2528 negligentis
1155 2468 1263 2509 casuve
1277 2445 1484 2525 pretermissum

438 2567 490 2617 est.
518 2559 609 2617 Modo
628 2578 692 2633 quae
707 2574 752 2617 res
774 2566 841 2633 post
854 2558 1019 2632 prodigium
1033 2557 1144 2616 Albani
1164 2557 1246 2615 lucus
1260 2554 1319 2614 nisi
1333 2548 1484 2612 instsumtic

438 2682 586 2721 sacrorum
618 2663 872 2737 auspiciorumque
902 2646 1055 2720 renovatio
1080 2660 1193 2729 affecto
1213 2661 1334 2719 Veienti
1358 2658 1432 2718 bello
1453 2652 1483 2710 rei

387 2752 424 2828 to
437 2768 559 2843 publicus
583 2768 710 2827 remedio
732 2765 805 2824 fuit?
830 2768 875 2823 At
895 2765 993 2837 etism,
1013 2775 1152 2840 tunquam
1174 2774 1308 2825 veterum
1331 2763 1483 2839 religionum

437 2890 589 2943 memores,
618 2881 645 2929 et
667 2872 837 2948 peregrinos
858 2872 928 2931 deos
949 2872 1149 2930 transtulimus
1177 2873 1309 2930 Romam
1330 2879 1362 2929 et
1380 2863 1483 2928 institui·

437 2994 500 3035 mus
522 2995 624 3035 novos.
671 2978 746 3035 Iuno
770 2976 877 3053 regine
903 2986 1070 3036 transuecta
1090 2996 1109 3035 u
1130 2976 1212 3033 Veiis
1231 2995 1329 3052 nuper
1352 2977 1384 3035 in
1403 2978 1483 3032 Auen·

438 3080 498 3139 tino
523 3100 609 3157 quum
632 3083 737 3158 insigni
759 3085 796 3141 ob
817 3082 961 3141 excellens
976 3091 1174 3141 matronarum
1188 3082 1317 3139 studium
1340 3077 1483 3150 celebrique

386 3191 418 3245 ll
437 3188 571 3247 dedicata
605 3198 650 3273 est
685 3188 744 3247 die!
767 3167 839 3247 'Aio
875 3188 998 3246 Locutio
1028 3187 1166 3263 templum
1201 3194 1325 3261 propter
1361 3185 1482 3243 misum

436 3312 538 3354 vocem
561 3295 728 3353 exauditam
750 3294 780 3351 in
794 3295 883 3353 Nova
905 3294 954 3351 uie
966 3294 1101 3354 iussimus
1121 3291 1198 3361 fieri3
1219 3290 1404 3368 Capitolinos
1417 3287 1482 3344 ludos

438 3399 624 3459 sollemnibus
646 3400 710 3459 sliis
739 3401 920 3470 addidimus,
950 3400 1160 3475 collegiumque
1191 3398 1230 3455 ud
1250 3399 1280 3456 iu
1300 3416 1411 3457 novum
1430 3408 1482 3449 tut

322 3535 324 3539 ·
385 3506 499 3563 tutore
534 3514 635 3565 senatu
664 3505 858 3565 condidimus:
890 3505 961 3580 quid
992 3506 1097 3563 horum
1122 3522 1200 3580 opus
1231 3502 1287 3562 fuit
1320 3494 1480 3577 sumptui

435 3628 495 3667 uns
530 3628 594 3667 oum
623 3609 718 3668 Gallis
750 3610 852 3667 urbem
883 3609 1199 3669 Romanum-relicturi
1230 3608 1355 3680 brimus,
1387 3607 1412 3665 si
1435 3620 1480 3661 uon

437 3713 587 3771 voluntate
608 3715 767 3773 mersimus
788 3716 817 3773 iu
840 3714 986 3791 Capitolio
1007 3734 1060 3792 per
1080 3724 1124 3773 tot
1145 3731 1259 3774 menses
1280 3705 1480 3778 obsidionisti

384 3826 419 3881 13
435 3820 472 3877 eb
487 3818 626 3893 'hostibus
656 3828 733 3878 metu
760 3822 863 3879 retenti
891 3820 1010 3881 sumus?
1039 3820 1089 3879 De
1113 3821 1205 3880 sacris
1233 3820 1383 3894 loquimur
1405 3826 1433 3877 ot
1452 3813 1479 3869 de

433 3924 565 4000 templis3
589 3923 656 3999 quid
672 3927 789 3985 tandem
809 3927 846 3985 de
869 3925 1089 3984 sacerdotibus?
1109 3945 1206 3988 nonus
1218 3925 1249 3983 in
1270 3907 1396 3988 mentem
1408 3919 1479 3985 venit

437 4039 576 4103 quantum
592 4030 699 4105 pisculi
720 4030 935 4089 committetur?
956 4030 1124 4094 Vestalibus
1145 4050 1249 4107 nempe
1270 4051 1331 4091 uns
1344 4032 1394 4091 illu
1412 4026 1477 4087 sede

430 4124 488 4207 est,
513 4154 550 4193 ex
573 4154 631 4210 qus
652 4153 702 4193 eus
723 4135 794 4195 nihil
814 4154 943 4211 uuquam
970 4145 1165 4213 praetmqusm
1185 4137 1255 4195 urbs
1285 4146 1373 4213 captu
1392 4130 1478 4193 moritt

433 4240 544 4303 flamini
572 4240 651 4297 Diali
676 4214 798 4297 noctem·
821 4260 908 4299 unam
937 4260 1054 4300 msnme
1088 4251 1172 4299 extre
1199 4243 1299 4300 urbem
1330 4240 1410 4299 nelos
1435 4243 1474 4292 est
