3392 5084
521 481 599 532 Liber
612 480 659 530 lx
697 479 740 539 (A.
754 478 800 529 cn.
815 478 978 542 s1c-s14.)
1180 481 1236 537 169

1094 571 1107 604 Χ

225 662 355 735 tumultu,
378 665 447 734 ,Ad
463 670 562 722 arma“
587 673 616 722 at
638 666 717 735 ,Pro
730 673 858 722 vestram
870 663 968 734 fidem,
991 663 1088 721 cives“
1110 662 1279 733 clamitans,

226 786 296 836 ,arx
312 769 349 826 ab
366 761 497 828 hostibu's
515 780 601 846 capta
616 779 673 840 est3
690 767 833 828 defendite
847 766 947 846 [ite].“
978 770 1051 827 Hac
1062 769 1189 826 incidens
1200 767 1278 842 prin·
1294 770 1329 825 10

223 874 317 949 cipum
338 874 460 946 toribus,
480 877 542 934 hese
562 876 665 946 obviis,
687 878 748 934 hac
769 875 987 933 excurrentibus
1008 875 1038 931 in
1059 875 1205 951 publicum
1225 893 1278 949 pa·

223 979 295 1036 vidis
318 980 457 1056 increpat.
503 983 663 1058 Acceptum
686 984 724 1041 ab
747 1001 804 1039 uno
826 999 966 1056 perorem
987 981 1085 1055 plures
1105 999 1158 1055 per
1179 981 1279 1038 urbem

222 1083 327 1144 ferunt.
375 1087 496 1163 Trepidi
517 1087 715 1164 magistratus,
736 1088 832 1145 missis
857 1087 895 1149 ed
918 1105 1014 1144 arcem
1037 1086 1279 1162 exploratoribus,
1294 1089 1327 1142 ll

223 1209 310 1265 quum
333 1192 392 1249 tela
412 1204 442 1251 et
462 1202 590 1250 armatos
618 1203 715 1252 tenere
742 1211 838 1251 arcem
868 1192 1058 1268 multiplicato
1086 1211 1206 1251 numero
1227 1211 1279 1251 au·

221 1297 323 1364 diram,
347 1307 480 1356 avertunt
499 1299 611 1356 animos
627 1319 645 1356 a
659 1317 710 1375 spe
725 1300 929 1376 recuperande
949 1299 1033 1356 areis.
1077 1299 1163 1374 Fuga
1175 1291 1279 1356 cuncta
1293 1298 1330 1355 12

220 1403 415 1478 complentur,
444 1413 594 1479 portaque
615 1407 652 1462 ab
681 1406 862 1476 semisomnis
886 1423 922 1462 ac
944 1405 1073 1462 maxima
1098 1413 1183 1481 parte
1202 1405 1278 1462 iner-

221 1509 315 1566 mibus
336 1508 548 1585 refringantur,
580 1529 700 1586 quarum
731 1531 783 1587 per
808 1529 895 1568 unam
926 1511 1091 1587 presidium
1114 1513 1279 1569 Romanum

220 1615 348 1674 clamore
373 1616 527 1678 excitatum
554 1616 688 1692 irrumpit
714 1627 742 1675 et
764 1625 969 1675 concursantes
992 1634 1046 1690 per
1071 1617 1134 1674 vias
1156 1617 1278 1693 pavidos

219 1723 313 1785 cadit.
361 1723 426 1780 Idm
448 1721 524 1780 Sora
545 1733 632 1798 cepte
659 1729 735 1792 erat,
763 1741 852 1798 quum
874 1721 1006 1780 consules
1026 1721 1122 1797 prima
1142 1722 1206 1781 luce
1227 1723 1278 1780 ad·
1293 1722 1329 1778 13
1375 1796 1382 1805 .

219 1846 327 1884 venere
358 1836 395 1896 et,
422 1847 495 1903 quos
521 1829 647 1905 reliquos
675 1827 792 1886 fortune
821 1847 859 1886 ex
879 1837 1022 1886 nocturna
1042 1829 1120 1887 cade
1144 1848 1180 1887 ae
1207 1829 1279 1905 iuga

219 1931 346 2003 iecerat,
377 1933 407 1990 iu
435 1934 607 1992 deditionem
637 1935 789 2010 aceipiunt.
848 1935 897 1992 Ex
928 1934 974 1992 his
1006 1935 1144 1993 ducentos
1176 1935 1279 2011 viginti
1292 1935 1329 1990 14

218 2039 357 2112 quinque,
378 2040 428 2114 qui
449 2040 575 2097 omnium
587 2058 739 2138 *consensu
760 2040 980 2098 destinabantur
1000 2048 1029 2096 et
1052 2040 1178 2098 infande
1198 2042 1291 2145 colo·x
1379 2032 1382 2044 ¹

218 2164 324 2202 norum
346 2145 431 2204 cadis
455 2154 483 2202 et
503 2143 671 2204 defectionis
693 2155 835 2218 suctores,
856 2146 969 2205 vinctos
980 2150 1104 2205 Romam
1121 2147 1277 2218 deducunt;

217 2259 348 2309 ceteram
377 2251 587 2308 multitudinem
618 2251 804 2321 incolumem,
842 2253 976 2328 prasidio
1008 2253 1160 2328 imposito,
1196 2253 1278 2313 Sorte

218 2357 394 2432 relinquunt.
443 2356 561 2428 Omnes,
583 2358 633 2432 qui
654 2359 778 2416 Romam
800 2358 916 2416 deducti
936 2368 1028 2428 erant,
1050 2358 1140 2433 virgis
1161 2359 1192 2416 in
1212 2359 1277 2417 foro
1293 2360 1329 2415 15

219 2464 285 2520 caesi
308 2482 345 2520 ae
366 2464 458 2523 securi
479 2464 608 2539 percussi
629 2481 742 2521 summo
771 2466 878 2540 gaudio
906 2463 1019 2539 plebis,
1051 2464 1132 2521 cuius
1152 2465 1279 2522 maxime
1377 2504 1379 2515 ·

218 2569 377 2639 intererat,
409 2578 502 2627 tutam
523 2569 642 2645 ubique,
674 2587 738 2644 quae
770 2571 879 2646 passim
908 2570 938 2627 in
959 2569 1089 2627 colonias
1108 2569 1278 2640 mitteretur,

219 2675 431 2732 multitudinem
454 2693 526 2732 esse.

304 2777 445 2837 Consules
467 2782 504 2837 ab
517 2779 594 2840 sora
613 2779 736 2857 profecti
757 2781 787 2838 iu
808 2797 897 2856 egros
919 2789 1007 2855 atque
1027 2781 1115 2838 urbes
1126 2783 1278 2863 Ausonum
1328 2775 1372 2846 25

219 2885 328 2942 bellum
348 2884 512 2946 intulerunt.
560 2888 643 2944 Mota
670 2905 793 2962 namque
823 2886 921 2942 omnia
947 2887 1076 2943 adventu
1098 2886 1310 2968 Samnitium,2

179 3043 180 3048 ,
219 3010 309 3066 quum
337 2990 414 3065 apud
435 2991 576 3048 Lautulas
597 2993 763 3050 dimicatum
786 3001 845 3061 est,
875 2991 992 3049 fuerant
1013 2992 1281 3066 coniurationesque

219 3097 300 3154 circa
314 3094 504 3172 Campaniam
526 3097 634 3172 passim
657 3097 751 3168 facte,
773 3116 826 3154 nec
841 3095 945 3174 Capua
962 3099 1028 3174 ipsa
1041 3097 1161 3156 erimine
1176 3098 1281 3167 caruit3

219 3202 291 3276 quin
319 3202 443 3259 Romam
473 3221 589 3277 quoque
616 3211 645 3259 et
673 3204 710 3260 ad
742 3204 904 3279 principum
940 3205 1081 3280 quosdam
1109 3203 1311 3277 inquirend03

218 3317 340 3366 ventum
379 3317 431 3365 est.
489 3307 623 3366 Ceterum
660 3310 811 3366 Ausonum
849 3329 920 3385 gens
958 3310 1121 3385 proditione
1157 3310 1280 3379 urbium,

219 3416 297 3472 sicut
327 3413 418 3484 Sora,
453 3413 482 3470 in
516 3423 687 3488 potestatem
720 3415 808 3472 veuit.
856 3417 980 3472 Ausona
1012 3424 1041 3471 et
1072 3415 1227 3472 Minturnae
1253 3421 1313 3476 etl

219 3519 333 3578 Vescia
356 3501 442 3578 uites
469 3529 560 3589 eraut,
586 3539 623 3576 ex
650 3521 754 3593 quibus
780 3521 924 3597 principes
950 3520 1108 3578 iuventutis
1129 3521 1280 3579 duodecim

219 3644 355 3695 numero,
375 3625 405 3682 iu
425 3625 616 3700 proditionem
638 3625 752 3683 urbium
775 3643 891 3684 suerum
914 3625 1065 3692 coniurati,
1091 3627 1129 3682 ad
1150 3626 1282 3684 eonsules

220 3731 352 3790 veniunt.
400 3732 524 3799 Ducant,
546 3749 614 3789 suos
634 3732 694 3789 iem
715 3731 826 3806 pridem
849 3740 1021 3806 exoptantes
1033 3731 1206 3791 Samnitium
1230 3733 1313 3792 ad·5

219 3846 357 3906 ventum,
391 3837 489 3895 simul.
503 3838 541 3894 ad
569 3839 709 3896 Lautulas
738 3845 898 3913 pugnatum
926 3836 1083 3905 audierint,
1116 3855 1171 3912 pro
1199 3836 1282 3894 victis
1363 3865 1366 3868 ·

220 3945 375 4002 Romanos
396 3943 541 4009 habuisse,
562 3943 717 4013 iuventute,
745 3943 833 4000 armis
849 3941 1008 4001 Samnitem
1030 3942 1152 4012 iuvisse;
1174 3941 1312 4017 fugatisb

221 4050 292 4106 inde
319 4047 508 4118 Samnitibus,
535 4048 645 4106 ineerta
674 4067 747 4125 pace
774 4067 878 4124 agera,
912 4065 966 4104 nec
987 4047 1153 4105 claudentes
1181 4057 1283 4124 portas

222 4154 377 4223 Romanis,
397 4173 434 4212 ne
455 4164 603 4212 arcessant
623 4153 740 4223 bellum,
762 4163 791 4211 st
810 4154 973 4212 obstinatos
989 4153 1133 4223 claudere,
1153 4153 1179 4210 si
1200 4171 1283 4211 exer·

220 4262 298 4318 citus
327 4260 529 4330 admoventem
561 4260 591 4318 iu
621 4279 657 4318 ea
683 4259 871 4318 fluctuatione
897 4260 1059 4317 animorum
1087 4259 1211 4337 opprimi
1239 4260 1283 4317 in·
