3392 5084
536 513 614 570 ltter
631 515 678 568 tx„
715 518 761 582 (Δ.
776 516 823 572 cn.
837 518 1000 581 ero-sos.)
1194 518 1251 576 ¹89

228 703 361 762 audem
392 702 539 762 fortunam
570 703 742 762 habuerunt.
786 703 879 761 Decio
901 720 1026 778 quoque,
1058 701 1142 760 alteri
1174 700 1325 771 consulib

229 810 367 871 secunde
387 809 455 868 belli
475 807 593 867 fortune
607 817 677 884 eret.
721 809 961 884 Tarquiniensem
975 816 1053 865 metu
1067 808 1222 883 subegerat
1234 806 1294 864 iru-

230 922 366 974 mentum
388 913 526 973 exercitui
541 899 669 991 praebere
691 924 778 991 atque
797 914 924 972 indutiae
944 914 974 970 in
990 913 1183 989 quadraginta
1203 931 1295 973 anuos

228 1030 345 1098 petere.
388 1020 613 1080 Vulsiniensium
628 1020 747 1079 castelle
769 1021 880 1095 aliquot
893 1019 923 1076 vi
943 1020 1034 1094 cepit;
1055 1014 1187 1095 quaedam
1202 1035 1240 1074 cx
1259 1016 1326 1076 iist

230 1126 336 1196 diuisit,
358 1135 398 1184 ne
415 1127 597 1204 receptaculo
608 1127 740 1186 hostibus
755 1135 864 1196 essent3
882 1125 1167 1198 circumferendoque
1186 1123 1295 1199 poesim

229 1233 314 1292 bello
344 1240 456 1292 tentum
489 1243 628 1292 terrorem
655 1232 700 1310 sui
726 1231 808 1304 lecit,
836 1242 868 1289 ut
893 1250 1000 1290 nomen
1031 1249 1115 1288 omne
1140 1231 1295 1288 Etruscum

229 1337 333 1398 fedus
354 1338 395 1396 sb
413 1338 531 1396 consule
543 1345 660 1413 peteret.
702 1339 750 1396 Ao
769 1338 805 1396 de
826 1356 862 1396 eo
878 1330 998 1414 'quidem
1013 1337 1085 1395 nihil
1098 1337 1323 1412 impetratum?

229 1443 357 1502 indutite
385 1461 487 1504 anuum
515 1443 613 1503 distre.¹
644 1441 824 1518 Stipendium
851 1444 978 1502 exercitu
998 1446 1133 1502 Romano
1155 1443 1193 1500 cb
1213 1443 1297 1500 hoste

229 1550 263 1608 in
288 1567 355 1608 eum
371 1567 485 1608 *anuum
507 1565 638 1624 pensum,
660 1559 689 1606 et
709 1548 783 1606 bium
803 1548 907 1606 tuniee
926 1549 956 1605 iu
976 1548 1095 1606 militem
1116 1556 1240 1617 exactae3
1261 1566 1298 1604 ec

230 1671 349 1713 merces
369 1654 545 1714 indutiarum
565 1653 628 1714 fust
1181 1658 1187 1666 ⁴

321 1759 509 1835 Tranquillas
535 1777 582 1820 res
609 1759 669 1818 iam
698 1761 726 1816 ia
751 1759 883 1817 Etruscis
911 1760 1039 1817 turbavit
1069 1760 1221 1836 repentine
1247 1755 1328 1818 de·8

229 1865 325 1927 lectio
347 1867 542 1938 Umbrorum,
569 1867 663 1942 gentis
690 1847 808 1943 integre
836 1887 856 1924 e
879 1866 1009 1926 cladibus
1029 1866 1113 1933 belli,
1141 1867 1197 1923 uisi
1219 1865 1297 1941 quod

229 1972 391 2032 transitum
407 1973 550 2032 exercitus
564 1990 635 2048 eger
656 1981 795 2032 senserat.
838 1973 874 2043 Ii,
894 1974 1040 2032 concitate
1056 1972 1136 2029 omni
1150 1969 1327 2028 inventuros

162 2137 163 2140 ,
230 2098 306 2150 sua,
337 2087 366 2136 et
391 2097 513 2156 magua·
528 2088 613 2156 perte
638 2055 828 2138 Etruscorum
858 2079 896 2136 ed
925 2078 1111 2136 rebellionem
1138 2076 1297 2151 compulsa,

229 2193 358 2244 tantum
373 2187 531 2246 exercitum
551 2185 689 2255 fecerent,
710 2193 742 2242 ut
762 2185 867 2242 relicto
884 2193 951 2260 post
972 2203 1007 2242 se
1023 2185 1058 2242 in'
1071 2183 1190 2242 Etruria
1204 2182 1297 2240 Decio

230 2292 275 2352 ad
292 2291 527 2366 oppugnantem
547 2292 614 2350 iude
627 2293 752 2350 Romam
766 2291 868 2362 ituros,
887 2291 1040 2366 magnifice
1060 2290 1097 2346 de
1117 2309 1149 2348 se
1172 2308 1207 2346 eo
1228 2307 1296 2346 eon·

229 2395 371 2472 temptim
399 2396 435 2453 de
462 2396 602 2456 Romanis
632 2397 797 2472 loquentes,
826 2397 975 2458 iactarcnt.
1034 2396 1121 2471 Quod
1151 2397 1295 2473 inceptum
1312 2395 1348 2452 10

230 2521 340 2562 eorum
368 2501 419 2561 ubi
442 2501 479 2562 ed
501 2501 622 2560 Decium
645 2501 791 2558 consulem
816 2502 960 2577 perlatum
980 2511 1041 2574 est,
1071 2504 1109 2561 cd
1138 2505 1238 2560 urbem
1259 2522 1297 2560 ex
1395 2574 1398 2576 Ι

229 2606 360 2668 Etruria
392 2607 504 2683 magnis
535 2607 683 2667 itineribus
711 2606 806 2682 pergit
843 2618 872 2664 et
895 2609 927 2664 in
953 2627 1026 2683 agro
1051 2609 1221 2684 Pupiniensi
1258 2609 1298 2665 ad

228 2714 350 2776 famam
382 2711 508 2770 intentus
538 2711 664 2770 hostium
692 2713 830 2772 consedit.
884 2715 950 2772 Nec
978 2717 1081 2772 Romae
1107 2715 1297 2790 spernebatur
1312 2711 1345 2766 ll

229 2820 418 2882 Umbrorum
450 2817 571 2889 bellum,
603 2828 631 2876 et
662 2819 733 2894 ipse
760 2819 844 2876 minse
876 2830 983 2878 metum
1009 2819 1139 2881 fecerent
1170 2821 1297 2896 expertis

231 2924 358 2988 Gallice,
381 2923 472 2994 clade,
494 2942 582 2998 quarn
603 2926 727 2984 intutem
747 2928 846 2985 urbem
870 2927 1036 2985 incolerent.
1084 2929 1188 3003 Itaque
1207 2925 1297 3002 legati
1312 2934 1347 2990 ¹2

233 3031 277 3090 ed
299 3029 426 3090 Fabium
449 3030 594 3088 consulem
616 3031 788 3104 missisunt,
810 3042 851 3104 ut,
871 3033 896 3090 si
918 3034 987 3108 quid
1000 3034 1158 3091 laxamenti
1180 3053 1199 3090 a
1219 3033 1296 3091 bello

233 3135 421 3198 Samnitium·
450 3144 540 3206 esset,
574 3137 604 3193 in
639 3139 792 3198 Umbriam
824 3157 948 3215 propere
982 3139 1138 3196 exercitum
1170 3140 1296 3202 duceret.

233 3242 329 3302 Dicte
350 3239 447 3315 paruit
475 3242 576 3300 consul
601 3246 771 3320 magnisque
791 3241 947 3302 'itineribus
976 3245 1015 3301 cd
1035 3244 1216 3316 Mevaniam,
1246 3245 1296 3302 ubi
1311 3248 1348 3304 13

233 3359 301 3406 tum
324 3345 415 3420 copiae
438 3346 616 3406 Umbrorum
638 3359 729 3422 erant,
747 3349 885 3426 *perrexit
928 3351 1044 3425 Repeus
1065 3349 1205 3407 adventus
1225 3368 1296 3408 con·
1311 3355 1348 3410 14

234 3452 325 3522 solis,
358 3469 442 3524 quem
472 3441 572 3528 procul
593 3456 717 3514 Umbria
742 3455 772 3513 in
793 3454 914 3514 Samnio
940 3454 1017 3512 bello
1044 3455 1102 3512 elio
1124 3462 1296 3529 occupatum
1361 3490 1363 3493 -

234 3556 430 3626 crediderent,
452 3557 494 3616 ite
513 3561 651 3620 exterruit
664 3561 802 3632 Umbros,
824 3570 856 3617 ut
877 3560 926 3617 alii
945 3560 1136 3618 recedendum
1150 3560 1189 3616 ed
1210 3561 1296 3617 urbes

235 3663 396 3732 munitas,¹
416 3663 533 3737 quidem
567 3667 755 3726 omittendum
787 3666 893 3724 bellum
926 3674 1086 3736 censerent3
1117 3666 1207 3741 plaga
1238 3685 1296 3723 una
1311 3671 1347 3727 15
1407 3703 1411 3711 -

237 3769 429 3848 (Materinam
444 3772 500 3847 ipsi
519 3771 676 3848 appellent)
690 3791 750 3830 non
764 3772 903 3830 continuit
914 3773 1001 3830 modo
1017 3782 1127 3830 ceteros
1148 3770 1179 3827 in
1198 3773 1296 3842 ermis,

236 3875 294 3934 sed
314 3873 465 3937 confestim
494 3875 532 3932 ad
554 3885 701 3936 certamen
730 3877 797 3954 egit
852 3877 972 3936 (lesus
987 3878 1144 3935 vallantem
1171 3877 1296 3935 Febium
1387 3877 1399 3884 ”

237 3981 337 4042 adorti
363 3989 439 4044 sunt.
493 3981 574 4054 Quos
590 3983 649 4040 tubi
680 3981 787 4042 effusos
816 4003 902 4042 ruere
930 3984 961 4041 in
992 3984 1169 4051 munimenta
1197 3983 1297 4040 001qu
1312 3987 1348 4065 lb
1456 4020 1458 4023 v
1485 3957 1488 3977 Ι

229 4087 323 4160 ¹vidit,
343 4094 497 4144 revocatos
518 4087 622 4147 milites
644 4091 680 4147 ab
696 4108 801 4165 opere,v
814 4099 902 4165 prout
922 4089 979 4146 loci
999 4099 1106 4147 nature
1124 4098 1296 4173 tempusque

236 4193 414 4270 patiebatur,
435 4193 484 4251 ita*
500 4194 650 4265 instruxit3
671 4197 897 4270 cohortatusque
922 4194 1124 4271 predicatione
1144 4214 1217 4256 vere
1237 4203 1296 4270 qua

234 4301 268 4358 iu
292 4297 407 4371 Tuscis,
429 4317 487 4374 que
507 4301 537 4358 iu
549 4300 669 4362 Samnio
689 4310 839 4377 partorum
862 4301 1009 4390 decorum,
1029 4299 1165 4374 exiguam
1187 4320 1295 4378 appeu-
