3392 5084
495 537 575 588 uisa
592 537 651 588 vn.
688 536 736 602 (a
746 536 966 601 cnseo-sss.)
1172 511 1210 598 ts

208 731 342 797 putarent.
398 721 480 780 Inter
500 723 555 780 hos
583 723 671 799 longo
690 724 835 782 maximus
864 723 974 782 exstitit
999 731 1093 781 terror
1132 722 1284 784 concilia5

208 828 371 903 populorum
403 828 576 886 Latinorum
616 830 655 886 ad
682 828 778 887 lucum
808 830 971 888 Ferentinae
1001 829 1103 888 habita
1132 847 1252 904 respon-

207 951 317 1008 sumque
337 933 416 992 haud
437 934 604 1009 ambiguum
631 931 838 1012 imperantibus
860 936 963 994 milites
984 935 1124 995 Romanis
1143 935 1253 1006 datum,

207 1040 367 1098 absisterent
388 1041 532 1115 imperare
551 1041 596 1112 iis,
618 1061 740 1117 qnorum
762 1043 871 1100 auxilio
892 1052 1022 1118 egerent3
1055 1043 1176 1100 Latinos
1198 1047 1284 1117 prob

206 1163 250 1201 sna
279 1145 415 1204 libertate
444 1147 541 1223 potius
568 1167 655 1222 quam
686 1167 740 1224 pro
770 1149 864 1207 alieno
885 1149 1006 1224 imperio
1027 1148 1137 1206 laturos
1161 1167 1252 1206 arma.

205 1252 274 1308 Inter
294 1252 354 1309 duo
376 1253 461 1310 simul
490 1253 566 1310 bella
595 1267 715 1312 externa
740 1254 902 1313 deiectione
928 1255 1015 1314 etiam
1039 1254 1183 1311 sociorum
1204 1262 1282 1315 se·7

203 1366 277 1414 nutus
299 1357 416 1429 anxius,
443 1377 532 1434 quum
557 1367 695 1429 cerneret,
721 1368 800 1416 metu
822 1361 971 1432 tenendos,
1003 1377 1075 1437 quos
1100 1360 1172 1416 fides
1193 1375 1252 1416 non

203 1463 347 1534 tenuisset,
384 1466 540 1523 extendere
580 1484 680 1524 omnes
719 1465 832 1540 imperii
871 1465 947 1522 vires
979 1466 1121 1524 eonsules·
1147 1464 1252 1522 dilectu

202 1569 328 1628 habendo
350 1571 448 1628 iussit:
479 1571 556 1630 civili
577 1571 684 1647 quippe
704 1572 840 1628 standum
872 1570 999 1630 exercitu
1027 1591 1104 1643 esse,
1135 1571 1252 1647 quando

203 1675 307 1732 socialis
331 1674 450 1754 [cretus]
472 1677 626 1736 desereret,
669 1677 820 1751 Undique,
841 1696 901 1736 non
922 1679 1035 1736 urbana
1058 1687 1179 1748 tantum,
1200 1674 1283 1741 sed8

201 1781 278 1838 etiam
299 1782 413 1857 agresti
432 1781 595 1854 iuventute,
618 1783 717 1841 decem
738 1783 868 1858 legiones
890 1784 1004 1860 scripta
1026 1786 1159 1844 dicuntur
1180 1805 1251 1861 qua-

201 1896 302 1944 ternum
326 1887 448 1945 millium
466 1897 496 1944 et
514 1888 689 1946 ducenorum
704 1889 833 1964 peditum
855 1890 1041 1966 equitumque
1061 1901 1252 1965 trecenorum,

201 2012 275 2067 quem
298 2013 379 2051 nunc
400 2013 508 2053 novum
529 1973 696 2066 exercitum,
725 1995 751 2052 si
772 2014 831 2069 qua
854 2005 974 2054 externa
995 1997 1039 2054 vis
1060 1999 1184 2074 ingruat,
1205 2001 1281 2057 hasil

200 2101 266 2158 vires
286 2101 394 2178 populi
415 2101 555 2171 Romani,
578 2120 651 2175 quas
672 2101 723 2158 vix
744 2110 886 2158 terrarum
909 2103 988 2178 capit
1010 2103 1096 2172 orbis,
1118 2114 1250 2162 contrac-

199 2215 229 2262 ta
254 2209 285 2265 in
307 2227 400 2265 unum
425 2207 505 2264 haud
534 2206 620 2265 facile
647 2205 787 2282 efficiant;
823 2207 898 2265 adeo
923 2209 953 2265 in
983 2227 1046 2283 quae
1074 2210 1251 2284 laboramus,

198 2314 252 2370 sola
273 2314 430 2384 crevimus,
450 2312 564 2370 divitias
585 2313 796 2388 luxuriemque.

270 2422 357 2478 Inter
378 2428 474 2478 cetera
495 2419 589 2476 trist-ia
615 2419 676 2476 eius
699 2419 766 2476 anni
793 2421 894 2477 consul
915 2421 987 2479 alter
1008 2423 1087 2496 App.
1112 2419 1251 2481 Claudius
1266 2429 1302 2484 10

197 2526 303 2602 inipso
329 2525 398 2583 belli
417 2533 560 2600 apparatu
583 2525 717 2595 moritur3
740 2525 942 2602 redieruntque
959 2543 1005 2584 res
1028 2526 1066 2582 ad
1087 2523 1251 2599 Camillum,

199 2633 237 2688 cui
257 2633 347 2690 unico
370 2631 481 2689 consuli
501 2631 548 2689 vel
568 2632 607 2688 cb
632 2630 720 2688 aliam
740 2631 934 2706 dignationem
951 2634 1029 2690 haud
1044 2633 1250 2692 subiiciendam
1268 2647 1301 2701 11

199 2739 343 2798 dictaturae
365 2739 412 2796 vel
435 2739 474 2795 ob
493 2756 578 2794 omen
598 2734 726 2794 faustum
747 2737 785 2794 ad
801 2736 947 2796 Gallicum
969 2739 1120 2796 tumultum
1143 2757 1250 2814 cogno·

200 2847 273 2903 niuis
303 2845 478 2922 dictatorem
509 2841 641 2917 arrogari
667 2841 747 2913 hund
768 2842 839 2900 sut-is
861 2845 996 2902 decorum
1019 2844 1112 2902 visum
1134 2856 1177 2902 est
1197 2865 1251 2921 pa·

199 2952 291 3010 tribus.
324 2987 328 2993 ·
354 2949 464 3010 Consul
486 2949 598 3007 duabus
618 2946 779 3022 legionibus
803 2950 869 3008 urbi
892 2951 1068 3026 prepositis,
1099 2961 1164 3009 octo
1186 2961 1302 3019 cum12

198 3056 226 3113 L.
246 3058 370 3116 Pinario
389 3051 521 3132 proetore’
533 3054 649 3125 divisis,
680 3073 794 3111 memor
820 3065 948 3131 paternae
968 3055 1082 3114 virtutis
1103 3057 1250 3117 Gallicum

198 3163 246 3219 sibi
265 3163 377 3221 bellum
404 3172 487 3219 extra
514 3169 622 3220 sortem
650 3160 752 3231 sumit,
788 3169 941 3235 praetorem
972 3162 1146 3220 maritimam
1169 3183 1251 3221 oram

198 3270 279 3327 tutari
300 3268 483 3342 Graecosque
503 3285 603 3323 arcere
624 3265 757 3323 litoribus
782 3266 875 3326 iussit.
927 3267 967 3324 Et
989 3286 1075 3342 quum
1097 3268 1127 3325 in
1149 3287 1251 3343 agrum
1267 3279 1302 3335 13

198 3374 381 3451 Pomptinum
403 3373 604 3462 descendipset,
627 3371 696 3445 quia
715 3390 809 3445 neque
829 3374 860 3428 in
882 3373 991 3447 campis
1015 3373 1153 3448 congredi
1172 3373 1252 3431 nulla

199 3489 315 3555 cogente
336 3499 370 3536 re
390 3479 507 3536 volebat
536 3488 566 3536 et
589 3478 768 3563 prohibendo
797 3477 1040 3558 populationibus,
1070 3497 1142 3553 quos
1165 3489 1251 3556 rapto

198 3587 290 3645 virere
310 3584 469 3643 necessitas
491 3592 616 3659 cogeret,
637 3581 708 3640 satis
722 3583 835 3641 domari
857 3583 993 3642 credebat
1012 3585 1134 3654 hostem,
1155 3585 1251 3644 locum

198 3690 329 3750 idoneum
358 3689 472 3748 stativis
503 3688 617 3764 delegit.
681 3690 741 3749 Ubi
772 3708 862 3764 quum
895 3693 923 3746 iu
956 3690 1128 3748 stationibus
1163 3691 1252 3766 quieti
1301 3689 1345 3761 26

198 3805 307 3874 tempus
339 3804 479 3866 tererent,
519 3794 637 3858 Gallus,
654 3796 795 3871 processit
820 3796 1017 3872 magnitudine
1051 3806 1137 3872 atque
1164 3798 1252 3856 armis

198 3902 328 3979 insignis3
360 3902 551 3977 quatiensque
579 3909 692 3959 scutum
721 3903 807 3959 hasta
832 3921 921 3976 quum
954 3902 1097 3960 silentium
1128 3902 1252 3973 fecisset,

199 4016 337 4081 provocat
357 4026 410 4082 per
431 4007 617 4084 interpretem
643 4027 730 4065 unum
753 4026 790 4066 ex
810 4006 960 4079 Romanis,
982 4008 1031 4081 qui
1053 4026 1150 4066 secum
1172 4008 1252 4066 ferro

200 4110 341 4172 decernat.
388 4112 432 4172 Μ.
455 4120 518 4170 erut
537 4113 673 4170 Valerius
694 4112 825 4170 tribunus
846 4112 968 4170 militurn
990 4112 1171 4185 adolescens,
1202 4115 1281 4190 qui2

200 4217 273 4276 bsud
293 4219 485 4295 indigniorem
506 4239 542 4277 eo
563 4220 668 4278 decore
687 4237 720 4276 se
741 4236 829 4293 quam
845 4220 881 4278 T.
897 4219 1038 4277 Manlium
1059 4229 1149 4290 ratus,
1170 4221 1251 4296 prius

200 4324 355 4384 sciscitatm
377 4325 502 4415 consulis
524 4325 716 4394 voluntatem,
740 4324 776 4415 ¹in
802 4325 928 4383 medium
951 4333 1079 4384 armatus
1101 4325 1251 4402 processit.
