3392 5084
455 507 514 566 248
755 505 833 554 Liber
850 503 884 553 X
925 504 1010 567 (aa
1021 518 1042 554 o.
1057 503 1132 566 tet.)

413 690 508 748 silium
530 687 598 746 inde
618 687 760 748 hobitum.
820 686 918 760 Quum
939 688 999 744 iam
1021 696 1137 761 tempus
1158 693 1236 742 met
1257 685 1421 744 deducendi
1440 688 1475 743 ab

383 795 534 856 'lSamnio
563 794 706 852 exercitus
734 801 784 850 aut
811 793 963 868 utriusque
989 803 1041 850 aut
1066 802 1145 850 certe
1168 791 1305 862 dumus,
1338 792 1474 866 optimum

413 901 517 968 visum
540 917 599 973 quo
621 899 715 974 magis
736 897 838 956 uacca
858 914 906 954 res
927 896 1101 956 Samnitium
1122 906 1229 967 auant,
1251 915 1288 954 eo
1303 897 1473 972 pertinacius

414 1017 443 1063 et
462 1003 594 1062 infestius
616 1021 704 1078 agera
725 1012 822 1060 cetera
843 1014 872 1059 et
893 1003 1037 1077 persequi,
1057 1011 1091 1060 ut
1109 1001 1307 1077 perdomitum
1328 1002 1473 1061 Samnium

383 1109 630 1186 8insequentibus
652 1109 817 1166 consulibua
837 1106 914 1164 tradi
928 1115 1040 1182 posset:
1062 1109 1180 1183 quando
1201 1108 1261 1165 iam
1284 1107 1381 1166 nullus
1404 1118 1473 1164 emet

414 1216 540 1274 hostium
572 1215 732 1283 exercitus,
767 1213 818 1289 qui
845 1212 936 1286 siguis
962 1211 1076 1269 collatis
1103 1213 1295 1271 dimicaturus
1325 1213 1474 1280 viderem,

319 1337 322 1346 ·
414 1339 501 1378 tinum
524 1337 675 1394 superesse
706 1319 773 1376 belli
793 1334 901 1393 genua,
930 1316 1044 1374 urbium
1075 1321 1324 1395 oppugnationes,
1356 1337 1473 1394 quatum

414 1445 466 1501 per
487 1425 601 1484 excidia
622 1425 740 1484 militem
761 1422 941 1498 locupletare
965 1423 1066 1498 praeda
1094 1432 1124 1480 et
1149 1427 1262 1483 hostem
1284 1443 1340 1499 pro
1364 1425 1422 1482 an‘s
1443 1443 1474 1480 ae

384 1529 487 1590 tlioois
508 1531 691 1588 dimicantem
714 1529 856 1587 conficere
882 1538 1009 1602 possent
1057 1529 1162 1604 Itaque
1189 1531 1294 1588 litteris
1318 1530 1414 1587 missis
1441 1529 1474 1585 ai

415 1645 545 1694 senatum
567 1635 764 1710 populumque
784 1635 948 1690 Romanum
971 1633 1115 1692 derebus
1136 1636 1175 1692 ab
1198 1653 1231 1693 se
1250 1638 1350 1711 gestis,
1373 1634 1474 1692 diversi

415 1741 552 1816 Papirius
583 1742 621 1798 ad
652 1740 816 1816 Supinum,
854 1735 1000 1795 Carvilius
1030 1739 1069 1796 ad
1099 1739 1215 1797 Veliam
1253 1741 1471 1816 oppugnandam

415 1846 543 1921 legiones
568 1847 684 1904 ducunt.

319 1943 363 2012 ⁴l5
498 1953 616 2010 Litterae
637 1950 787 2008 consulum
808 1949 917 2023 ingenti
938 1947 1039 2006 laetitia
1058 1956 1089 2004 et
1107 1948 1138 2005 in
1157 1948 1238 2005 curia
1252 1961 1282 2006 et
1302 1951 1332 2008 in
1346 1949 1473 2007 contione

259 2031 263 2040 ¹
416 2057 537 2127 auditae,
569 2067 597 2116 et
619 2056 766 2130 quatridui
792 2052 1004 2128 supplicatione
1030 2053 1177 2127 poblicum
1198 2055 1337 2128 gaudium
1359 2055 1473 2130 plicatis

386 2159 517 2220 2stutliis
540 2162 713 2220 celebratum
744 2169 797 2220 est.
850 2159 915 2217 Nec
943 2157 1052 2233 pupulo
1073 2160 1210 2222 Romano
1240 2176 1348 2233 magna
1377 2159 1473 2215 solum.

416 2269 467 2326 sed
490 2276 709 2343 peropportuna
731 2265 818 2322 ctiam
840 2283 877 2320 ea
896 2263 1021 2319 victoria
1039 2263 1113 2333 fuit,
1143 2264 1214 2338 quia
1234 2282 1287 2339 per
1308 2265 1385 2320 idem
1404 2263 1474 2321 farte
1544 2337 1545 2346 ἵ

386 2369 529 2448 3tempus
548 2371 704 2429 rebellasse
725 2370 866 2426 Etruscos
880 2367 1000 2426 allatum
1015 2377 1068 2428 eat.
1112 2368 1239 2427 Subibat
1258 2369 1397 2444 cogitatio
1417 2369 1474 2424 ani·
1503 2373 1511 2393 ⁹

417 2496 503 2546 mum,
530 2495 657 2550 quonam
680 2473 768 2531 modo
790 2473 950 2531 tolerabilis
971 2473 1071 2531 futura
1091 2474 1211 2531 Etruria
1231 2472 1343 2546 fuisset,
1363 2472 1473 2547 siquid

415 2582 444 2639 in
466 2581 587 2640 Samnio
609 2579 724 2637 adversi
746 2578 897 2647 evenisset,
919 2596 985 2656 qum
998 2578 1198 2636 coniuratione
1213 2579 1387 2637 Samnitium
1401 2597 1473 2635 erec·
1542 2596 1543 2661 p

415 2695 462 2755 ta,
494 2685 633 2758 quoniam
664 2685 751 2741 ambo
791 2684 923 2740 consules
954 2683 1106 2757 omniaque
1137 2685 1273 2741 Romana
1303 2686 1349 2742 vis
1376 2703 1475 2743 aversa
1542 2753 1544 2758 ,

302 2841 316 2868 ,
416 2790 445 2846 in
468 2789 616 2847 Samnium
641 2798 725 2857 esset,
748 2785 966 2862 occupationem
989 2787 1090 2860 populi
1103 2789 1230 2846 Romani
1254 2809 1310 2864 pro
1328 2790 1474 2847 occasione

386 2893 574 2950 lrabellaudl
596 2895 753 2950 habuisset.
797 2891 973 2966 Legationes
995 2892 1157 2960 sociorum,
1189 2913 1208 2949 a
1229 2895 1272 2953 M.
1294 2895 1387 2952 Atilio
1405 2913 1474 2970 prte-
1541 2954 1542 2969 ,

396 3007 480 3070 ‚tore
500 2998 530 3056 in
554 3007 685 3056 senatum
707 2999 888 3066 introductae,
910 2999 1114 3071 querebantur,
1135 2999 1183 3054 nri
1199 3017 1235 3056 ae
1257 2999 1369 3056 vastari
1392 3015 1475 3074 agros
1541 3050 1542 3053 ,

416 3123 435 3159 a
458 3103 585 3160 finitimis
600 3103 739 3172 Etruscis,
762 3101 840 3175 quod
856 3102 1048 3158 desciscerea
1071 3103 1181 3177 populo
1202 3105 1340 3161 Romano
1363 3104 1474 3161 nollent.

386 3207 693 3282 50bteatabanturque
714 3191 812 3282 patres
837 3206 1031 3283 conscriptes,
1061 3217 1094 3264 ut
1114 3226 1147 3263 ae
1168 3227 1188 3264 a
1207 3208 1237 3264 vi
1266 3217 1357 3283 atque
1375 3207 1475 3265 iniuria

416 3312 609 3371 communium
643 3314 770 3370 hostium
802 3320 974 3368 tutarentur.
1035 3313 1219 3388 Responsum
1252 3313 1373 3387 legatis,
1405 3331 1475 3371 utre

416 3420 527 3474 senatui
549 3418 694 3487 futurum,
729 3436 765 3473 ne
791 3416 886 3473 socios
908 3417 975 3472 fidei
1007 3435 1067 3474 suae
1092 3418 1256 3491 paeuiteret3
1290 3418 1473 3475 Etruscorum
1540 3452 1542 3471 .

386 3519 584 3598 bpropediem
611 3522 732 3579 eandem
759 3521 1019 3595 fortunamlquam
1040 3522 1214 3580 Samnitium
1238 3521 1312 3580 lom.
1357 3522 1474 3598 Segnius

417 3637 522 3696 tamen,
552 3629 631 3706 quod
654 3629 690 3685 ad
712 3625 860 3686 Etruriam
887 3626 1042 3695 attinebat,
1071 3637 1138 3686 acta
1157 3646 1205 3684 res
1227 3638 1320 3697 esset,
1350 3629 1380 3686 ni
1402 3627 1474 3685 Fali-
1539 3612 1540 3623 ἵ

416 3748 481 3788 scos
504 3749 629 3804 quoque,
662 3733 711 3806 qui
733 3751 785 3806 par
806 3730 913 3786 mmtos
934 3749 1027 3787 anuos
1047 3731 1078 3787 iu
1099 3732 1227 3788 amicitia
1250 3731 1379 3804 luserant,
1409 3733 1473 3790 alle-
1539 3746 1541 3777 2

386 3835 476 3898 'llum
499 3835 575 3892 foret
597 3856 680 3894 arma
701 3837 833 3894 Etruscis
856 3835 993 3897 iunxisse.
1037 3836 1132 3894 Huius
1152 3835 1360 3912 propinquitas
1381 3837 1475 3913 populi

417 3941 494 3998 acuit
515 3959 615 3998 curam
636 3942 784 4016 patribus,
814 3951 846 3998 ut
866 3941 980 3998 latiales
1002 3941 1158 3998 mittendos
1179 3942 1218 3998 acl
1237 3959 1285 3997 res
1308 3942 1475 4014 repetendas

416 4056 580 4115 censerent3
614 4045 717 4118 quibus
740 4063 798 4101 non
826 4046 961 4112 redditis,
994 4065 1032 4102 ex
1060 4047 1234 4103 auctoritate
1262 4054 1382 4121 patrum
1403 4047 1475 4103 iussu

386 4147 403 4202 8
415 4150 516 4225 populi
537 4150 642 4208 bellum
666 4149 789 4208 Faliscis
813 4151 952 4208 indictum
974 4158 1033 4218 est,
1063 4151 1193 4225 iussique
1219 4151 1355 4208 eonsules
1377 4149 1476 4210 sortiri.

383 4249 479 4310 iuter
511 4273 547 4310 ex
569 4254 690 4312 Samnio
718 4255 747 4311 in
778 4255 926 4313 Etruriam
954 4275 1020 4312 cum
1053 4255 1182 4312 exercitu
1211 4256 1368 4317 mansitat·
1419 4257 1475 4313 Iam
1537 4250 1538 4275 ³
