3392 5084
526 508 604 557 Liber
618 507 664 556 lx.
702 506 744 564 (A.
759 506 804 556 cu.
820 506 980 569 nes-nso.)
1180 508 1239 564 223

220 692 312 750 trium
344 710 507 756 mensarum
537 701 674 768 argentea
704 709 777 748 vasa
802 691 832 748 in
858 691 932 750 cella
957 691 1037 750 Iovis
1065 690 1225 763 Iovemque
1251 689 1279 747 iu

221 798 350 856 culmine
371 817 435 855 cum
458 797 615 874 quadrigis,
640 806 668 854 et
690 797 726 854 ad
747 798 831 854 ficum
854 796 1037 854 Ruminalem
1059 796 1215 854 simulacra
1237 796 1280 854 in-

220 903 349 962 fantium
372 904 551 962 conditorum
578 903 657 961 urbis
678 903 731 960 sub
760 902 898 972 uberibus
915 901 992 977 lupoe
1012 912 1179 979 posuerunt,
1193 901 1281 959 semi-

220 1019 345 1084 tamque
376 1027 448 1068 saxo
480 1009 622 1084 quadrato
653 1027 671 1066 a
700 1006 819 1083 Capena
850 1017 936 1083 ports
968 1009 1006 1064 ad
1035 1009 1143 1068 Martis
1169 1017 1280 1066 strave-

221 1123 303 1172 runt.
360 1115 399 1174 Et
427 1116 464 1173 ab
493 1115 621 1175 sedilibus
649 1114 768 1190 plebeiis
797 1115 831 1174 L.
853 1115 934 1172 AElio
962 1116 1043 1172 Paeto
1070 1125 1099 1172 et
1121 1112 1154 1173 O.
1174 1113 1280 1171 Fulvio
1296 1111 1332 1168 13

221 1220 326 1278 Curvo
348 1240 385 1278 cx
414 1221 573 1281 multaticia
599 1221 667 1278 item
698 1222 834 1297 pecunia,
868 1240 955 1295 quam
988 1229 1144 1297 exegerunt
1174 1200 1282 1295 pecuass

219 1327 276 1384 riis
298 1327 450 1399 damnatis,
472 1326 531 1384 ludi
550 1325 621 1384 facti
641 1333 807 1402 paterasque
827 1342 922 1384 aurea
944 1327 982 1384 ad
1004 1325 1117 1385 Cereris
1137 1326 1249 1402 positae.

313 1431 348 1504 Q.
370 1433 437 1490 iude
458 1432 567 1490 Fabius
589 1433 720 1507 quintum
750 1441 779 1489 et
801 1432 835 1491 P.
857 1432 966 1490 Decius
988 1441 1122 1507 quartum
1146 1432 1280 1488 consula-
1331 1421 1375 1490 24

222 1548 290 1596 tum
313 1527 421 1608 iniunt,
441 1539 532 1596 tribus
554 1538 750 1599 consulatibus
773 1556 953 1613 censuraque
973 1539 1092 1614 collegae
1112 1557 1166 1596 nec
1186 1538 1281 1613 gloria
1295 1508 1455 1630 fflffl?

220 1643 320 1719 magis
342 1662 447 1713 rerum,
465 1663 529 1718 qua
550 1645 651 1720 iugens
675 1653 746 1716 erat,
769 1663 857 1719 quam
878 1645 1033 1702 concordia
1053 1645 1128 1702 inter
1147 1662 1180 1702 se
1201 1644 1311 1706 clarit

222 1751 301 1823 Quae
321 1769 358 1806 nc
379 1760 518 1826 perpetua
544 1759 631 1821 esset,
661 1750 792 1808 ordinum
814 1749 908 1826 magis
936 1769 1023 1824 quem
1050 1751 1179 1825 ipsorum
1207 1751 1282 1809 inter

201 1831 257 1914 'se
283 1863 427 1912 certamen
448 1856 635 1914 intervenisse
658 1875 734 1926 reor,
754 1856 884 1931 patriciis
904 1856 1095 1927 tendentibus,
1118 1865 1150 1912 ut
1170 1853 1311 1914 Fabius3

222 1962 376 2023 Etruriam
399 1971 481 2020 extra
503 1963 631 2020 ordinem
652 1962 830 2037 provinciam
853 1963 982 2033 haberet,
1011 1961 1132 2037 plebeiis
1154 1962 1281 2020 auctori·

221 2071 280 2127 bus
302 2064 405 2140 Decio,
426 2077 458 2124 nt
485 2068 523 2125 ad
544 2078 650 2126 sortem
671 2078 829 2128 revocaret
878 2068 947 2127 Fuit
973 2078 1051 2125 certe
1077 2069 1222 2128 contentio
1250 2068 1312 2126 inl

222 2183 340 2244 senatu,
362 2183 391 2232 et
413 2182 566 2249 postquam
588 2175 629 2233 ibi
649 2176 760 2233 Fabius
781 2175 845 2249 plus
866 2183 991 2249 poterat,
1015 2185 1221 2233 revocaturos
1243 2175 1282 2232 ad

221 2280 366 2357 populum
396 2289 448 2340 est.
490 2281 525 2337 In
547 2281 696 2351 contione,
727 2291 758 2338 ut
787 2281 862 2338 iuter
882 2279 1020 2337 militares
1042 2279 1121 2336 viros
1142 2288 1172 2335 et
1197 2277 1282 2336 factis

222 2385 325 2460 potius
341 2403 427 2458 quam
442 2386 525 2448 dictis
546 2385 645 2456 fretos,
667 2405 762 2462 pauca
784 2387 877 2443 verba
896 2385 1008 2443 habita.
1051 2385 1171 2467 Fabius,
1194 2384 1312 2459 quem5
1342 2432 1347 2442 .

225 2492 364 2548 arborem
392 2493 584 2563 consevisset,
605 2495 658 2552 snb
688 2511 723 2551 ea
750 2494 847 2568 legere
868 2491 957 2548 alium
984 2490 1111 2549 fructum
1132 2490 1281 2566 indiguum

223 2615 291 2656 esse
321 2597 427 2666 dicere3
462 2617 493 2656 se
524 2601 670 2675 apernisse
692 2597 845 2656 Ciminiam
867 2598 969 2655 silvam
1001 2597 1137 2671 viamque
1159 2615 1211 2671 per
1233 2597 1281 2653 da-

223 2705 292 2762 vios
313 2702 403 2762 soltus
425 2705 558 2762 Romano
580 2705 655 2762 bello
678 2704 788 2766 fecisse.
839 2705 916 2777 Quid
947 2723 979 2761 se
1007 2703 1038 2761 id
1061 2702 1154 2762 aetatis
1176 2701 1312 2759 sollici-6

223 2819 357 2880 cessent,
386 2807 410 2864 si
432 2809 488 2866 alio
510 2811 582 2868 duce
603 2812 712 2886 gesturi
741 2811 847 2869 bellum
870 2809 983 2868 essent?
1011 2808 1156 2866 Nimirum
1178 2807 1281 2867 adver·

202 2917 337 2975 'sarium
361 2933 401 2985 se,
430 2934 488 2972 non
510 2917 619 2972 socium
645 2917 757 2992 imperii
782 2917 896 2992 legisse,
923 2916 1028 2973 sensim
1050 2915 1224 2989 exprobrat,
1254 2923 1282 2972 et

224 3022 365 3082 invidisse
393 3020 517 3078 Decium
546 3023 735 3080 concordibus
763 3021 891 3098 collegiis
917 3022 1017 3079 tribus.
1068 3018 1231 3107 l'osmemo'
1250 3021 1311 3078 sel

224 3130 347 3188 tendere
379 3127 450 3192 nihil
481 3126 557 3184 ultra
586 3146 674 3202 quam
704 3137 749 3198 ut,
792 3128 817 3184 si
853 3127 971 3202 dignum
1006 3127 1157 3202 provincia
1196 3127 1282 3186 duce·
1330 3128 1333 3144 ⁴

224 3244 306 3305 rent,
327 3234 357 3290 in
378 3252 442 3290 eam
464 3234 625 3303 mitterent3
657 3234 687 3290 in
714 3241 831 3290 senatus
865 3227 1042 3291 arbitrio'se
1069 3232 1159 3289 fuisse
1190 3241 1219 3290 et
1252 3233 1282 3290 in

227 3349 377 3419 potestate
400 3340 499 3416 populi
528 3338 666 3400 futurum.
714 3342 749 3400 P.
776 3340 886 3397 Decium
912 3348 1029 3396 senatus
1056 3339 1188 3398 iniuriam
1212 3337 1313 3413 que-8

225 3449 362 3506 rebatur:
395 3447 491 3521 quoad
519 3446 672 3520 potuerint,
700 3454 798 3520 patres
827 3447 954 3516 annisos,
981 3465 1019 3502 ne
1045 3446 1165 3521 plebeiis
1188 3445 1282 3502 aditus

227 3555 267 3612 ad
289 3570 411 3627 magnos
432 3555 555 3612 bonores
577 3562 664 3623 esset3
686 3561 840 3627 postquam
862 3554 927 3629 ipsa
948 3553 1040 3612 virtus
1060 3552 1222 3627 pervicerit,
1246 3548 1313 3608 ne9

224 3661 258 3726 iu
281 3659 340 3716 ullo
354 3677 458 3737 genere
471 3658 619 3716 hominum
633 3659 806 3716 inhonorata
821 3670 905 3730 esset,
927 3659 1025 3734 quaeri,
1040 3658 1283 3734 quemadmodum

227 3765 315 3822 irrita
337 3765 395 3821 sint
414 3785 472 3824 non
493 3764 634 3840 suffragia
653 3765 741 3822 modo
765 3765 875 3840 populi,
897 3766 947 3822 sed
970 3765 1090 3822 arbitria
1111 3766 1198 3822 etium
1219 3763 1283 3822 for·

226 3879 306 3926 tunae
326 3878 355 3930 et
383 3870 413 3926 in
442 3889 598 3946 paucorum
621 3879 793 3946 potestatem
821 3880 979 3928 vertantur.
1027 3871 1136 3930 Omnes
1164 3880 1231 3928 ante
1251 3889 1283 3926 se
1298 3872 1335 3927 10

227 3975 362 4032 consules
389 3975 506 4034 sortitos
535 3977 698 4052 provincias
725 3995 804 4047 esse3
839 3995 915 4034 nuuc
941 3987 1025 4035 extra
1052 3986 1159 4036 sortem
1188 3976 1282 4034 Fabio

227 4088 362 4143 senatum
383 4081 562 4158 provinciam
583 4082 662 4142 dare.
713 4083 745 4142 Si
772 4082 891 4142 honoris
919 4084 980 4141 eius
1010 4102 1112 4159 causa,
1144 4084 1186 4140 ita
1218 4102 1283 4139 eum
1299 4084 1332 4138 ll

229 4189 267 4244 de
289 4205 320 4244 se
342 4187 435 4264 deque
464 4207 495 4246 re
525 4188 641 4263 publica
669 4190 800 4248 moritum
825 4207 905 4259 esse,
936 4199 969 4248 nt
999 4189 1101 4246 faveat
1131 4188 1167 4262 Q.
1197 4187 1284 4246 Fabii

231 4292 349 4369 gloria,
390 4312 453 4368 quae
492 4294 578 4352 modo
614 4313 672 4352 non
707 4312 760 4354 sua
796 4296 970 4366 contumelia
1005 4295 1166 4370 splendeat.
1230 4292 1284 4352 Cui
1300 4294 1335 4350 12
