3392 5084
484 549 543 608 258
794 549 873 598 Liber
885 547 918 597 V.
954 549 998 613 (A.
1009 565 1034 598 u.
1044 563 1067 598 e.
1078 548 1153 614 abl.)

438 735 605 808 liberosque
639 749 688 789 aa¹
706 732 844 808 boninges
875 730 1002 788 invisere
1039 742 1070 790 et
1103 750 1246 809 usurpare
1277 733 1434 791 libertatem
1465 743 1485 788 et

440 859 539 898 creare
559 838 756 914 magistratus.
947 820 955 834 ’

391 946 427 1001 13
524 945 596 1018 Haeo
631 944 777 1031 taliaque¹
792 941 987 1000 vociferantes
1022 943 1221 1002 adversarium
1256 945 1338 1002 haud
1369 944 1484 1018 imparem

440 1051 518 1108 neoti
545 1055 613 1107 sunt
632 1049 712 1124 App.
738 1047 908 1116 Claudium,
939 1045 1070 1105 relietum
1101 1067 1119 1105 a
1142 1047 1263 1123 collegis
1284 1051 1324 1107 ad
1343 1049 1486 1106 tribunicias
1516 1018 1518 1107 l

440 1153 597 1213 seditiones
620 1152 862 1227 comprimendas,
886 1151 982 1208 virum
1002 1152 1145 1210 imbutum
1166 1154 1226 1210 iam
1248 1157 1288 1212 ab
1308 1154 1426 1212 iuventa
1442 1172 1486 1209 uer

391 1255 427 1309 1⁴1
440 1261 596 1318 taminibus
613 1259 749 1335 plebeiis,
779 1277 865 1333 quem
894 1266 1042 1345 austeram
1073 1258 1185 1332 aliquot
1210 1261 1295 1316 annis
1325 1269 1395 1317 anta
1419 1259 1487 1316 fnisse

369 1405 377 1416 ·
439 1375 634 1424 memoratum
657 1372 701 1422 est
721 1384 774 1440 per
803 1365 979 1437 collegarum
1007 1363 1243 1421 intercessionem
1271 1365 1428 1423 trieamieiae
1449 1383 1486 1439 po

345 1457 366 1526 3
440 1473 553 1530 testatis
577 1469 781 1528 dissolvendas.
829 1469 862 1526 Is
885 1476 945 1524 tum
967 1467 1025 1524 iam
1045 1486 1104 1524 non
1125 1478 1279 1545 promptus
1299 1470 1418 1545 ingenio
1441 1478 1487 1524 tan-

409 1569 510 1646 2tum,
533 1576 584 1634 sed
606 1593 659 1632 usu
683 1573 770 1629 etiam
794 1573 979 1642 exercitatus,
1002 1573 1090 1629 telem
1116 1576 1279 1633 orationem
1307 1575 1424 1633 habuit:
1452 1573 1488 1641 „Si

440 1699 568 1756 unquam
590 1679 753 1736 dubitatum
779 1685 837 1748 ast,
869 1677 1012 1750 Quirites,
1041 1688 1138 1736 utrum
1160 1681 1268 1738 tribuni
1295 1682 1395 1756 plebis
1412 1687 1489 1736 vestra

439 1805 477 1842 an
500 1803 553 1842 sua
575 1801 664 1842 eausa
686 1783 859 1840 seditionum
882 1801 999 1858 semper
1018 1793 1153 1842 auctores
1173 1785 1312 1855 fuerints
1325 1756 1431 1862 id'ego
1448 1786 1489 1841 hoe

407 1885 515 1947 3ann0
539 1890 647 1947 desisse
670 1888 797 1945 dubitari
819 1896 928 1944 eertum
951 1888 1061 1958 habeo;
1096 1899 1125 1946 et
1154 1909 1242 1964 quum
1264 1891 1368 1961 laetor,
1395 1893 1489 1948 tanden

437 1995 518 2070 longi
540 1995 645 2054 erroris
668 1995 753 2052 vobis
775 1995 861 2050 finem
881 1992 989 2050 factum
1012 2011 1085 2064 esse,
1108 2003 1180 2066 tum,
1200 1997 1281 2070 quod
1299 1990 1434 2055 seeundis
1451 2014 1488 2070 po-

437 2099 580 2156 tissimum
616 2101 720 2158 vestris
753 2101 840 2157 rebus
868 2098 916 2155 hie
947 2117 1031 2155 error
1057 2108 1101 2156 ast
1127 2101 1274 2173 sublatus,
1309 2111 1343 2159 et
1368 2103 1447 2159 vobis
1470 2109 1491 2156 et

407 2203 557 2279 lpropter
586 2223 640 2262 vos
672 2207 715 2264 rei
750 2204 874 2281 publiea
903 2201 1045 2277 gratulor.
1099 2207 1147 2261 An
1180 2214 1225 2262 est
1256 2207 1430 2282 quisquam,
1456 2206 1491 2280 qui

437 2310 564 2380 dubitet,
593 2311 680 2368 nullis
700 2311 813 2368 iniuriis
836 2308 959 2377 nostris,
988 2307 1013 2364 si
1036 2326 1100 2381 qua·
1120 2308 1198 2367 forte
1218 2311 1384 2385 aliquando
1405 2308 1490 2368 incide

436 2423 518 2487 runt,
539 2435 666 2490 unquam
690 2433 782 2488 aeque¹
795 2430 883 2489 quam
914 2422 1177 2489 munerepatrum
1198 2415 1228 2471 iu
1257 2416 1395 2490 plebem,
1422 2433 1491 2490 quun

437 2538 495 2577 aera
539 2519 729 2578 militantibus
764 2519 924 2576 constituta
963 2527 1044 2590 sunt,
1080 2519 1212 2577 tribunos
1247 2520 1345 2595 plebis
1382 2521 1489 2579 offensos

408 2621 473 2682 bae
504 2625 664 2682 concitatos
687 2622 769 2680 esse?
802 2623 880 2696 Quid
906 2623 973 2680 illos
1005 2624 1085 2680 aliud
1116 2632 1168 2680 aut
1194 2632 1256 2680 tum
1286 2625 1423 2684 timuisse
1444 2643 1489 2681 are

438 2731 504 2788 ditis
526 2739 578 2786 aut
596 2731 683 2786 hodie
704 2731 823 2786 turbare
844 2729 919 2786 velle
943 2728 999 2784 nisi
1028 2729 1214 2786 concordiam
1237 2729 1395 2802 ordinum,
1421 2745 1491 2804 quau

350 2819 367 2855 ⁸*
408 2831 630 2892 ddissolvendae
663 2835 790 2892 maxime
823 2831 985 2890 tribunieiae
1015 2834 1168 2906 potestatis
1202 2843 1305 2890 rentur
1339 2835 1427 2892 esse?
1455 2833 1491 2892 Sis
1516 2880 1517 2887 ,

436 2939 566 3011 hercule,
598 2949 738 3014 tanquam
768 2938 893 3024 artifices
920 2937 1060 3012 improbi,
1093 2956 1167 3013 opus
1189 2947 1340 3013 quaenunt,
1377 2936 1452 3016 [qui]
1471 2947 1491 2993 et
1516 2962 1518 2985 t

437 3061 551 3119 semper
577 3045 646 3120 aegri
678 3044 788 3118 aliquid
822 3060 886 3100 asse
909 3042 939 3098 in
972 3061 1004 3098 re
1036 3043 1154 3117 publiea
1175 3044 1287 3110 volunt.
1324 3055 1362 3102 ut
1393 3047 1437 3113 sit,
1464 3041 1491 3098 ad
1516 3030 1518 3101 Ῐ

407 3147 517 3206 lortius
551 3150 728 3207 curationem
765 3168 784 3205 a
820 3146 906 3204 vobis
939 3147 1139 3205 adhibeantur.
1202 3141 1322 3207 Utrum⁴
1343 3151 1422 3208 enim
1454 3120 1518 3205 del

436 3252 552 3311 funditis
587 3272 623 3311 an
659 3255 836 3329 impugnatis
873 3252 1008 3326 plebem?
1044 3240 1150 3312 Utrum
1182 3252 1375 3313 militantium
1406 3256 1492 3313 adver·

437 3360 506 3416 sarii
536 3361 604 3418 estis
636 3379 673 3416 an
702 3374 822 3416 eausam
851 3356 959 3432 agitis?
993 3358 1059 3414 Nisi
1080 3355 1158 3414 forte
1178 3359 1234 3414 hoe
1247 3359 1370 3418 dicitisz
1402 3360 1492 3433 „Quie

437 3464 506 3537 quid
528 3473 627 3540 patres
654 3464 773 3535 faciunt,
803 3461 949 3545 displicet,
979 3463 1041 3520 sive
1068 3461 1139 3518 illud
1166 3481 1222 3537 pro
1243 3463 1331 3538 plebe
1356 3467 1421 3523 sive
1439 3481 1492 3521 oon·

340 3595 343 3600 ¹
406 3565 483 3625 8tra
511 3569 625 3644 plebem
648 3572 721 3638 est“,
754 3577 799 3638 et,
833 3569 1078 3642 quemadmodum
1107 3584 1172 3623 eum
1197 3569 1291 3626 servis
1314 3571 1378 3628 suis
1410 3577 1493 3626 vetant

438 3675 547 3730 domini
570 3676 724 3749 quiequam
747 3673 790 3729 rei
812 3673 914 3730 alienis
935 3672 1100 3730 hominibus
1122 3680 1185 3728 ess'e
1211 3673 1387 3748 pariterque
1415 3677 1442 3732 in
1467 3673 1493 3728 iis

436 3777 575 3835 beneficio
598 3797 633 3834 ae
650 3776 795 3834 maleficio
817 3777 956 3834 abstineri
977 3795 1098 3851 «aeqnum
1120 3787 1252 3848 censent,
1273 3771 1318 3835 sie
1338 3798 1398 3836 vos
1421 3781 1493 3836 inter·

436 3879 530 3938 dicitis
552 3883 684 3956 patribus
709 3881 885 3938 commercio
908 3882 1015 3956 plebis,
1036 3901 1073 3938 ne
1094 3900 1148 3939 nos
1168 3883 1309 3940 ’comitate
1335 3903 1373 3940 ao
1396 3881 1494 3941 munit·

342 3989 344 3995 '
437 3986 531 4042 centia
552 3995 653 4043 nestra
684 4003 878 4061 provocemus
900 3987 1030 4060 plebem,
1058 4005 1112 4043 nee
1139 3986 1222 4061 plebs
1242 3988 1330 4044 nobie
1353 3987 1435 4046 dieto
1454 4005 1493 4041 au·

404 4088 517 4147 9diens
547 4100 635 4166 atque
659 4079 797 4148 obediens
825 4091 871 4148 sit.
926 4090 1044 4163 Quanto
1071 4091 1202 4160 tandem,
1235 4091 1260 4147 si
1290 4089 1494 4167 quioquamin

435 4195 529 4265 vobis,
550 4215 610 4252 non
632 4193 697 4252 dieo
720 4195 821 4265 civilis,
844 4195 895 4250 sed
912 4195 1031 4252 humani
1050 4205 1138 4265 esset,
1159 4194 1261 4252 favero
1284 4214 1336 4253 vos
1350 4199 1447 4273 magis
1465 4206 1494 4253 et.

336 4364 341 4378 Ι
436 4308 575 4372 quantum
597 4301 626 4357 in
648 4300 733 4357 vobis
756 4309 846 4369 esset,
871 4298 1021 4373 indulgere
1042 4299 1141 4374 potius
1168 4300 1300 4358 comitati
1320 4311 1440 4376 patrum
1459 4308 1494 4358 at
