3392 5084
537 510 617 563 Liber
634 512 669 561 V.
694 513 741 575 (A.
758 510 808 565 (th.
822 512 897 573 390.)
1152 516 1213 573 303

204 704 261 764 sont,
281 695 425 753 tradentes
447 696 515 753 inde
537 714 629 767 arma,
651 696 701 755 ubi
723 696 791 772 quid
813 694 905 771 iniqui
929 704 1014 767 esset,
1037 694 1142 754 alterni
1161 693 1253 755 innixi

202 801 427 875 sublevantesque
454 801 483 857 in
513 800 606 858 vieam
629 811 657 859 et
679 804 827 861 trahentes
849 802 899 859 alii
920 802 1010 873 alios,
1035 801 1126 877 prout
1152 805 1284 877 postu-3

205 908 262 963 latet
278 906 368 976 loeus,
392 914 473 963 tanto
494 906 609 964 silentio
623 908 653 964 in
675 925 818 967 summum
834 925 964 977 evasere,
984 916 1018 964 ut
1038 909 1098 966 uod
1119 907 1255 967 anstodes

203 1011 276 1069 solum
297 1010 448 1081 tollerent,
481 1013 530 1069 sed
559 1032 595 1071 ne
624 1030 710 1073 tanes
740 1014 872 1089 quidem,
900 1012 1053 1071 sollicitum
1083 1013 1193 1070 animal
1215 1014 1254 1069 ad

204 1126 337 1175 nocturnos
360 1117 508 1192 strepitus,
530 1118 698 1177 excitarent.
741 1121 872 1176 Anseres
892 1136 953 1175 non
971 1117 1115 1188 fefellere,
1147 1119 1284 1193 quibust

203 1222 274 1278 saeris
307 1223 433 1281 lunonis
465 1220 495 1281 in
532 1242 647 1282 summa
684 1224 784 1301 inopia
819 1224 876 1281 eibi
908 1232 1007 1282 tamm
1040 1224 1250 1283 abstinebatur.

204 1326 258 1399 Qua
275 1346 320 1385 res
342 1328 433 1386 saluti
453 1329 521 1400 fuit3
547 1346 674 1405 namque
702 1330 838 1405 clangore
867 1348 967 1388 eorum
998 1330 1170 1404 alarumque
1190 1347 1252 1386 ere·

202 1434 248 1505 pitu
267 1434 378 1491 excitus
401 1434 444 1495 M.
468 1436 605 1506 Manlius,
636 1436 688 1509 qui
709 1434 832 1493 triennio
858 1444 925 1492 ante
946 1434 1048 1492 eonsul
1069 1433 1181 1504 iuerat,
1207 1433 1254 1489 vir

202 1539 260 1596 bello
279 1538 434 1615 egregius,
462 1541 551 1599 armis
580 1541 720 1617 arreptis,
749 1540 836 1599 simul
859 1540 896 1597 ad
927 1560 1011 1599 arma
1041 1547 1153 1597 eeteros
1175 1538 1253 1596 aiens

202 1646 264 1701 vadit
283 1655 320 1717 et,
345 1647 418 1703 dum
442 1645 530 1703 aeteri
552 1621 713 1721 trepidant,
742 1645 878 1716 Gallum,
907 1647 958 1722 qui
992 1646 1052 1703 iam
1079 1646 1109 1703 in
1138 1661 1253 1701 summe

201 1750 366 1823 constiterat,
382 1772 384 1777 ·
401 1748 527 1809 umbone
559 1752 648 1809 ietum
680 1752 825 1813 deturbat.
883 1750 974 1809 Cuius
1006 1768 1090 1809 easus
1122 1748 1283 1826 prolapsib

200 1873 270 1927 qnam
290 1858 447 1932 proximos
468 1866 627 1929 sterneret,
656 1857 835 1933 trepidantes
866 1855 940 1913 alios
969 1856 1116 1931 armisque
1137 1855 1252 1912 emissis

200 1978 265 2033 saxa,
286 1962 395 2037 quibus
411 1963 606 2035 adhaerebant,
630 1963 763 2021 manibus
785 1962 937 2039 amplexos
948 1962 1087 2041 ‘tnteidat
1129 1962 1253 2035 Iamque

201 2076 221 2121 et
238 2069 281 2126 alii
301 2068 476 2144 congregati
505 2068 568 2126 telis
593 2069 807 2146 missilibusque
833 2070 914 2127 saxis
941 2068 1116 2143 proturbare
1142 2067 1250 2137 hostes,

200 2174 321 2249 miraque
358 2184 424 2232 tota
455 2175 594 2251 prolapsa
626 2175 702 2233 acies
739 2175 768 2232 in
803 2191 933 2251 praeeeps
965 2170 1094 2231 delerri-
1142 2170 1283 2231 Sedetod

199 2278 283 2337 deiude
311 2279 440 2339 tumultu
470 2264 612 2355 reliquum
641 2281 749 2351 noetis,
779 2288 919 2355 quantum
952 2277 1076 2335 turbatis
1109 2276 1252 2333 meatibus

199 2394 303 2459 poterat,
327 2404 420 2461 quum
442 2386 619 2461 preteritum
642 2403 758 2460 quoque
779 2385 939 2461 perieulum
965 2365 1141 2453 sellicitaret,
1164 2381 1254 2456 quieti

200 2490 280 2548 datum
301 2501 356 2551 est.
403 2493 483 2551 Luae
506 2501 580 2561 orta,
602 2491 715 2549 voeatis
737 2490 860 2549 elassieo
879 2492 918 2548 ad
940 2489 1091 2549 eonsilium
1113 2488 1281 2546 militibus'l

199 2596 227 2652 ad
244 2598 392 2667 tribunes,
418 2616 505 2672 quum
530 2606 559 2654 et
580 2606 658 2654 reete
680 2606 708 2653 et
729 2615 885 2672 perperam
915 2596 995 2654 laeto
1017 2596 1140 2671 pretium
1165 2595 1252 2651 debe-

199 2709 274 2771 retur,
299 2702 433 2762 Manlius
454 2702 580 2777 primum
605 2703 643 2760 ob
667 2702 802 2761 virtutem
824 2702 961 2759 laudatus
983 2704 1165 2777 donatusque
1193 2719 1253 2759 noa

199 2808 227 2863 ab
244 2808 366 2867 tribunis
397 2807 490 2865 solum
519 2806 652 2877 militurn,
682 2808 734 2865 sed
764 2824 907 2866 censensu
929 2809 1016 2865 etiam
1044 2807 1175 2877 militari3
1207 2806 1284 2864 enid

200 2913 308 2973 universi
329 2914 455 2972 selibras
475 2912 564 2970 larris
592 2920 620 2968 et
644 2913 808 2988 quartarios
837 2914 898 2971 vini
926 2915 964 2971 ad
985 2913 1061 2971 aedes
1082 2913 1160 2983 eius,
1188 2930 1253 2986 qua

198 3016 299 3077 inaree
321 3027 418 3089 erant,
443 3018 639 3087 contulerunt,
660 3038 730 3075 rem.
744 3018 822 3077 dieta
842 3037 983 3095 parvam,
1005 3029 1131 3076 aeterum
1152 3018 1253 3093 inopia

199 3120 291 3182 lecerat
319 3144 387 3183 eam
418 3133 621 3199 argumentum
650 3123 751 3198 ingens
780 3124 925 3196 caritatis,
955 3143 1043 3199 quum
1067 3142 1099 3181 se
1129 3124 1253 3198 quisque

199 3228 260 3286 riotu
283 3249 339 3288 sue
361 3229 503 3287 fraudans
525 3229 685 3287 detraetum
709 3231 825 3306 corpori
847 3240 935 3306 atque
952 3230 1055 3287 usibus
1083 3226 1253 3284 necessariis
1275 3242 1279 3250 ’

199 3334 227 3390 ad
245 3337 384 3393 honorem
409 3334 493 3391 unius
515 3334 571 3393 viri
594 3333 747 3393 conferret.
796 3338 873 3393 Tum
896 3336 999 3411 vigiles
1020 3334 1083 3390 eius
1101 3332 1173 3401 loei,
1194 3337 1284 3405 qua9

199 3436 326 3499 fefellerat
358 3439 539 3497 adscendens
561 3440 670 3512 hostis,
700 3442 792 3509 nitati:
823 3449 852 3497 et
879 3458 968 3515 quum
998 3440 1030 3496 in
1050 3456 1150 3494 omnes
1172 3455 1254 3495 more
1286 3510 1288 3516 Ι

200 3543 300 3603 militari
321 3564 355 3604 se
370 3544 641 3603 animadversurum
666 3546 702 3619 Q.
719 3546 866 3638 Sulpiqius
888 3546 1019 3603 tribunus
1041 3544 1163 3601 militum
1185 3562 1253 3620 pro·

200 3651 360 3721 nuntiasset,
398 3651 595 3709 consentiente
632 3652 759 3709 elamore
783 3652 912 3741 ¹militum
948 3652 978 3708 in
1013 3670 1100 3709 unum
1137 3650 1254 3726 vigilem
1270 3651 1306 3709 ib

199 3757 405 3833 ooniieientium
422 3756 537 3832 eulpam
560 3756 713 3815 deterritus
735 3778 753 3815 a
775 3747 878 3815 ceteris
901 3756 1053 3827 abstinuit,
1073 3774 1155 3814 reum
1176 3756 1255 3813 haud

201 3854 303 3919 dubium
338 3863 402 3919 eius
434 3880 535 3933 noxae,
563 3864 793 3939 approbantibus
827 3864 953 3940 eunetis,
987 3863 1024 3919 de
1045 3880 1119 3920 saxo
1142 3862 1254 3922 deiecit.

200 3961 259 4022 Inde
278 3968 450 4025 intentiores
480 3968 617 4044 utrinque
635 3968 774 4039 custodite
795 3986 868 4038 esse,
893 3978 922 4026 et
946 3970 1026 4044 apud
1049 3966 1164 4039 Gallos,
1186 3969 1256 4044 quia
1270 3970 1303 4025 il
1399 4032 1405 4039 ,

201 4070 335 4145 vulgatum
359 4082 433 4149 erat,
461 4073 536 4131 inter
557 4073 648 4132 Veios
670 4076 855 4150 Romamque
886 4076 1002 4132 nuntios
1025 4092 1201 4146 commeare,-
1227 4086 1256 4133 et

201 4178 265 4247 apud
285 4181 437 4237 Romanos
459 4180 497 4236 ab
518 4180 651 4237 noeturni
670 4180 790 4255 periculi
813 4180 962 4237 memoria.

272 4284 329 4343 Sed
352 4293 419 4345 ante
442 4284 540 4343 omnia
561 4285 720 4347 obsiffionis
742 4284 868 4360 bellique
888 4285 967 4343 mala
985 4284 1079 4341 fames
1100 4294 1255 4357 utrumque
1302 4276 1349 4346 48
