3392 5084
462 501 535 586 tte⁸
708 501 787 552 nau
804 501 852 553 rx.
889 474 1179 566 (nasio-uu.)

416 682 559 760 prandio,
580 683 617 742 ‹le
638 685 738 762 vigilie
758 687 855 758 tertia,
876 705 936 762 qua
955 680 1021 746 duci
1042 687 1175 763 proxime
1192 697 1299 764 potest,
1324 685 1482 762 expeditas

415 788 544 865 legiones
565 789 603 848 ad
617 791 767 868 collegam,
789 802 818 851 et
838 794 937 869 ipsum
948 794 1089 853 adeamus
1108 793 1182 851 ah'os
1204 795 1364 862 sedentem,
1387 792 1479 851 ducit
1538 826 1540 841 ι

368 907 401 961 ιι
417 895 463 952 Ibi
486 903 604 954 anctore
624 896 777 955 Postumio
804 897 949 956 Minucius
978 916 1043 955 eum
1074 899 1206 957 hostibus
1235 901 1320 978 signa
1348 898 1483 966 uoniam

417 1009 446 1058 et
475 1019 562 1076 quum
590 1017 696 1076 anceps
722 1000 856 1076 praelium
882 1002 915 1060 in
943 1003 1067 1061 multum
1092 1005 1150 1064 (lici
1177 1007 1382 1081 processisset,
1415 1013 1481 1060 turn
1538 1000 1540 1054 ἶ

416 1107 584 1170 Postumius
615 1105 734 1180 integris
762 1104 925 1180 legionibus
952 1106 1098 1166 defessam
1129 1111 1190 1170 iarn
1222 1113 1316 1170 eciem
1348 1111 1482 1168 hostium

367 1212 574 1289 lliurproviso
594 1211 714 1271 invadit
760 1211 868 1285 Itaque
895 1229 984 1286 quum
1009 1213 1152 1273 lassitudo
1173 1236 1208 1275 ae
1230 1218 1353 1276 vulnera
1374 1215 1482 1292 fugam
1538 1271 1540 1286 ,

417 1337 532 1393 quoque
553 1317 768 1396 prepedissent,
789 1317 939 1376 occidione
965 1318 1053 1378 occisi
1073 1321 1186 1392 hostes,
1214 1324 1302 1399 signa
1329 1341 1424 1380 unum
1453 1330 1484 1378 et
1538 1333 1540 1346 ¹

367 1433 403 1488 13
416 1423 517 1498 vigniti
538 1433 634 1499 capta,
655 1431 743 1498 atque
763 1423 832 1482 iude
852 1422 891 1480 ad
916 1432 1013 1482 castra
1033 1425 1177 1486 Postumii
1205 1438 1380 1504 perrectum.
1433 1429 1482 1485 lbi
1538 1423 1540 1426 ’

416 1529 474 1586 duo
504 1529 628 1587 victores
661 1529 803 1588 exereitus
835 1528 997 1604 pmenlsum
1028 1510 1091 1591 iam'
1119 1532 1200 1591 fama
1231 1536 1348 1592 hostem
1381 1534 1482 1591 adorti
1538 1559 1540 1629 p

378 1647 379 1654 ’
416 1634 540 1694 fundunt
569 1634 742 1711 fugantque3
773 1634 860 1710 signa
890 1635 1029 1694 militaria
1058 1656 1112 1696 sex
1142 1648 1172 1697 et
1199 1639 1303 1716 viginti
1332 1649 1426 1715 capta
1453 1650 1481 1697 et

416 1721 573 1820 impositor
601 1739 774 1800 Samnitium
803 1739 914 1798 Statius
942 1739 1054 1800 Gellius
1082 1745 1223 1820 multique
1252 1746 1303 1802 alii
1336 1746 1483 1802 mortales

366 1856 403 1911 14
417 1856 446 1906 et
472 1855 571 1906 caetra
598 1856 722 1921 utreque
747 1853 842 1920 eapte.
900 1846 941 1904 Et
972 1847 1137 1907 Boriamm
1170 1851 1241 1907 urbs
1273 1859 1396 1926 postero
1433 1852 1483 1908 die

417 1961 512 2028 empta
533 1951 697 2028 oppugnari
726 1951 809 2009 brevi
830 1951 959 2028 capitur,
987 1969 1152 2029 magnaque
1177 1955 1274 2030 gloria
1300 1975 1403 2014 rerum
1430 1975 1481 2032 ge-

366 2067 403 2132 15
416 2066 526 2116 starum
562 2057 693 2116 eonsules
730 2057 953 2133 triumpharunt.
1014 2058 1174 2117 Minucium
1209 2061 1376 2132 cumulem,
1414 2080 1498 2132 (tunna⁴

416 2163 534 2222 vulnero
565 2143 649 2240 gravi
681 2164 804 2223 relatum
825 2165 856 2222 in
887 2173 999 2235 eastra,
1031 2174 1175 2224 momnum
1197 2165 1318 2240 quidam
1340 2175 1482 2225 auctores

415 2270 603 2340 suut-etM.
624 2270 760 2328 Fulvium
781 2270 928 2341 inlocum
950 2270 1012 2328 eiua
1033 2270 1180 2331 consulem
1202 2268 1366 2341 suffectum
1389 2281 1420 2328 et
1441 2274 1481 2330 ab
1538 2249 1540 2282 ¹

416 2394 463 2447 eo,
484 2394 572 2451 quum
594 2377 633 2434 ud
655 2375 811 2434 executum
833 2374 954 2433 Minucii
976 2375 1081 2434 missus
1102 2386 1187 2445 esset,
1214 2377 1384 2434 Bovianum
1408 2397 1482 2453 eap-
1538 2362 1540 2399 l

363 2487 403 2544 ,16
417 2488 487 2538 tum.
529 2481 576 2538 Eo
597 2499 673 2540 enno
696 2480 781 2552 Sora,
802 2481 958 2557 Arpinum,
979 2479 1121 2539 Cesennia
1150 2491 1270 2557 recepta
1297 2484 1337 2541 ab
1360 2483 1480 2542 Samni-

416 2586 503 2658 tibus,
524 2587 658 2644 Herculis
683 2605 821 2663 magnum
840 2586 1027 2646 simulacrum
1048 2587 1077 2644 iu
1100 2584 1246 2662 Capitolio
1268 2589 1397 2664 positum
1425 2590 1481 2648 dc-

416 2693 610 2768 dioatumque.
995 2710 997 2713 ·

323 2795 366 2863 45
499 2801 535 2857 Ρ.
559 2799 687 2875 Sulpicio
709 2796 900 2867 Sevarrione,
929 2800 966 2858 P.
989 2797 1161 2873 Sempronio
1183 2795 1285 2873 Sopho
1307 2799 1481 2856 consulibus

234 2885 403 3004 {aggf
416 2903 575 2976 Samnites,
600 2923 651 2961 scu
672 2905 758 2962 finem
789 2921 841 2960 seu
869 2902 1037 2962 dictionem
1067 2902 1134 2960 belli
1155 2912 1335 2976 querentes,
1360 2904 1480 2979 legatos

313 2992 333 3075 f
396 2987 452 3070 'de
477 3029 550 3088 paca
579 3012 703 3069 Romam
736 3008 848 3068 misere.
902 3008 1016 3082 Quibus
1045 3007 1213 3083 suppliciter
1243 3010 1398 3085 agentibus
1423 3029 1475 3066 ra-

384 3115 551 3196 2sp0nsum
574 3124 625 3186 est,
645 3114 701 3172 nisi
722 3131 798 3189 saepe
820 3114 926 3172 bollum
947 3125 1083 3190 parantes
1103 3127 1206 3189 pacem
1226 3117 1366 3189 petissent
1386 3113 1478 3174 Sam·

413 3224 504 3295 nitas,
530 3223 660 3282 oratione
682 3221 758 3278 ultro
785 3220 857 3278 citro
883 3220 985 3278 habita
1011 3221 1048 3278 de
1072 3239 1145 3296 pace
1174 3221 1298 3295 hanugi
1327 3220 1473 3296 potuisse3

412 3330 641 3406 nuno„quando
663 3327 755 3386 uerba
774 3345 853 3384 vana
874 3326 912 3383 ad
933 3327 965 3383 id
984 3327 1113 3384 locorum
1135 3325 1257 3396 ineunt,
1283 3326 1370 3384 rebus
1390 3335 1474 3384 stun-

381 3433 480 3493 3dum
502 3452 575 3496 asse.
620 3436 656 3492 P.
677 3431 880 3508 Sempronium
910 3431 1058 3489 consulem
1089 3449 1154 3489 eum
1176 3431 1305 3490 exercitu
1335 3432 1417 3490 brevi
1440 3433 1472 3488 in

412 3539 533 3599 Samnio
557 3537 635 3608 lore3
661 3555 736 3608 eum,
757 3535 795 3594 ad
816 3535 923 3594 bellum
943 3555 1083 3612 pacemne
1110 3535 1248 3596 inclinent
1274 3538 1378 3608 animi,
1407 3537 1471 3595 felli

410 3663 470 3702 non
489 3658 589 3720 posset
611 3651 759 3720 comperta
780 3640 880 3698 omnia
899 3641 1013 3699 senatui
1032 3644 1205 3714 relaturum
1226 3643 1411 3722 decedentem
1432 3662 1471 3701 ex

380 3749 531 3810 ‹lsamnio
554 3740 700 3808 consulem
714 3746 804 3823 legati
825 3755 1023 3821 sanarentur.
1063 3749 1113 3838 llo
1134 3766 1212 3806 anno
1226 3765 1318 3822 quum
1332 3759 1467 3824 pacatum

411 3855 560 3916 Samnium
597 3853 739 3912 armcitus
774 3853 940 3924 Romanus,
979 3854 1102 3930 benigne
1135 3854 1257 3930 praebito
1295 3863 1470 3922 commeatu,

410 3969 602 4038 peragrasset,
623 3958 718 4018 lodus
739 3935 890 4033 antiquum
912 3959 1091 4019 Samnitibus
1111 3960 1265 4020 redditum.

377 4068 397 4125 5
491 4066 542 4125 Ad
553 4067 670 4139 AEquos
688 4063 765 4135 inde,
778 4073 891 4125 vetares
912 4067 1019 4136 hostes,
1040 4074 1166 4123 ceterum
1179 4083 1233 4140 per
1253 4063 1362 4122 multos
1376 4082 1468 4121 annos

410 4174 463 4231 sub
485 4172 564 4248 speci
600 4171 695 4230 infidas
715 4171 796 4253 pacis
820 4165 947 4246 quietos‘,
977 4189 1064 4230 versa
1091 4189 1175 4228 srma
1194 4171 1349 4242 Romana,
1381 4170 1469 4246 quod,

409 4277 545 4337 incolumi
561 4277 690 4336 Hernico
709 4277 834 4346 nomine,
856 4276 1073 4340 missitauerant
1092 4274 1178 4333 simul
1190 4293 1263 4334 cum
1284 4276 1322 4334 iis
1344 4275 1467 4336 Samniu'
