3392 5084
470 515 509 573 ss
741 513 820 564 Lito
830 511 867 561 11.
905 511 949 577 (s.
963 526 1021 561 nc.
1035 514 1192 572 see-seo.)

426 698 530 756 itinere
550 705 611 753 tum
633 695 822 772 populatione
842 703 1000 766 nocturne,
1021 713 1131 772 magna
1151 713 1220 771 pers
1241 695 1272 753 in
1293 697 1372 768 rillis
1395 697 1495 772 repleti

428 803 495 862 cibo
515 801 653 876 vinoque,
673 799 725 857 rix
748 798 826 875 luge
847 800 927 873 quod
950 799 1022 857 satis
1043 811 1120 858 esset
1141 801 1245 858 uirium
1267 802 1410 860 habuere.

396 913 415 967 4
512 906 609 964 Nocte
629 924 689 963 una
709 904 810 962 audito
831 903 1020 981 perlectoque
1041 905 1118 962 bello
1145 904 1276 975 Sebiuo,
1298 915 1421 982 postero
1445 907 1495 976 die,

328 1071 334 1078 ,
428 1013 460 1070 in
481 1029 589 1087 magne
610 1011 669 1068 iam
691 1029 743 1085 spe
765 1009 893 1084 undique
915 1019 1006 1086 psrtae
1027 1009 1123 1085 pacis,
1144 1009 1234 1085 legati
1255 1011 1392 1068 Aurunci
1414 1029 1496 1068 senu-

429 1126 491 1176 tum
522 1117 644 1186 adeunt,
679 1116 711 1172 ni
738 1115 896 1172 decedatur
922 1115 1033 1173 Volsco
1067 1133 1157 1189 agro,
1189 1111 1297 1172 bellurn
1329 1115 1496 1173 indicentes.

399 1220 506 1282 ullum
526 1221 632 1298 legatis
645 1220 732 1277 simul
753 1221 898 1278 exercitus
913 1224 1118 1279 Auruncorum
1141 1219 1229 1277 domo
1251 1218 1402 1295 profectus
1425 1231 1497 1288 eran

430 1328 511 1387 cuius
541 1326 623 1385 fama
650 1326 730 1383 haud
760 1325 864 1400 procul
891 1325 949 1382 iam
977 1327 1015 1383 ab
1043 1326 1145 1382 Aricia
1174 1325 1230 1382 visi
1256 1332 1339 1382 tanto
1375 1325 1496 1382 tumultu

431 1432 558 1492 concivit
579 1433 741 1503 Romanos,
761 1439 794 1488 ut
814 1449 868 1488 nec
889 1429 1001 1488 consuli
1024 1431 1125 1488 ordine
1144 1439 1244 1506 patres
1271 1447 1326 1486 nec
1361 1439 1496 1506 pacatum

431 1554 603 1613 responsum
625 1555 709 1594 arms
729 1536 920 1594 inferentibus
935 1553 1018 1593 arms
1038 1535 1094 1610 ipsi
1116 1535 1263 1610 capientes
1285 1535 1357 1592 dere
1371 1546 1496 1610 possent.

402 1643 565 1708 6Ariciam
586 1640 692 1699 infesto
717 1641 834 1717 agmine
859 1641 932 1711 itnr3
964 1659 1019 1697 neo
1039 1640 1142 1715 procul
1169 1640 1236 1697 inde
1263 1657 1329 1698 cum
1353 1641 1497 1698 Auruncis

433 1748 520 1824 signa
539 1747 657 1818 collata,
679 1745 849 1820 proelioque
871 1765 930 1803 uno
951 1745 1126 1803 debellatum
1149 1753 1202 1801 est.

335 1856 382 1923 27
518 1852 606 1909 Fusis
626 1850 793 1920 Auruncis,
823 1850 919 1908 victor
944 1858 989 1908 tot
1010 1850 1088 1907 intre
1113 1868 1224 1924 paucos
1251 1850 1314 1907 dies
1335 1850 1421 1908 bellis
1442 1851 1497 1907 Ro·

435 1974 538 2014 manus
559 1955 706 2032 promissa
728 1955 856 2012 consulis
877 1953 1021 2028 fidemque
1044 1964 1162 2013 senatus
1185 1957 1390 2031 exspectabat,
1414 1973 1496 2029 quum

434 2062 553 2138 Appius
574 2071 604 2119 et
623 2061 710 2119 insita
732 2060 871 2135 superbia
890 2058 997 2127 animo,
1017 2068 1048 2114 et
1069 2072 1101 2116 ut
1122 2061 1241 2136 collega
1262 2079 1371 2117 vanam
1393 2059 1498 2117 feceret

434 2166 530 2237 fidem,
553 2185 641 2241 quam
663 2165 823 2241 asperrime
843 2171 969 2240 poterut,
990 2163 1035 2220 ius
1058 2166 1094 2222 de
1116 2166 1232 2223 creditis
1251 2165 1381 2246 pecuniis
1397 2165 1496 2221 dicere.

435 2272 582 2345 Deinceps
604 2280 652 2343 ct,
684 2271 823 2344 quiante
843 2269 913 2326 nexi
933 2268 1066 2340 fuerant,
1095 2271 1286 2328 creditoribus
1313 2271 1499 2327 tradebantur

404 2384 465 2439 2et
484 2378 676 2433 nectebantur
697 2375 756 2433 alii.
805 2375 893 2448 Quod
920 2375 971 2432 ubi
1000 2376 1046 2433 cui
1068 2375 1150 2432 militi
1171 2357 1329 2446 inciderat,
1362 2375 1496 2450 collegam
1528 2409 1529 2432 r

436 2480 614 2556 appellabat.
676 2478 842 2537 Concursus
871 2480 909 2538 ad
937 2479 1092 2538 Servilium
1123 2481 1231 2550 fiebat;
1256 2479 1334 2537 illius
1360 2478 1498 2556 promissa

436 2585 601 2656 iactabant3
630 2585 673 2642 illi
694 2586 914 2660 exprobrabunt
944 2603 998 2643 sua
1020 2586 1142 2660 quisque
1166 2585 1234 2642 belli
1265 2585 1371 2642 merita
1391 2583 1498 2641 cicatri-

437 2709 544 2764 cesque
556 2700 700 2765 acceptas.
723 2691 929 2761 Postulabant,
938 2699 971 2748 ut
983 2700 1035 2747 aut
1049 2689 1170 2748 referret
1184 2691 1222 2748 ud
1237 2698 1371 2746 senatum
1382 2698 1432 2746 sut
1442 2681 1495 2766 [ut]
1527 2713 1528 2764 ς

406 2794 549 2863 3auxilio
571 2804 647 2852 esset
670 2796 772 2852 consul
792 2796 905 2852 civibus
927 2795 1003 2865 suis,
1025 2796 1186 2871 imperator
1206 2795 1354 2853 militibus.
1400 2797 1497 2851 Move·
1527 2767 1528 2846 A

438 2900 511 2957 bant
531 2899 677 2956 consulem
699 2901 777 2971 haec,
801 2902 853 2958 sed
875 2901 1061 2975 tergiversari
1082 2919 1128 2958 res
1149 2903 1292 2976 cogebst3
1315 2903 1390 2959 adeo
1410 2902 1440 2957 in
1462 2899 1497 2956 ul·

438 3011 532 3061 teram
569 3021 688 3064 causam
715 3023 775 3062 non
803 3005 918 3080 collega
947 3005 1041 3062 solum
1071 3024 1200 3080 praeceps
1230 3016 1307 3077 erat,
1340 3008 1391 3064 sed
1411 3005 1497 3064 omnis

438 3107 528 3167 lact-io
559 3109 709 3170 nobilium.
763 3111 811 3168 Itu
827 3110 964 3180 ,medium
987 3129 1019 3167 se
1048 3113 1175 3185 gerendo
1204 3129 1257 3168 nec
1279 3114 1381 3189 lplebis
1402 3111 1497 3169 vitavit

407 3214 537 3274 lodium
559 3232 613 3271 nec
635 3213 713 3289 apud
734 3221 834 3289 patres
855 3216 982 3288 gratiam
1003 3216 1076 3276 iniit.
1122 3217 1228 3272 Patres
1257 3220 1373 3276 mollem
1402 3235 1497 3274 consu·

439 3319 496 3376 lem
519 3329 548 3376 et
569 3320 755 3377 ambitiosum
776 3320 853 3389 rati,
887 3320 987 3395 plebes
1019 3320 1170 3393 fallacem,
1203 3322 1345 3396 brevique
1371 3321 1497 3398 apparuit

410 3423 613 3497 sadrequasse
637 3443 703 3481 eum
724 3424 818 3500 Appii
838 3424 947 3482 odium.
992 3424 1147 3483 Certamen
1168 3428 1335 3485 consulibus
1357 3428 1496 3492 inciderat,

440 3536 506 3584 uter
519 3527 666 3587 dedicaret
681 3529 819 3586 Mercurii
833 3530 935 3588 aedem.
984 3530 1109 3588 Senatus
1130 3551 1148 3588 a
1170 3551 1201 3588 se
1222 3551 1283 3590 rem
1306 3536 1344 3591 ad
1366 3532 1496 3609 populum

440 3632 552 3690 reiecit:
587 3634 645 3691 utri
672 3653 772 3692 eorum
800 3635 945 3692 dedicatio
974 3635 1056 3693 iussu
1083 3638 1184 3712 populi
1212 3639 1282 3696 data
1315 3650 1406 3708 esset,
1438 3655 1495 3693 eum

440 3755 566 3812 praeesse
590 3757 731 3815 annonae,
765 3749 960 3798 mercatorum
982 3741 1135 3816 collegium
1157 3742 1322 3814 instituere,
1356 3741 1497 3801 sollemnia

410 3843 495 3917 dpro
516 3844 654 3918 pontifice
674 3845 759 3902 iussit
779 3846 935 3921 suscipere.
978 3845 1110 3923 Populus
1132 3848 1343 3905 dedicationem
1365 3849 1432 3904 aedis
1454 3847 1495 3902 dat
1524 3849 1525 3891 l

440 3947 482 4006 Μ.
505 3947 653 4019 Lemno,
674 3949 761 4024 primi
780 3949 834 4025 pili
856 3951 1031 4021 centurioni,
1066 3952 1146 4025 quod
1166 3951 1252 4010 facile
1273 3963 1428 4027 appareret
1446 3969 1496 4007 non

440 4060 501 4110 tam
530 4053 569 4109 ad
595 4054 736 4112 honorem
766 4055 844 4126 eius,
872 4056 918 4113 eui
949 4056 1061 4113 curatio
1089 4057 1177 4114 altior
1202 4056 1321 4132 fastigio
1354 4075 1408 4114 suo
1436 4057 1495 4111 dats

411 4162 526 4227 lesset,
547 4156 657 4216 lactum
680 4176 767 4233 quam
788 4159 827 4215 ad
845 4161 995 4218 consulum
1016 4162 1215 4236 ignominium.
1244 4161 1354 4220 Saevire
1366 4162 1432 4219 inde
1449 4161 1495 4217 uti-

443 4281 500 4338 que
521 4261 671 4321 consulum
693 4261 768 4318 alter
789 4271 966 4339 patresque;
1000 4265 1052 4322 sed
1073 4265 1152 4341 plebi
1173 4278 1324 4323 creverant
1346 4267 1448 4336 animi,
1472 4273 1495 4319 et
