3392 5084
444 499 504 556 250
757 495 834 544 biber
852 494 887 544 x„
922 495 965 555 (Δ.
979 509 1039 543 ne.
1054 494 1127 557 est.)

402 679 575 756 stipendium
597 677 719 736 militum
742 677 878 736 collatum
897 687 949 746 eet,
973 695 1073 751 quum,
1093 677 1119 733 si
1139 687 1240 752 spreto
1258 675 1355 751 gloria
1367 674 1463 731 fuisset

402 784 524 860 captivas
538 783 667 858 pecunia
680 783 710 840 iu
721 782 855 840 seruiium
868 783 966 853 illatus,
977 792 1007 839 et
1021 781 1105 840 militi
1119 783 1229 840 donum
1239 780 1306 839 <lari
1320 799 1359 840 ex
1371 779 1464 854 piade

372 897 431 950 let
463 888 637 964 stipendium
674 889 799 946 militare
832 888 965 964 praetori
1001 885 1152 962 potuisset.
1213 887 1324 944 AEdem
1356 885 1464 958 Quirini

401 993 560 1063 dedicavit,
598 1011 686 1067 quem
713 995 743 1050 in
769 992 835 1070 ipsa
869 993 1055 1050 diminutione
1081 1001 1183 1049 votem
1215 992 1297 1068 apud
1326 993 1464 1050 neminem

401 1109 528 1158 veterem
550 1107 698 1156 auctorem
720 1098 836 1155 invenio
860 1098 971 1178 (neque
992 1098 1108 1155 hercule
1128 1107 1191 1155 tam
1210 1099 1319 1172 exiguo
1339 1108 1466 1172 tempore

402 1207 540 1281 perlicere
559 1202 728 1279 potuisset);
750 1204 788 1260 ab
812 1203 955 1263 dictatore
972 1212 1056 1279 petre
1074 1211 1174 1260 votam
1195 1203 1273 1260 lilius
1294 1201 1394 1261 consul
1414 1201 1467 1257 tle·

373 1310 511 1370 Selicavit
532 1309 743 1383 exornavitque
765 1309 892 1366 hostium
913 1309 1033 1383 spoliis3
1066 1326 1190 1381 quorum
1212 1318 1295 1365 tanta
1317 1305 1467 1364 multitudo

403 1414 471 1484 fuit,
504 1423 535 1470 ut
567 1432 626 1470 non
654 1413 794 1488 templum
818 1423 931 1498 tentum
961 1412 1117 1487 forumque
1148 1414 1185 1470 iis
1213 1422 1381 1479 ornaretur,
1415 1411 1466 1466 sed

403 1519 489 1576 sociis
519 1517 608 1574 etiam
635 1517 813 1592 coloniisque
843 1518 973 1574 finitimis
1004 1519 1043 1574 ad
1072 1519 1246 1593 templorum
1282 1519 1469 1590 loeonrmque

373 1623 584 1698 9publicorum
615 1632 748 1682 ornatum
782 1621 986 1681 dividerentur.
1049 1625 1100 1681 Ab
1133 1625 1282 1699 triumpho
1314 1623 1468 1681 exercitum

404 1729 434 1785 in
455 1747 557 1803 ugrum
572 1728 740 1799 Vescinum,
763 1729 832 1802 quia
852 1728 935 1802 regio
956 1747 993 1785 ea
1015 1727 1122 1787 infesta
1134 1731 1181 1787 ab
1195 1728 1376 1789 Samnitibus
1400 1739 1470 1787 erat.

403 1834 585 1890 hibernatum
608 1833 701 1890 duxit.

229 1955 231 1959 ·
355 1928 422 1998 to‘
486 1937 567 1996 Inter
593 1939 655 1995 haec
677 1937 822 1996 Osr‘vilius
852 1939 953 1994 consul
983 1939 1014 1994 in
1042 1940 1163 1998 Etruria
1184 1940 1321 1997 Troilum
1348 1939 1469 2013 primum

404 2061 574 2118 oppugnare
589 2044 718 2114 adortus,
734 2044 963 2118 quadringentos
976 2045 1162 2120 septuaginta
1171 2045 1340 2113 ditissimos,
1350 2044 1471 2118 pontuis

358 2154 389 2208 tl
403 2147 508 2224 grandi
531 2155 643 2222 pactos,
665 2157 698 2205 ut
719 2148 800 2206 abire
821 2148 889 2204 inde
909 2148 1018 2219 liceret,
1049 2150 1165 2219 ‹lintisit
1194 2161 1321 2207 ceteram
1345 2149 1470 2208 multitu·

405 2253 499 2310 dinem
528 2253 727 2328 oppidumque
754 2252 849 2326 ipsum
881 2254 913 2309 vi
944 2254 1029 2329 oepit.
1091 2256 1165 2313 Inde
1198 2257 1328 2330 quinque
1354 2254 1471 2311 castello

357 2359 475 2417 lllocis
497 2359 554 2416 sita
576 2357 693 2416 munitis
715 2357 904 2432 expugnavit.
959 2355 1044 2416 Coesa
1066 2361 1107 2417 ibi
1136 2361 1263 2418 bostium
1292 2361 1354 2417 dno
1383 2359 1470 2417 millia

405 2464 616 2540 quadringenti,
638 2459 732 2520 minus
754 2462 812 2518 duo
829 2463 921 2520 millis
934 2465 1020 2538 cepti.
1063 2465 1104 2522 Et
1115 2451 1240 2523 Faliscis
1253 2484 1359 2540 pacem
1375 2474 1471 2540 peten-

404 2569 481 2625 tibus
503 2586 614 2626 annuas
639 2568 765 2624 indutias
787 2567 883 2637 dedit,
910 2579 1013 2644 pactus
1035 2577 1148 2627 centum
1173 2569 1265 2626 millia
1285 2571 1388 2644 gravis
1409 2570 1470 2626 oris

358 2676 391 2731 13
405 2682 433 2730 et
456 2673 629 2749 stipendium
652 2674 713 2730 eius
738 2672 807 2729 enni
828 2672 976 2731 militibus.
1021 2675 1078 2732 His
1098 2675 1184 2731 rebus
1206 2675 1289 2744 actis,
1312 2677 1352 2732 ed
1373 2677 1470 2733 trium-

403 2780 493 2854 phum
515 2778 647 2848 decessit,
672 2788 704 2835 ut
724 2777 817 2834 minus
840 2777 951 2835 clarum
972 2779 1009 2834 (le
1031 2777 1220 2848 Samnitibus,
1242 2799 1331 2854 quem
1355 2780 1471 2852 collegae
1541 2842 1542 2845 Ἴ

358 2885 390 2939 ll
405 2883 567 2957 triumphus
596 2882 709 2951 fuerat,
740 2882 781 2938 ita
811 2880 928 2938 cumulo
948 2883 1066 2940 Etrusci
1095 2885 1163 2941 belli
1187 2893 1347 2958 aquatum.
1391 2885 1470 2940 AEris

405 2988 504 3064 gravis
524 2986 589 3044 tulit
611 2987 640 3043 in
663 2988 796 3044 aerarium
819 2995 949 3043 trecenta
970 2989 1118 3064 octoginta
1145 2989 1249 3057 millie3
1280 2988 1396 3062 reliquo
1417 3007 1470 3044 aere
1541 3064 1543 3071 Ι

405 3093 494 3148 aedem
516 3092 615 3149 Fortis
638 3091 777 3148 Fortume
806 3091 843 3148 de
866 3091 1010 3149 manubiis
1037 3092 1201 3150 faciendam
1226 3093 1353 3160 locavit,
1381 3112 1470 3168 prope

357 3199 391 3253 15
404 3197 494 3254 adem
519 3198 580 3254 eius
602 3197 663 3254 deae
685 3198 723 3254 ab
745 3215 814 3272 rege
826 3196 888 3254 Ser.
902 3196 1002 3254 Tullio
1023 3197 1199 3267 dedicatam
1220 3208 1251 3255 et
1273 3196 1414 3255 militibus
1435 3215 1469 3252 ex
1540 3262 1541 3279 χ

403 3303 503 3376 prada
529 3311 664 3359 centenos
691 3302 776 3358 binos
804 3319 885 3358 asses
916 3310 945 3358 et
971 3302 1094 3358 alterum
1121 3310 1233 3358 tantum
1256 3303 1468 3359 centurionibus
1540 3299 1542 3304 ’

404 3415 493 3480 atque
513 3397 673 3481 equilibus,
705 3405 886 3480 malignitate
907 3405 1026 3478 collegae
1046 3407 1389 3482 gratiusaccipientibus
1410 3426 1467 3463 mn·

357 3511 467 3580 lbnus,
491 3509 596 3568 divisit.
643 3511 744 3567 Fauor
766 3508 892 3566 consulis
920 3518 1033 3566 tutatus
1061 3511 1100 3567 ad
1121 3512 1261 3587 populum
1284 3522 1331 3569 est
1353 3513 1391 3571 L.
1412 3513 1466 3569 Po·

403 3614 540 3672 stumium
560 3615 688 3690 legatum
717 3613 793 3683 eius,
830 3614 890 3688 qui,
921 3614 1000 3671 diota
1026 3614 1073 3671 die
1100 3635 1119 3672 a
1141 3617 1182 3676 M.
1206 3615 1326 3675 Scantio
1355 3618 1466 3675 tribuno

403 3721 510 3794 plebis,
541 3718 658 3793 fugeret
681 3716 740 3794 [in]
763 3719 925 3794 legatione,
953 3728 986 3775 ut
1013 3719 1095 3776 fama
1114 3719 1245 3789 ferebat,
1273 3721 1378 3797 populi
1398 3721 1465 3778 iudi·

403 3825 495 3893 cium3
525 3822 686 3896 iactarique
711 3823 805 3897 msgis
834 3841 921 3898 quam
952 3824 1054 3899 peragi
1080 3825 1227 3882 accusatio
1254 3826 1316 3882 eius
1344 3835 1465 3901 poteret

308 3922 350 3988 ll
486 3929 602 3986 Exacto
623 3929 682 3984 iam
705 3946 782 3984 anno
800 3928 871 3984 novi
884 3929 993 3987 tribuni
1006 3929 1099 4005 plebis
1114 3928 1316 4003 magistratum
1331 3931 1464 3996 inieram

403 4034 505 4108 hisque
526 4033 617 4108 ipsis,
649 4033 720 4108 quis
748 4033 819 4089 vitio
850 4035 940 4092 creati
969 4044 1067 4103 erant,
1100 4033 1228 4107 quinque
1248 4045 1316 4108 post
1337 4036 1399 4093 dies
1420 4033 1464 4092 elii

373 4135 525 4198 lsuffecti.
584 4136 721 4194 Lustrum
750 4137 897 4196 conditum
919 4157 954 4196 eo
982 4157 1060 4196 enno
1088 4147 1133 4196 est
1153 4157 1173 4195 a
1193 4139 1228 4195 Ρ.
1250 4137 1389 4197 Cornelio
1410 4143 1463 4197 Ar·

403 4241 480 4310 rina,
509 4239 543 4298 C.
568 4240 681 4299 Meroio
704 4240 803 4300 Rutilo
825 4243 1009 4310 censoribus3
1041 4261 1129 4302 oense
1149 4243 1279 4318 cepimm
1301 4244 1393 4302 millia
1416 4244 1463 4300 ‹lu-
