<?xml version="1.0" encoding="UTF-8"?>
<!DOCTYPE html PUBLIC "-//W3C//DTD XHTML 1.0 Transitional//EN"
    "http://www.w3.org/TR/xhtml1/DTD/xhtml1-transitional.dtd">
<html xmlns="http://www.w3.org/1999/xhtml" xml:lang="en" lang="en">
 <head>
  <title>
</title>
<meta http-equiv="Content-Type" content="text/html;charset=utf-8" />
  <meta name='ocr-system' content='tesseract 3.04.00' />
  <meta name='ocr-capabilities' content='ocr_page ocr_carea ocr_par ocr_line ocrx_word'/>
</head>
<body>
  <div class='ocr_page' id='page_1' title='image "./titiliviihistor03ussigoog_0420.png"; bbox 0 0 3392 5084; ppageno 0'>
   <div class='ocr_carea' id='block_1_1' title="bbox 484 519 1202 585">
    <p class='ocr_par' dir='ltr' id='par_1_1' title="bbox 484 519 1202 585">
     <span class='ocr_line' id='line_1_1' title="bbox 484 519 1202 585; baseline 0 -14"><span class='ocrx_word' id='word_1_1' title='bbox 484 527 521 582; x_wconf 80' lang='lat'>50</span> <span class='ocrx_word' id='word_1_2' title='bbox 724 522 802 572; x_wconf 83' lang='lat' dir='ltr'>Liber</span> <span class='ocrx_word' id='word_1_3' title='bbox 818 519 882 582; x_wconf 73' lang='lat' dir='ltr'>vn,</span> <span class='ocrx_word' id='word_1_4' title='bbox 917 520 963 585; x_wconf 85' lang='grc' dir='ltr'>(Δ.</span> <span class='ocrx_word' id='word_1_5' title='bbox 973 533 996 569; x_wconf 84' lang='lat' dir='ltr'>u.</span> <span class='ocrx_word' id='word_1_6' title='bbox 1008 535 1031 572; x_wconf 86' lang='lat' dir='ltr'>e.</span> <span class='ocrx_word' id='word_1_7' title='bbox 1042 521 1202 585; x_wconf 70' lang='lat' dir='ltr'>tto-89².)</span> 
     </span>
    </p>
   </div>
   <div class='ocr_carea' id='block_1_2' title="bbox 345 705 1522 2479">
    <p class='ocr_par' dir='ltr' id='par_1_2' title="bbox 391 705 1522 1208">
     <span class='ocr_line' id='line_1_2' title="bbox 391 705 1479 783; baseline -0.002 -15"><span class='ocrx_word' id='word_1_8' title='bbox 391 713 426 768; x_wconf 90' lang='lat'>11</span> <span class='ocrx_word' id='word_1_9' title='bbox 440 716 552 767; x_wconf 63' lang='lat' dir='ltr'>mutum</span> <span class='ocrx_word' id='word_1_10' title='bbox 572 707 702 783; x_wconf 88' lang='lat' dir='ltr'>ipsorum</span> <span class='ocrx_word' id='word_1_11' title='bbox 722 706 788 764; x_wconf 82' lang='lat' dir='ltr'>voci</span> <span class='ocrx_word' id='word_1_12' title='bbox 807 705 918 767; x_wconf 80' lang='lat' dir='ltr'>relicta.</span> <span class='ocrx_word' id='word_1_13' title='bbox 969 707 1129 781; x_wconf 83' lang='lat' dir='ltr'>Postquam</span> <span class='ocrx_word' id='word_1_14' title='bbox 1156 707 1220 783; x_wconf 89' lang='lat' dir='ltr'>lege</span> <span class='ocrx_word' id='word_1_15' title='bbox 1244 708 1299 766; x_wconf 85' lang='lat' dir='ltr'>hac</span> <span class='ocrx_word' id='word_1_16' title='bbox 1327 707 1479 766; x_wconf 79' lang='lat' dir='ltr'>fabularum</span> 
     </span>
     <span class='ocr_line' id='line_1_3' title="bbox 442 812 1481 890; baseline 0.001 -18"><span class='ocrx_word' id='word_1_17' title='bbox 442 815 479 872; x_wconf 87' lang='lat' dir='ltr'>ab</span> <span class='ocrx_word' id='word_1_18' title='bbox 502 813 562 871; x_wconf 90' lang='lat' dir='ltr'>risu</span> <span class='ocrx_word' id='word_1_19' title='bbox 582 832 617 870; x_wconf 91' lang='lat' dir='ltr'>ac</span> <span class='ocrx_word' id='word_1_20' title='bbox 637 814 732 872; x_wconf 87' lang='lat' dir='ltr'>soluto</span> <span class='ocrx_word' id='word_1_21' title='bbox 745 814 811 871; x_wconf 90' lang='lat' dir='ltr'>ioco</span> <span class='ocrx_word' id='word_1_22' title='bbox 831 831 879 870; x_wconf 88' lang='lat' dir='ltr'>res</span> <span class='ocrx_word' id='word_1_23' title='bbox 901 813 1080 870; x_wconf 83' lang='lat' dir='ltr'>avocabatur</span> <span class='ocrx_word' id='word_1_24' title='bbox 1101 822 1130 868; x_wconf 87' lang='lat' dir='ltr'>et</span> <span class='ocrx_word' id='word_1_25' title='bbox 1149 812 1234 870; x_wconf 89' lang='lat' dir='ltr'>ludus</span> <span class='ocrx_word' id='word_1_26' title='bbox 1254 813 1284 869; x_wconf 88' lang='lat' dir='ltr'>in</span> <span class='ocrx_word' id='word_1_27' title='bbox 1305 823 1395 872; x_wconf 87' lang='lat' dir='ltr'>artem</span> <span class='ocrx_word' id='word_1_28' title='bbox 1415 834 1481 890; x_wconf 83' lang='lat' dir='ltr'>pau·</span> 
     </span>
     <span class='ocr_line' id='line_1_4' title="bbox 440 917 1522 1002; baseline 0.001 -26"><span class='ocrx_word' id='word_1_29' title='bbox 440 918 520 977; x_wconf 83' lang='lat' dir='ltr'>latim</span> <span class='ocrx_word' id='word_1_30' title='bbox 541 929 682 991; x_wconf 87' lang='lat' dir='ltr'>verterat,</span> <span class='ocrx_word' id='word_1_31' title='bbox 707 920 854 990; x_wconf 85' lang='lat' dir='ltr'>iuventus,</span> <span class='ocrx_word' id='word_1_32' title='bbox 880 919 1065 976; x_wconf 81' lang='lat' dir='ltr'>histrionibus</span> <span class='ocrx_word' id='word_1_33' title='bbox 1088 917 1260 1002; x_wconf 80' lang='lat' dir='ltr'>fabellarum</span> <span class='ocrx_word' id='word_1_34' title='bbox 1290 930 1356 979; x_wconf 84' lang='lat' dir='ltr'>actu</span> <span class='ocrx_word' id='word_1_35' title='bbox 1383 921 1482 992; x_wconf 83' lang='lat' dir='ltr'>relicto,</span> <span class='ocrx_word' id='word_1_36' title='bbox 1521 977 1522 984; x_wconf 66' lang='grc'>,</span> 
     </span>
     <span class='ocr_line' id='line_1_5' title="bbox 440 1022 1522 1102; baseline -0.002 -18"><span class='ocrx_word' id='word_1_37' title='bbox 440 1026 505 1102; x_wconf 87' lang='lat' dir='ltr'>ipsa</span> <span class='ocrx_word' id='word_1_38' title='bbox 524 1027 600 1084; x_wconf 89' lang='lat' dir='ltr'>inter</span> <span class='ocrx_word' id='word_1_39' title='bbox 621 1043 653 1083; x_wconf 87' lang='lat' dir='ltr'>sa</span> <span class='ocrx_word' id='word_1_40' title='bbox 682 1022 904 1100; x_wconf 81' lang='lat' dir='ltr'>more&#39;antiquo</span> <span class='ocrx_word' id='word_1_41' title='bbox 932 1025 1052 1082; x_wconf 87' lang='lat' dir='ltr'>ridicula</span> <span class='ocrx_word' id='word_1_42' title='bbox 1076 1024 1188 1082; x_wconf 86' lang='lat' dir='ltr'>intexta</span> <span class='ocrx_word' id='word_1_43' title='bbox 1208 1026 1342 1084; x_wconf 86' lang='lat' dir='ltr'>versibus</span> <span class='ocrx_word' id='word_1_44' title='bbox 1362 1026 1484 1084; x_wconf 84' lang='lat' dir='ltr'>iactitare</span> <span class='ocrx_word' id='word_1_45' title='bbox 1521 1051 1522 1082; x_wconf 82' lang='lat'>1</span> 
     </span>
     <span class='ocr_line' id='line_1_6' title="bbox 441 1130 1483 1208; baseline 0 -18"><span class='ocrx_word' id='word_1_46' title='bbox 441 1133 541 1208; x_wconf 87' lang='lat' dir='ltr'>coepit;</span> <span class='ocrx_word' id='word_1_47' title='bbox 570 1151 634 1207; x_wconf 74' lang='lat' dir='ltr'>qum</span> <span class='ocrx_word' id='word_1_48' title='bbox 654 1131 760 1188; x_wconf 88' lang='lat' dir='ltr'>exodia</span> <span class='ocrx_word' id='word_1_49' title='bbox 780 1140 883 1207; x_wconf 89' lang='lat' dir='ltr'>postea</span> <span class='ocrx_word' id='word_1_50' title='bbox 912 1130 1058 1206; x_wconf 83' lang='lat' dir='ltr'>appellata</span> <span class='ocrx_word' id='word_1_51' title='bbox 1085 1139 1276 1206; x_wconf 80' lang='lat' dir='ltr'>consertaque</span> <span class='ocrx_word' id='word_1_52' title='bbox 1303 1132 1419 1190; x_wconf 84' lang='lat' dir='ltr'>fabellis</span> <span class='ocrx_word' id='word_1_53' title='bbox 1439 1151 1483 1208; x_wconf 90' lang='lat' dir='ltr'>po-</span> 
     </span>
    </p>

    <p class='ocr_par' dir='ltr' id='par_1_3' title="bbox 393 1236 1522 1630">
     <span class='ocr_line' id='line_1_7' title="bbox 393 1236 1484 1311; baseline -0.002 -15"><span class='ocrx_word' id='word_1_54' title='bbox 393 1239 580 1297; x_wconf 68' lang='lat' dir='ltr'>lltissimum</span> <span class='ocrx_word' id='word_1_55' title='bbox 609 1237 753 1296; x_wconf 84' lang='lat' dir='ltr'>Atellanis</span> <span class='ocrx_word' id='word_1_56' title='bbox 774 1245 854 1307; x_wconf 87' lang='lat' dir='ltr'>snut,</span> <span class='ocrx_word' id='word_1_57' title='bbox 887 1236 964 1311; x_wconf 91' lang='lat' dir='ltr'>quod</span> <span class='ocrx_word' id='word_1_58' title='bbox 989 1254 1080 1310; x_wconf 84' lang='lat' dir='ltr'>genus</span> <span class='ocrx_word' id='word_1_59' title='bbox 1107 1237 1240 1294; x_wconf 88' lang='lat' dir='ltr'>ludorum</span> <span class='ocrx_word' id='word_1_60' title='bbox 1271 1239 1309 1295; x_wconf 89' lang='lat' dir='ltr'>ab</span> <span class='ocrx_word' id='word_1_61' title='bbox 1333 1237 1418 1297; x_wconf 88' lang='lat' dir='ltr'>Oscis</span> <span class='ocrx_word' id='word_1_62' title='bbox 1443 1257 1484 1294; x_wconf 87' lang='lat' dir='ltr'>ac-</span> 
     </span>
     <span class='ocr_line' id='line_1_8' title="bbox 440 1341 1522 1419; baseline -0.001 -18"><span class='ocrx_word' id='word_1_63' title='bbox 440 1354 552 1419; x_wconf 89' lang='lat' dir='ltr'>ceptum</span> <span class='ocrx_word' id='word_1_64' title='bbox 575 1344 665 1400; x_wconf 89' lang='lat' dir='ltr'>tenuit</span> <span class='ocrx_word' id='word_1_65' title='bbox 685 1343 832 1410; x_wconf 88' lang='lat' dir='ltr'>iuventus,</span> <span class='ocrx_word' id='word_1_66' title='bbox 862 1361 914 1399; x_wconf 91' lang='lat' dir='ltr'>nec</span> <span class='ocrx_word' id='word_1_67' title='bbox 936 1342 973 1398; x_wconf 87' lang='lat' dir='ltr'>ab</span> <span class='ocrx_word' id='word_1_68' title='bbox 997 1341 1183 1399; x_wconf 81' lang='lat' dir='ltr'>histrionibus</span> <span class='ocrx_word' id='word_1_69' title='bbox 1205 1343 1298 1418; x_wconf 91' lang='lat' dir='ltr'>pollui</span> <span class='ocrx_word' id='word_1_70' title='bbox 1320 1363 1413 1419; x_wconf 86' lang='lat' dir='ltr'>passa</span> <span class='ocrx_word' id='word_1_71' title='bbox 1434 1355 1484 1412; x_wconf 86' lang='lat' dir='ltr'>est;</span> <span class='ocrx_word' id='word_1_72' title='bbox 1521 1385 1522 1390; x_wconf 17' lang='grc' dir='ltr'><strong>κ</strong></span> 
     </span>
     <span class='ocr_line' id='line_1_9' title="bbox 439 1447 1487 1518; baseline 0 -11"><span class='ocrx_word' id='word_1_73' title='bbox 439 1469 475 1507; x_wconf 90' lang='lat' dir='ltr'>eo</span> <span class='ocrx_word' id='word_1_74' title='bbox 497 1449 657 1506; x_wconf 88' lang='lat' dir='ltr'>institutum</span> <span class='ocrx_word' id='word_1_75' title='bbox 678 1459 785 1518; x_wconf 84' lang='lat' dir='ltr'>menet,</span> <span class='ocrx_word' id='word_1_76' title='bbox 806 1457 837 1504; x_wconf 90' lang='lat' dir='ltr'>ut</span> <span class='ocrx_word' id='word_1_77' title='bbox 859 1455 970 1505; x_wconf 84' lang='lat' dir='ltr'>actores</span> <span class='ocrx_word' id='word_1_78' title='bbox 992 1447 1192 1516; x_wconf 78' lang='lat' dir='ltr'>Atellanarum</span> <span class='ocrx_word' id='word_1_79' title='bbox 1219 1467 1274 1505; x_wconf 91' lang='lat' dir='ltr'>nec</span> <span class='ocrx_word' id='word_1_80' title='bbox 1297 1449 1378 1507; x_wconf 85' lang='lat' dir='ltr'>tribu</span> <span class='ocrx_word' id='word_1_81' title='bbox 1399 1469 1487 1507; x_wconf 85' lang='lat' dir='ltr'>move·</span> 
     </span>
     <span class='ocr_line' id='line_1_10' title="bbox 439 1552 1522 1630; baseline -0.001 -17"><span class='ocrx_word' id='word_1_82' title='bbox 439 1566 525 1613; x_wconf 86' lang='lat' dir='ltr'>antur</span> <span class='ocrx_word' id='word_1_83' title='bbox 545 1565 574 1612; x_wconf 89' lang='lat' dir='ltr'>et</span> <span class='ocrx_word' id='word_1_84' title='bbox 603 1554 759 1630; x_wconf 85' lang='lat' dir='ltr'>stipendia,</span> <span class='ocrx_word' id='word_1_85' title='bbox 789 1562 928 1628; x_wconf 81' lang='lat' dir='ltr'>tauquam</span> <span class='ocrx_word' id='word_1_86' title='bbox 960 1561 1091 1628; x_wconf 87' lang='lat' dir='ltr'>expertes</span> <span class='ocrx_word' id='word_1_87' title='bbox 1121 1552 1192 1609; x_wconf 87' lang='lat' dir='ltr'>artis</span> <span class='ocrx_word' id='word_1_88' title='bbox 1217 1553 1349 1626; x_wconf 82' lang='lat' dir='ltr'>ludierae,</span> <span class='ocrx_word' id='word_1_89' title='bbox 1380 1555 1488 1614; x_wconf 84' lang='lat' dir='ltr'>iaciant</span> <span class='ocrx_word' id='word_1_90' title='bbox 1521 1586 1522 1619; x_wconf 58' lang='lat' dir='ltr'>r</span> 
     </span>
    </p>

    <p class='ocr_par' dir='ltr' id='par_1_4' title="bbox 345 1658 1522 2165">
     <span class='ocr_line' id='line_1_11' title="bbox 392 1658 1488 1736; baseline -0.003 -15"><span class='ocrx_word' id='word_1_91' title='bbox 392 1664 519 1722; x_wconf 82' lang='lat' dir='ltr'>13Iuter</span> <span class='ocrx_word' id='word_1_92' title='bbox 541 1663 663 1719; x_wconf 82' lang='lat' dir='ltr'>aliarum</span> <span class='ocrx_word' id='word_1_93' title='bbox 689 1678 783 1734; x_wconf 83' lang='lat' dir='ltr'>parva</span> <span class='ocrx_word' id='word_1_94' title='bbox 809 1658 951 1734; x_wconf 91' lang='lat' dir='ltr'>principia</span> <span class='ocrx_word' id='word_1_95' title='bbox 977 1677 1073 1715; x_wconf 88' lang='lat' dir='ltr'>rerum</span> <span class='ocrx_word' id='word_1_96' title='bbox 1099 1658 1232 1714; x_wconf 90' lang='lat' dir='ltr'>ludorum</span> <span class='ocrx_word' id='word_1_97' title='bbox 1264 1678 1386 1736; x_wconf 88' lang='lat' dir='ltr'>quoque</span> <span class='ocrx_word' id='word_1_98' title='bbox 1405 1661 1488 1736; x_wconf 83' lang='lat' dir='ltr'>prima</span> 
     </span>
     <span class='ocr_line' id='line_1_12' title="bbox 440 1765 1522 1843; baseline 0 -18"><span class='ocrx_word' id='word_1_99' title='bbox 440 1768 522 1843; x_wconf 84' lang='lat' dir='ltr'>origo</span> <span class='ocrx_word' id='word_1_100' title='bbox 542 1767 677 1843; x_wconf 91' lang='lat' dir='ltr'>ponenda</span> <span class='ocrx_word' id='word_1_101' title='bbox 696 1766 760 1823; x_wconf 86' lang='lat' dir='ltr'>visa</span> <span class='ocrx_word' id='word_1_102' title='bbox 781 1775 833 1836; x_wconf 83' lang='lat' dir='ltr'>est,</span> <span class='ocrx_word' id='word_1_103' title='bbox 854 1774 885 1821; x_wconf 89' lang='lat' dir='ltr'>ut</span> <span class='ocrx_word' id='word_1_104' title='bbox 906 1774 1067 1840; x_wconf 85' lang='lat' dir='ltr'>appareret,</span> <span class='ocrx_word' id='word_1_105' title='bbox 1090 1782 1176 1838; x_wconf 87' lang='lat' dir='ltr'>quam</span> <span class='ocrx_word' id='word_1_106' title='bbox 1197 1765 1236 1822; x_wconf 89' lang='lat' dir='ltr'>ab</span> <span class='ocrx_word' id='word_1_107' title='bbox 1250 1783 1326 1823; x_wconf 89' lang='lat' dir='ltr'>sano</span> <span class='ocrx_word' id='word_1_108' title='bbox 1348 1767 1432 1825; x_wconf 89' lang='lat' dir='ltr'>initio</span> <span class='ocrx_word' id='word_1_109' title='bbox 1450 1784 1489 1824; x_wconf 84' lang='lat' dir='ltr'>ras</span> <span class='ocrx_word' id='word_1_110' title='bbox 1521 1801 1522 1806; x_wconf 21' lang='grc' dir='ltr'><strong>κ</strong></span> 
     </span>
     <span class='ocr_line' id='line_1_13' title="bbox 439 1869 1429 1949; baseline 0.002 -20"><span class='ocrx_word' id='word_1_111' title='bbox 439 1873 469 1929; x_wconf 91' lang='lat' dir='ltr'>in</span> <span class='ocrx_word' id='word_1_112' title='bbox 489 1875 565 1930; x_wconf 90' lang='lat' dir='ltr'>banc</span> <span class='ocrx_word' id='word_1_113' title='bbox 586 1873 637 1930; x_wconf 80' lang='lat' dir='ltr'>vix</span> <span class='ocrx_word' id='word_1_114' title='bbox 659 1872 801 1949; x_wconf 87' lang='lat' dir='ltr'>opulentis</span> <span class='ocrx_word' id='word_1_115' title='bbox 821 1871 918 1946; x_wconf 88' lang='lat' dir='ltr'>regnis</span> <span class='ocrx_word' id='word_1_116' title='bbox 938 1869 1116 1927; x_wconf 74' lang='lat' dir='ltr'>tolerabilem</span> <span class='ocrx_word' id='word_1_117' title='bbox 1138 1869 1282 1927; x_wconf 87' lang='lat' dir='ltr'>insaniam</span> <span class='ocrx_word' id='word_1_118' title='bbox 1303 1875 1429 1930; x_wconf 86' lang='lat' dir='ltr'>venerit.</span> 
     </span>
     <span class='ocr_line' id='line_1_14' title="bbox 345 1974 1522 2062; baseline 0.002 -26"><span class='ocrx_word' id='word_1_119' title='bbox 345 1974 367 2043; x_wconf 80' lang='grc'><strong>3</strong></span> <span class='ocrx_word' id='word_1_120' title='bbox 430 2058 432 2062; x_wconf 65' lang='lat'>,</span> <span class='ocrx_word' id='word_1_121' title='bbox 521 1979 585 2036; x_wconf 91' lang='lat' dir='ltr'>Nec</span> <span class='ocrx_word' id='word_1_122' title='bbox 605 1989 702 2036; x_wconf 70' lang='lat' dir='ltr'>mmau</span> <span class='ocrx_word' id='word_1_123' title='bbox 732 1979 864 2035; x_wconf 91' lang='lat' dir='ltr'>ludorum</span> <span class='ocrx_word' id='word_1_124' title='bbox 892 1977 1014 2052; x_wconf 89' lang='lat' dir='ltr'>primum</span> <span class='ocrx_word' id='word_1_125' title='bbox 1038 1975 1149 2032; x_wconf 88' lang='lat' dir='ltr'>initium</span> <span class='ocrx_word' id='word_1_126' title='bbox 1178 1979 1377 2051; x_wconf 82' lang='lat' dir='ltr'>procurandis</span> <span class='ocrx_word' id='word_1_127' title='bbox 1405 1980 1490 2055; x_wconf 81' lang='lat' dir='ltr'>religi·</span> <span class='ocrx_word' id='word_1_128' title='bbox 1521 2014 1522 2045; x_wconf 76' lang='lat'>3</span> 
     </span>
     <span class='ocr_line' id='line_1_15' title="bbox 440 2080 1522 2165; baseline -0.005 -23"><span class='ocrx_word' id='word_1_129' title='bbox 440 2085 543 2142; x_wconf 89' lang='lat' dir='ltr'>onibus</span> <span class='ocrx_word' id='word_1_130' title='bbox 563 2085 663 2141; x_wconf 87' lang='lat' dir='ltr'>datum</span> <span class='ocrx_word' id='word_1_131' title='bbox 689 2094 739 2142; x_wconf 85' lang='lat' dir='ltr'>eut</span> <span class='ocrx_word' id='word_1_132' title='bbox 764 2084 903 2158; x_wconf 87' lang='lat' dir='ltr'>religione</span> <span class='ocrx_word' id='word_1_133' title='bbox 925 2081 1036 2139; x_wconf 85' lang='lat' dir='ltr'>animes</span> <span class='ocrx_word' id='word_1_134' title='bbox 1065 2080 1116 2137; x_wconf 85' lang='lat' dir='ltr'>au&#39;t</span> <span class='ocrx_word' id='word_1_135' title='bbox 1137 2099 1263 2157; x_wconf 86' lang='lat' dir='ltr'>corpora</span> <span class='ocrx_word' id='word_1_136' title='bbox 1284 2086 1400 2142; x_wconf 90' lang='lat' dir='ltr'>morbis</span> <span class='ocrx_word' id='word_1_137' title='bbox 1420 2087 1489 2165; x_wconf 75' lang='lat' dir='ltr'>lers-</span> <span class='ocrx_word' id='word_1_138' title='bbox 1521 2131 1522 2137; x_wconf 71' lang='grc'>,</span> 
     </span>
    </p>

    <p class='ocr_par' dir='ltr' id='par_1_5' title="bbox 407 2185 1522 2479">
     <span class='ocr_line' id='line_1_16' title="bbox 407 2185 1522 2267; baseline 0 -18"><span class='ocrx_word' id='word_1_139' title='bbox 407 2191 495 2267; x_wconf 81' lang='lat' dir='ltr'>2vit3</span> <span class='ocrx_word' id='word_1_140' title='bbox 529 2191 722 2266; x_wconf 86' lang='lat' dir='ltr'>quinetiam,</span> <span class='ocrx_word' id='word_1_141' title='bbox 750 2209 838 2265; x_wconf 90' lang='lat' dir='ltr'>quum</span> <span class='ocrx_word' id='word_1_142' title='bbox 860 2188 970 2246; x_wconf 89' lang='lat' dir='ltr'>medios</span> <span class='ocrx_word' id='word_1_143' title='bbox 1003 2185 1079 2245; x_wconf 83' lang='lat' dir='ltr'>forte</span> <span class='ocrx_word' id='word_1_144' title='bbox 1099 2186 1183 2244; x_wconf 90' lang='lat' dir='ltr'>ludos</span> <span class='ocrx_word' id='word_1_145' title='bbox 1205 2189 1301 2246; x_wconf 84' lang='lat' dir='ltr'>circus</span> <span class='ocrx_word' id='word_1_146' title='bbox 1326 2192 1431 2249; x_wconf 82' lang='lat' dir='ltr'>Tiberi</span> <span class='ocrx_word' id='word_1_147' title='bbox 1451 2211 1491 2248; x_wconf 87' lang='lat' dir='ltr'>sn·</span> <span class='ocrx_word' id='word_1_148' title='bbox 1521 2231 1522 2258; x_wconf 52' lang='lat'><em>2</em></span> 
     </span>
     <span class='ocr_line' id='line_1_17' title="bbox 437 2293 1522 2373; baseline 0 -18"><span class='ocrx_word' id='word_1_149' title='bbox 437 2296 555 2373; x_wconf 83' lang='lat' dir='ltr'>perfuso</span> <span class='ocrx_word' id='word_1_150' title='bbox 582 2297 718 2372; x_wconf 85' lang='lat' dir='ltr'>irrigatus</span> <span class='ocrx_word' id='word_1_151' title='bbox 738 2293 921 2370; x_wconf 77' lang='lat' dir='ltr'>impedisset,</span> <span class='ocrx_word' id='word_1_152' title='bbox 950 2293 979 2350; x_wconf 91' lang='lat' dir='ltr'>id</span> <span class='ocrx_word' id='word_1_153' title='bbox 1005 2313 1084 2365; x_wconf 89' lang='lat' dir='ltr'>vero,</span> <span class='ocrx_word' id='word_1_154' title='bbox 1114 2294 1194 2351; x_wconf 86' lang='lat' dir='ltr'>velut</span> <span class='ocrx_word' id='word_1_155' title='bbox 1225 2296 1340 2352; x_wconf 85' lang='lat' dir='ltr'>aversis</span> <span class='ocrx_word' id='word_1_156' title='bbox 1361 2299 1424 2355; x_wconf 88' lang='lat' dir='ltr'>iam</span> <span class='ocrx_word' id='word_1_157' title='bbox 1445 2299 1490 2354; x_wconf 89' lang='lat' dir='ltr'>diis</span> <span class='ocrx_word' id='word_1_158' title='bbox 1521 2337 1522 2354; x_wconf 50' lang='lat' dir='ltr'>r</span> 
     </span>
     <span class='ocr_line' id='line_1_18' title="bbox 438 2400 1522 2479; baseline 0.001 -18"><span class='ocrx_word' id='word_1_159' title='bbox 438 2403 715 2479; x_wconf 83' lang='lat' dir='ltr'>aspernantibusque</span> <span class='ocrx_word' id='word_1_160' title='bbox 747 2400 912 2476; x_wconf 80' lang='lat' dir='ltr'>placamina</span> <span class='ocrx_word' id='word_1_161' title='bbox 955 2400 1021 2470; x_wconf 77' lang='lat' dir='ltr'>ira,</span> <span class='ocrx_word' id='word_1_162' title='bbox 1057 2409 1196 2458; x_wconf 89' lang='lat' dir='ltr'>terrorem</span> <span class='ocrx_word' id='word_1_163' title='bbox 1231 2401 1384 2477; x_wconf 85' lang='lat' dir='ltr'>ingentem</span> <span class='ocrx_word' id='word_1_164' title='bbox 1422 2405 1491 2468; x_wconf 80' lang='lat' dir='ltr'>fecit</span> <span class='ocrx_word' id='word_1_165' title='bbox 1521 2439 1522 2473; x_wconf 66' lang='lat'>3</span> 
     </span>
    </p>
   </div>
   <div class='ocr_carea' id='block_1_3' title="bbox 410 2506 1493 2583">
    <p class='ocr_par' dir='ltr' id='par_1_6' title="bbox 410 2506 1493 2583">
     <span class='ocr_line' id='line_1_19' title="bbox 410 2506 1493 2583; baseline -0.001 -15"><span class='ocrx_word' id='word_1_166' title='bbox 410 2509 543 2583; x_wconf 83' lang='lat' dir='ltr'>31teque</span> <span class='ocrx_word' id='word_1_167' title='bbox 563 2507 616 2565; x_wconf 86' lang='lat' dir='ltr'>Cn.</span> <span class='ocrx_word' id='word_1_168' title='bbox 633 2507 775 2577; x_wconf 80' lang='lat' dir='ltr'>Genucio,</span> <span class='ocrx_word' id='word_1_169' title='bbox 799 2507 834 2564; x_wconf 88' lang='lat' dir='ltr'>L.</span> <span class='ocrx_word' id='word_1_170' title='bbox 847 2507 970 2564; x_wconf 86' lang='lat' dir='ltr'>AEmilio</span> <span class='ocrx_word' id='word_1_171' title='bbox 991 2506 1168 2564; x_wconf 87' lang='lat' dir='ltr'>Mamercino</span> <span class='ocrx_word' id='word_1_172' title='bbox 1188 2508 1295 2566; x_wconf 89' lang='lat' dir='ltr'>iterum</span> <span class='ocrx_word' id='word_1_173' title='bbox 1319 2510 1493 2576; x_wconf 78' lang='lat' dir='ltr'>consulibus,</span> 
     </span>
    </p>
   </div>
   <div class='ocr_carea' id='block_1_4' title="bbox 262 2591 426 2641">
    <p class='ocr_par' dir='ltr' id='par_1_7' title="bbox 262 2591 426 2641">
     <span class='ocr_line' id='line_1_20' title="bbox 262 2591 426 2641; baseline -0.012 0"><span class='ocrx_word' id='word_1_174' title='bbox 262 2591 426 2641; x_wconf 81' lang='lat' dir='ltr'>A.u.c.891.</span> 
     </span>
    </p>
   </div>
   <div class='ocr_carea' id='block_1_5' title="bbox 267 2611 1522 2716">
    <p class='ocr_par' dir='ltr' id='par_1_8' title="bbox 267 2611 1522 2716">
     <span class='ocr_line' id='line_1_21' title="bbox 267 2611 1522 2716; baseline -0.004 -40"><span class='ocrx_word' id='word_1_175' title='bbox 267 2659 351 2716; x_wconf 57' lang='lat' dir='ltr'>mh</span> <span class='ocrx_word' id='word_1_176' title='bbox 367 2666 417 2711; x_wconf 63' lang='lat'>363</span> <span class='ocrx_word' id='word_1_177' title='bbox 440 2631 526 2687; x_wconf 91' lang='lat' dir='ltr'>quum</span> <span class='ocrx_word' id='word_1_178' title='bbox 541 2613 720 2688; x_wconf 89' lang='lat' dir='ltr'>piaculorum</span> <span class='ocrx_word' id='word_1_179' title='bbox 734 2612 828 2688; x_wconf 84' lang='lat' dir='ltr'>magis</span> <span class='ocrx_word' id='word_1_180' title='bbox 842 2613 1013 2687; x_wconf 77' lang='lat' dir='ltr'>conquisitio</span> <span class='ocrx_word' id='word_1_181' title='bbox 1028 2611 1140 2668; x_wconf 85' lang='lat' dir='ltr'>animos</span> <span class='ocrx_word' id='word_1_182' title='bbox 1156 2630 1244 2686; x_wconf 90' lang='lat' dir='ltr'>quam</span> <span class='ocrx_word' id='word_1_183' title='bbox 1259 2633 1393 2690; x_wconf 86' lang='lat' dir='ltr'>corpora</span> <span class='ocrx_word' id='word_1_184' title='bbox 1408 2615 1493 2672; x_wconf 87' lang='lat' dir='ltr'>morbi</span> <span class='ocrx_word' id='word_1_185' title='bbox 1521 2652 1522 2684; x_wconf 74' lang='lat'><em>÷</em></span> 
     </span>
    </p>
   </div>
   <div class='ocr_carea' id='block_1_6' title="bbox 387 2717 1522 4050">
    <p class='ocr_par' dir='ltr' id='par_1_9' title="bbox 387 2717 1522 3219">
     <span class='ocr_line' id='line_1_22' title="bbox 439 2717 1522 2795; baseline 0.001 -20"><span class='ocrx_word' id='word_1_186' title='bbox 439 2717 594 2790; x_wconf 82' lang='lat' dir='ltr'>afficerent,</span> <span class='ocrx_word' id='word_1_187' title='bbox 615 2718 766 2794; x_wconf 86' lang='lat' dir='ltr'>repetitum</span> <span class='ocrx_word' id='word_1_188' title='bbox 787 2736 825 2774; x_wconf 89' lang='lat' dir='ltr'>ex</span> <span class='ocrx_word' id='word_1_189' title='bbox 838 2719 982 2776; x_wconf 88' lang='lat' dir='ltr'>seniorum</span> <span class='ocrx_word' id='word_1_190' title='bbox 1004 2717 1144 2776; x_wconf 89' lang='lat' dir='ltr'>memoria</span> <span class='ocrx_word' id='word_1_191' title='bbox 1164 2717 1278 2789; x_wconf 87' lang='lat' dir='ltr'>dicitur,</span> <span class='ocrx_word' id='word_1_192' title='bbox 1300 2721 1492 2795; x_wconf 86' lang='lat' dir='ltr'>pestilentiam</span> <span class='ocrx_word' id='word_1_193' title='bbox 1521 2769 1522 2776; x_wconf 72' lang='grc'>,</span> 
     </span>
     <span class='ocr_line' id='line_1_23' title="bbox 407 2821 1522 2902; baseline 0.004 -22"><span class='ocrx_word' id='word_1_194' title='bbox 407 2823 584 2898; x_wconf 72' lang='lat' dir='ltr'>dquondam</span> <span class='ocrx_word' id='word_1_195' title='bbox 619 2825 703 2881; x_wconf 88' lang='lat' dir='ltr'>clavo</span> <span class='ocrx_word' id='word_1_196' title='bbox 732 2825 770 2880; x_wconf 89' lang='lat' dir='ltr'>ab</span> <span class='ocrx_word' id='word_1_197' title='bbox 805 2823 945 2880; x_wconf 84' lang='lat' dir='ltr'>dictatore</span> <span class='ocrx_word' id='word_1_198' title='bbox 978 2823 1037 2879; x_wconf 83' lang='lat' dir='ltr'>fixo</span> <span class='ocrx_word' id='word_1_199' title='bbox 1074 2821 1214 2881; x_wconf 87' lang='lat' dir='ltr'>sedatam.</span> <span class='ocrx_word' id='word_1_200' title='bbox 1272 2825 1322 2882; x_wconf 84' lang='lat' dir='ltr'>Ea</span> <span class='ocrx_word' id='word_1_201' title='bbox 1358 2828 1493 2902; x_wconf 78' lang='lat' dir='ltr'>religione</span> <span class='ocrx_word' id='word_1_202' title='bbox 1521 2889 1522 2892; x_wconf 49' lang='lat'>,</span> 
     </span>
     <span class='ocr_line' id='line_1_24' title="bbox 436 2928 1522 3002; baseline 0.003 -17"><span class='ocrx_word' id='word_1_203' title='bbox 436 2930 577 2997; x_wconf 78' lang='lat' dir='ltr'>adductus</span> <span class='ocrx_word' id='word_1_204' title='bbox 608 2930 724 2987; x_wconf 87' lang='lat' dir='ltr'>senatus</span> <span class='ocrx_word' id='word_1_205' title='bbox 755 2928 923 2985; x_wconf 88' lang='lat' dir='ltr'>dictatorem</span> <span class='ocrx_word' id='word_1_206' title='bbox 955 2928 1030 2985; x_wconf 85' lang='lat' dir='ltr'>elavi</span> <span class='ocrx_word' id='word_1_207' title='bbox 1060 2929 1165 3002; x_wconf 87' lang='lat' dir='ltr'>figendi</span> <span class='ocrx_word' id='word_1_208' title='bbox 1198 2947 1289 2987; x_wconf 85' lang='lat' dir='ltr'>cause</span> <span class='ocrx_word' id='word_1_209' title='bbox 1318 2932 1379 2989; x_wconf 92' lang='lat' dir='ltr'>dici</span> <span class='ocrx_word' id='word_1_210' title='bbox 1404 2933 1492 3000; x_wconf 60' lang='lat' dir='ltr'>iussim</span> <span class='ocrx_word' id='word_1_211' title='bbox 1521 2977 1522 3000; x_wconf 46' lang='lat'>2</span> 
     </span>
     <span class='ocr_line' id='line_1_25' title="bbox 436 3033 1491 3114; baseline 0.002 -22"><span class='ocrx_word' id='word_1_212' title='bbox 436 3035 527 3093; x_wconf 90' lang='lat' dir='ltr'>dictus</span> <span class='ocrx_word' id='word_1_213' title='bbox 548 3037 732 3094; x_wconf 82' lang='lat' dir='ltr'>L.·Manlius</span> <span class='ocrx_word' id='word_1_214' title='bbox 752 3033 929 3110; x_wconf 86' lang='lat' dir='ltr'>Imperiosus</span> <span class='ocrx_word' id='word_1_215' title='bbox 948 3034 983 3091; x_wconf 87' lang='lat' dir='ltr'>L.</span> <span class='ocrx_word' id='word_1_216' title='bbox 998 3034 1147 3092; x_wconf 80' lang='lat' dir='ltr'>Pinarium</span> <span class='ocrx_word' id='word_1_217' title='bbox 1169 3035 1344 3111; x_wconf 85' lang='lat' dir='ltr'>magistrum</span> <span class='ocrx_word' id='word_1_218' title='bbox 1368 3041 1491 3114; x_wconf 69' lang='lat' dir='ltr'>equitu-</span> 
     </span>
     <span class='ocr_line' id='line_1_26' title="bbox 387 3139 1491 3219; baseline -0.001 -17"><span class='ocrx_word' id='word_1_219' title='bbox 387 3140 517 3202; x_wconf 72' lang='lat' dir='ltr'>vbdiuit.</span> <span class='ocrx_word' id='word_1_220' title='bbox 566 3143 630 3200; x_wconf 86' lang='lat' dir='ltr'>Lex</span> <span class='ocrx_word' id='word_1_221' title='bbox 651 3149 765 3199; x_wconf 86' lang='lat' dir='ltr'>vetusta</span> <span class='ocrx_word' id='word_1_222' title='bbox 785 3147 841 3210; x_wconf 86' lang='lat' dir='ltr'>est,</span> <span class='ocrx_word' id='word_1_223' title='bbox 863 3139 964 3214; x_wconf 84' lang='lat' dir='ltr'>priscis</span> <span class='ocrx_word' id='word_1_224' title='bbox 986 3139 1087 3198; x_wconf 85' lang='lat' dir='ltr'>litteris</span> <span class='ocrx_word' id='word_1_225' title='bbox 1115 3142 1272 3216; x_wconf 86' lang='lat' dir='ltr'>verbisque</span> <span class='ocrx_word' id='word_1_226' title='bbox 1293 3143 1426 3219; x_wconf 83' lang='lat' dir='ltr'>scripta,</span> <span class='ocrx_word' id='word_1_227' title='bbox 1457 3155 1491 3212; x_wconf 80' lang='lat' dir='ltr'>ut,</span> 
     </span>
    </p>

    <p class='ocr_par' dir='ltr' id='par_1_10' title="bbox 403 3243 1522 4050">
     <span class='ocr_line' id='line_1_27' title="bbox 435 3243 1522 3327; baseline 0.001 -23"><span class='ocrx_word' id='word_1_228' title='bbox 435 3248 485 3322; x_wconf 88' lang='lat' dir='ltr'>qui</span> <span class='ocrx_word' id='word_1_229' title='bbox 507 3259 612 3324; x_wconf 81' lang='lat' dir='ltr'>prator</span> <span class='ocrx_word' id='word_1_230' title='bbox 633 3247 775 3305; x_wconf 86' lang='lat' dir='ltr'>maximus</span> <span class='ocrx_word' id='word_1_231' title='bbox 796 3245 847 3316; x_wconf 85' lang='lat' dir='ltr'>sit,</span> <span class='ocrx_word' id='word_1_232' title='bbox 873 3243 967 3302; x_wconf 89' lang='lat' dir='ltr'>idibus</span> <span class='ocrx_word' id='word_1_233' title='bbox 989 3244 1205 3320; x_wconf 87' lang='lat' dir='ltr'>Septembribus</span> <span class='ocrx_word' id='word_1_234' title='bbox 1227 3246 1347 3306; x_wconf 87' lang='lat' dir='ltr'>clavum</span> <span class='ocrx_word' id='word_1_235' title='bbox 1370 3261 1491 3327; x_wconf 62' lang='lat' dir='ltr'>pangam</span> <span class='ocrx_word' id='word_1_236' title='bbox 1521 3313 1522 3318; x_wconf 7' lang='grc' dir='ltr'>ἵ</span> 
     </span>
     <span class='ocr_line' id='line_1_28' title="bbox 434 3345 1522 3432; baseline 0.004 -22"><span class='ocrx_word' id='word_1_237' title='bbox 434 3355 494 3410; x_wconf 82' lang='lat' dir='ltr'>fixa</span> <span class='ocrx_word' id='word_1_238' title='bbox 513 3353 570 3411; x_wconf 81' lang='lat' dir='ltr'>fuit</span> <span class='ocrx_word' id='word_1_239' title='bbox 600 3354 702 3411; x_wconf 86' lang='lat' dir='ltr'>dextro</span> <span class='ocrx_word' id='word_1_240' title='bbox 733 3351 817 3409; x_wconf 88' lang='lat' dir='ltr'>lateri</span> <span class='ocrx_word' id='word_1_241' title='bbox 848 3349 917 3407; x_wconf 79' lang='lat' dir='ltr'>edis</span> <span class='ocrx_word' id='word_1_242' title='bbox 948 3345 1039 3406; x_wconf 63' lang='lat' dir='ltr'>Iovisx</span> <span class='ocrx_word' id='word_1_243' title='bbox 1063 3353 1164 3428; x_wconf 87' lang='lat' dir='ltr'>optimi</span> <span class='ocrx_word' id='word_1_244' title='bbox 1196 3353 1334 3424; x_wconf 79' lang='lat' dir='ltr'>maximi,</span> <span class='ocrx_word' id='word_1_245' title='bbox 1369 3375 1409 3414; x_wconf 85' lang='lat' dir='ltr'>ex</span> <span class='ocrx_word' id='word_1_246' title='bbox 1440 3375 1492 3432; x_wconf 78' lang='lat' dir='ltr'>qua</span> <span class='ocrx_word' id='word_1_247' title='bbox 1521 3405 1522 3424; x_wconf 25' lang='lat'>³</span> 
     </span>
     <span class='ocr_line' id='line_1_29' title="bbox 405 3456 1492 3540; baseline 0.006 -26"><span class='ocrx_word' id='word_1_248' title='bbox 405 3463 518 3535; x_wconf 74' lang='lat' dir='ltr'>eparta</span> <span class='ocrx_word' id='word_1_249' title='bbox 539 3457 677 3516; x_wconf 78' lang='lat' dir='ltr'>Minervae</span> <span class='ocrx_word' id='word_1_250' title='bbox 697 3459 833 3534; x_wconf 89' lang='lat' dir='ltr'>templum</span> <span class='ocrx_word' id='word_1_251' title='bbox 858 3468 909 3514; x_wconf 89' lang='lat' dir='ltr'>est.</span> <span class='ocrx_word' id='word_1_252' title='bbox 953 3456 1028 3514; x_wconf 83' lang='lat' dir='ltr'>Eum</span> <span class='ocrx_word' id='word_1_253' title='bbox 1050 3457 1172 3528; x_wconf 86' lang='lat' dir='ltr'>clarum,</span> <span class='ocrx_word' id='word_1_254' title='bbox 1196 3461 1264 3534; x_wconf 85' lang='lat' dir='ltr'>quia</span> <span class='ocrx_word' id='word_1_255' title='bbox 1285 3479 1365 3520; x_wconf 81' lang='lat' dir='ltr'>rarae</span> <span class='ocrx_word' id='word_1_256' title='bbox 1385 3483 1442 3540; x_wconf 85' lang='lat' dir='ltr'>per</span> <span class='ocrx_word' id='word_1_257' title='bbox 1461 3480 1492 3519; x_wconf 78' lang='lat' dir='ltr'>ea</span> 
     </span>
     <span class='ocr_line' id='line_1_30' title="bbox 434 3541 1491 3638; baseline 0.009 -18"><span class='ocrx_word' id='word_1_258' title='bbox 434 3574 567 3638; x_wconf 88' lang='lat' dir='ltr'>tempora</span> <span class='ocrx_word' id='word_1_259' title='bbox 587 3547 688 3620; x_wconf 78' lang='lat' dir='ltr'>litterae</span> <span class='ocrx_word' id='word_1_260' title='bbox 709 3570 800 3634; x_wconf 87' lang='lat' dir='ltr'>erant,</span> <span class='ocrx_word' id='word_1_261' title='bbox 829 3571 928 3618; x_wconf 86' lang='lat' dir='ltr'>notam</span> <span class='ocrx_word' id='word_1_262' title='bbox 954 3541 1066 3619; x_wconf 74' lang='lat' dir='ltr'>uulneri</span> <span class='ocrx_word' id='word_1_263' title='bbox 1094 3583 1235 3622; x_wconf 87' lang='lat' dir='ltr'>annorum</span> <span class='ocrx_word' id='word_1_264' title='bbox 1263 3565 1358 3624; x_wconf 82' lang='lat' dir='ltr'>fnisse</span> <span class='ocrx_word' id='word_1_265' title='bbox 1388 3568 1491 3629; x_wconf 72' lang='lat' dir='ltr'>ferunt</span> 
     </span>
     <span class='ocr_line' id='line_1_31' title="bbox 434 3668 1492 3745; baseline 0.008 -19"><span class='ocrx_word' id='word_1_266' title='bbox 434 3687 527 3743; x_wconf 88' lang='lat' dir='ltr'>eoque</span> <span class='ocrx_word' id='word_1_267' title='bbox 547 3668 686 3726; x_wconf 85' lang='lat' dir='ltr'>Minervae</span> <span class='ocrx_word' id='word_1_268' title='bbox 706 3669 813 3745; x_wconf 89' lang='lat' dir='ltr'>templo</span> <span class='ocrx_word' id='word_1_269' title='bbox 834 3668 961 3725; x_wconf 89' lang='lat' dir='ltr'>dicatam</span> <span class='ocrx_word' id='word_1_270' title='bbox 983 3668 1084 3743; x_wconf 87' lang='lat' dir='ltr'>legem,</span> <span class='ocrx_word' id='word_1_271' title='bbox 1107 3670 1174 3743; x_wconf 90' lang='lat' dir='ltr'>quia</span> <span class='ocrx_word' id='word_1_272' title='bbox 1191 3689 1329 3730; x_wconf 88' lang='lat' dir='ltr'>numerus</span> <span class='ocrx_word' id='word_1_273' title='bbox 1352 3675 1492 3733; x_wconf 72' lang='lat' dir='ltr'>Minerva</span> 
     </span>
     <span class='ocr_line' id='line_1_32' title="bbox 404 3767 1489 3848; baseline 0.002 -14"><span class='ocrx_word' id='word_1_274' title='bbox 404 3780 421 3834; x_wconf 83' lang='lat'><strong>7</strong></span> <span class='ocrx_word' id='word_1_275' title='bbox 433 3774 579 3830; x_wconf 88' lang='lat' dir='ltr'>inventum</span> <span class='ocrx_word' id='word_1_276' title='bbox 601 3775 647 3837; x_wconf 79' lang='lat' dir='ltr'>sit.</span> <span class='ocrx_word' id='word_1_277' title='bbox 690 3775 828 3832; x_wconf 89' lang='lat' dir='ltr'>Vulsiniis</span> <span class='ocrx_word' id='word_1_278' title='bbox 844 3791 959 3848; x_wconf 88' lang='lat' dir='ltr'>quoque</span> <span class='ocrx_word' id='word_1_279' title='bbox 973 3767 1072 3830; x_wconf 71' lang='lat' dir='ltr'>claros</span> <span class='ocrx_word' id='word_1_280' title='bbox 1092 3774 1199 3831; x_wconf 88' lang='lat' dir='ltr'>indices</span> <span class='ocrx_word' id='word_1_281' title='bbox 1213 3779 1328 3835; x_wconf 89' lang='lat' dir='ltr'>numeri</span> <span class='ocrx_word' id='word_1_282' title='bbox 1350 3799 1489 3840; x_wconf 85' lang='lat' dir='ltr'>annorum</span> 
     </span>
     <span class='ocr_line' id='line_1_33' title="bbox 432 3878 1490 3959; baseline 0.007 -23"><span class='ocrx_word' id='word_1_283' title='bbox 432 3880 507 3936; x_wconf 82' lang='lat' dir='ltr'>fixos</span> <span class='ocrx_word' id='word_1_284' title='bbox 521 3879 550 3936; x_wconf 90' lang='lat' dir='ltr'>in</span> <span class='ocrx_word' id='word_1_285' title='bbox 565 3880 672 3955; x_wconf 91' lang='lat' dir='ltr'>templo</span> <span class='ocrx_word' id='word_1_286' title='bbox 685 3880 806 3950; x_wconf 82' lang='lat' dir='ltr'>Nortiae,</span> <span class='ocrx_word' id='word_1_287' title='bbox 820 3878 950 3936; x_wconf 79' lang='lat' dir='ltr'>Etrusca</span> <span class='ocrx_word' id='word_1_288' title='bbox 964 3879 1034 3950; x_wconf 80' lang='lat' dir='ltr'>deae,</span> <span class='ocrx_word' id='word_1_289' title='bbox 1049 3897 1224 3954; x_wconf 88' lang='lat' dir='ltr'>comparere,</span> <span class='ocrx_word' id='word_1_290' title='bbox 1245 3880 1371 3959; x_wconf 86' lang='lat' dir='ltr'>diligens</span> <span class='ocrx_word' id='word_1_291' title='bbox 1391 3889 1490 3945; x_wconf 82' lang='lat' dir='ltr'>talium</span> 
     </span>
     <span class='ocr_line' id='line_1_34' title="bbox 403 3983 1490 4050; baseline 0.009 -9"><span class='ocrx_word' id='word_1_292' title='bbox 403 3990 682 4048; x_wconf 86' lang='lat' dir='ltr'>8monumentorum</span> <span class='ocrx_word' id='word_1_293' title='bbox 706 3994 806 4043; x_wconf 89' lang='lat' dir='ltr'>auctor</span> <span class='ocrx_word' id='word_1_294' title='bbox 827 3983 942 4042; x_wconf 86' lang='lat' dir='ltr'>Cincius</span> <span class='ocrx_word' id='word_1_295' title='bbox 972 3983 1107 4042; x_wconf 86' lang='lat' dir='ltr'>affirmat.</span> <span class='ocrx_word' id='word_1_296' title='bbox 1161 3987 1304 4045; x_wconf 89' lang='lat' dir='ltr'>Horatius</span> <span class='ocrx_word' id='word_1_297' title='bbox 1330 3995 1435 4050; x_wconf 86' lang='lat' dir='ltr'>consul</span> <span class='ocrx_word' id='word_1_298' title='bbox 1465 4003 1490 4050; x_wconf 83' lang='lat' dir='ltr'>et</span> 
     </span>
    </p>
   </div>
   <div class='ocr_carea' id='block_1_7' title="bbox 416 4089 1490 4378">
    <p class='ocr_par' dir='ltr' id='par_1_11' title="bbox 416 4089 1490 4378">
     <span class='ocr_line' id='line_1_35' title="bbox 432 4089 1490 4176; baseline 0.009 -28"><span class='ocrx_word' id='word_1_299' title='bbox 432 4093 526 4168; x_wconf 86' lang='lat' dir='ltr'>legem</span> <span class='ocrx_word' id='word_1_300' title='bbox 548 4100 577 4148; x_wconf 89' lang='lat' dir='ltr'>et</span> <span class='ocrx_word' id='word_1_301' title='bbox 597 4091 735 4166; x_wconf 88' lang='lat' dir='ltr'>templum</span> <span class='ocrx_word' id='word_1_302' title='bbox 755 4090 835 4147; x_wconf 90' lang='lat' dir='ltr'>lovis</span> <span class='ocrx_word' id='word_1_303' title='bbox 867 4089 969 4165; x_wconf 88' lang='lat' dir='ltr'>optimi</span> <span class='ocrx_word' id='word_1_304' title='bbox 997 4090 1116 4147; x_wconf 87' lang='lat' dir='ltr'>maximi</span> <span class='ocrx_word' id='word_1_305' title='bbox 1144 4091 1289 4149; x_wconf 88' lang='lat' dir='ltr'>dedicavit</span> <span class='ocrx_word' id='word_1_306' title='bbox 1318 4114 1396 4155; x_wconf 87' lang='lat' dir='ltr'>auno</span> <span class='ocrx_word' id='word_1_307' title='bbox 1424 4109 1490 4176; x_wconf 85' lang='lat' dir='ltr'>post</span> 
     </span>
     <span class='ocr_line' id='line_1_36' title="bbox 431 4195 1489 4279; baseline 0.002 -25"><span class='ocrx_word' id='word_1_308' title='bbox 431 4215 515 4272; x_wconf 81' lang='lat' dir='ltr'>reges</span> <span class='ocrx_word' id='word_1_309' title='bbox 536 4207 670 4265; x_wconf 81' lang='lat' dir='ltr'>exactos;</span> <span class='ocrx_word' id='word_1_310' title='bbox 698 4195 904 4279; x_wconf 84' lang='lat' dir='ltr'>aconsulibus</span> <span class='ocrx_word' id='word_1_311' title='bbox 924 4205 1027 4270; x_wconf 87' lang='lat' dir='ltr'>postea</span> <span class='ocrx_word' id='word_1_312' title='bbox 1049 4196 1087 4252; x_wconf 85' lang='lat' dir='ltr'>ed</span> <span class='ocrx_word' id='word_1_313' title='bbox 1107 4195 1272 4268; x_wconf 77' lang='lat' dir='ltr'>dictatores,</span> <span class='ocrx_word' id='word_1_314' title='bbox 1303 4204 1373 4276; x_wconf 73' lang='lat' dir='ltr'>quia</span> <span class='ocrx_word' id='word_1_315' title='bbox 1395 4206 1489 4262; x_wconf 68' lang='lat' dir='ltr'>maius</span> 
     </span>
     <span class='ocr_line' id='line_1_37' title="bbox 416 4280 1488 4378; baseline -0.007 -17"><span class='ocrx_word' id='word_1_316' title='bbox 416 4280 583 4378; x_wconf 62' lang='lat' dir='ltr'>ximperium</span> <span class='ocrx_word' id='word_1_317' title='bbox 604 4311 680 4373; x_wconf 91' lang='lat' dir='ltr'>erat,</span> <span class='ocrx_word' id='word_1_318' title='bbox 703 4300 840 4358; x_wconf 89' lang='lat' dir='ltr'>sollemne</span> <span class='ocrx_word' id='word_1_319' title='bbox 868 4301 944 4358; x_wconf 88' lang='lat' dir='ltr'>clavi</span> <span class='ocrx_word' id='word_1_320' title='bbox 964 4300 1071 4376; x_wconf 85' lang='lat' dir='ltr'>figendi</span> <span class='ocrx_word' id='word_1_321' title='bbox 1092 4301 1263 4358; x_wconf 73' lang='lat' dir='ltr'>translatum</span> <span class='ocrx_word' id='word_1_322' title='bbox 1288 4320 1339 4372; x_wconf 64' lang='lat' dir='ltr'>est,</span> <span class='ocrx_word' id='word_1_323' title='bbox 1392 4313 1488 4368; x_wconf 55' lang='lat' dir='ltr'>Inger.</span> 
     </span>
    </p>
   </div>
   <div class='ocr_carea' id='block_1_8' title="bbox 0 0 1700 5084">
    <p class='ocr_par' dir='ltr' id='par_1_12' title="bbox 0 0 1700 5084">
     <span class='ocr_line' id='line_1_38' title="bbox 0 0 1700 5084; baseline 0 0"><span class='ocrx_word' id='word_1_324' title='bbox 0 0 1700 5084; x_wconf 95' lang='lat' dir='ltr'> </span> 
     </span>
    </p>
   </div>
  </div>
 </body>
</html>
