3392 5084
234 734 389 792 emendd.
413 736 502 796 Liar.
524 755 553 811 p.
576 738 701 809 5-25),
730 737 861 812 seposita
882 738 1086 813 superstitione
1109 748 1138 797 et
1156 740 1333 799 defensionis

235 818 419 893 pertinacia
439 828 613 893 remotaque
633 838 692 876 non
715 821 808 877 minus
830 822 910 877 omni
937 821 1066 897 tingendi
1095 832 1123 879 et
1151 822 1332 882 incredibilia

237 902 279 957 de
299 901 443 957 librariis
465 902 606 959 narrandi
636 902 766 971 licentia,
799 904 1029 961 emendationem
1063 900 1331 983 circumspeximus,

236 1002 379 1057 eamque
411 984 439 1039 si
460 997 512 1041 aut
544 1002 564 1041 a
583 984 764 1060 superiorum
787 984 886 1059 aliquo
916 997 967 1043 aut
997 1006 1089 1062 nuper
1123 968 1255 1046 afflaliis
1281 998 1332 1047 aut

235 1066 380 1140 denique
403 1085 424 1123 a
443 1068 531 1124 nobis
552 1068 640 1124 talem
662 1077 809 1142 repertam
832 1069 1044 1138 iudicabamus,
1074 1079 1106 1126 ut
1128 1080 1222 1127 cert-as
1253 1073 1331 1129 veri·

235 1150 314 1205 tatis
340 1157 397 1205 aut
420 1167 543 1206 summae
558 1150 773 1225 probabilitatis
793 1162 879 1207 notas
901 1170 938 1208 ex
960 1151 1025 1227 ipsa
1048 1154 1235 1211 correctionis
1258 1155 1330 1212 leni-

236 1241 306 1289 tate
338 1241 374 1287 et
399 1232 650 1290 demonstratione
673 1252 770 1290 causae
799 1234 905 1291 enoris
934 1244 972 1291 et'
985 1254 1022 1291 ex
1048 1236 1197 1293 sententia
1220 1238 1329 1293 oratio-

156 1325 157 1330 ’
236 1316 356 1391 nisque
379 1316 584 1371 convenientia
605 1316 773 1384 contineret,
794 1317 824 1372 in
847 1317 924 1373 Livii
948 1318 1080 1375 oratione
1102 1319 1268 1392 posuimus;
1304 1320 1330 1376 is

239 1398 324 1454 enim
354 1396 432 1453 artis
453 1396 565 1455 finctus
586 1410 640 1469 est,
662 1416 721 1474 qtto
744 1398 869 1468 Livium,
894 1399 1001 1475 quique
1026 1420 1090 1457 eum
1113 1400 1226 1475 legunt,
1248 1401 1330 1458 irau-

237 1481 313 1536 dari
335 1498 401 1537 nou
425 1491 549 1555 oportet.
592 1482 631 1539 Et
646 1482 783 1556 quoniam
806 1492 953 1557 apparatu
970 1483 1069 1541 critico
1093 1484 1209 1540 onerari
1228 1484 1329 1541 huius·

238 1564 327 1619 modi
355 1561 448 1618 editio
470 1582 528 1619 non
549 1563 658 1638 potnit,
687 1574 720 1620 ut
748 1573 855 1634 tamen,
881 1565 929 1638 qui
951 1566 1007 1626 hoc
1038 1566 1172 1640 exemplo
1202 1575 1328 1636 utentur,

238 1664 355 1703 secure
378 1655 498 1701 etcum
529 1641 636 1704 fiducia
662 1647 693 1703 id
716 1646 813 1703 iacere
846 1647 968 1722 possint,
1004 1666 1091 1722 quum
1122 1650 1230 1726 sciant,
1266 1668 1330 1723 qnae

237 1748 328 1785 nova
351 1728 385 1784 in
407 1748 444 1785 eo
465 1729 554 1785 insint
575 1740 604 1786 et
624 1730 701 1786 unde
729 1730 826 1799 ducts,
856 1729 1039 1788 subiiciemus
1068 1731 1135 1787 huic
1164 1730 1330 1806 praefationi

237 1812 378 1868 indicem
402 1811 533 1867 omnium
555 1812 695 1880 locorum,
716 1813 747 1868 in
768 1813 873 1887 quibus
895 1822 995 1869 nostra
1023 1814 1170 1882 recensio,
1201 1814 1329 1889 exceptis

239 1896 338 1950 rebus
365 1895 609 1969 orthographicis,
631 1894 778 1969 discrepat
809 1914 828 1950 a
852 1896 1082 1953 Weissenbornii
1106 1896 1215 1966 (tertie,
1246 1898 1329 1954 cuius

238 1976 380 2051 primum
403 1977 541 2033 volumen
570 1978 648 2052 apud
667 1979 854 2035 Teubnerum
881 1998 907 2035 a.
941 1980 1017 2036 1860
1046 1979 1212 2053 evulgatum
1235 1975 1328 2053 est),¹)

239 2060 384 2115 indicato
395 2059 568 2116 brevissime
580 2061 787 2136 (praeterquam
799 2062 828 2116 in
841 2062 878 2129 ln',
893 2064 921 2131 it,
934 2061 985 2131 his,
1001 2058 1050 2138 iis)
1061 2072 1168 2117 nostrae
1179 2062 1328 2137 scripturae

240 2141 344 2210 fonte,
374 2142 401 2197 si
423 2160 460 2198 ea
481 2151 532 2198 eut
553 2161 590 2198 ex
619 2144 818 2199 alteroutroe
845 2143 994 2201 codicibus
1023 2144 1201 2219 principibus
1231 2145 1328 2205 aliove

242 2225 408 2282 meliorum
435 2234 487 2280 ant
507 2226 673 2281 coniectura
696 2226 818 2282 aliorum
840 2236 911 2282 nata
934 2236 983 2283 aut
1005 2246 1023 2284 a
1044 2227 1129 2283 nobis
1157 2227 1259 2301 primis
1289 2246 1326 2284 ex

242 2308 315 2363 aliis
337 2306 492 2363 codicibus
514 2320 631 2382 sumpta
651 2318 710 2377 est;
732 2309 767 2364 de
788 2308 900 2378 ceteris,
923 2327 987 2382 qua
1009 2328 1025 2365 e
1047 2308 1194 2366 codicibus
1214 2310 1328 2366 etiamsi

242 2389 349 2446 minus
372 2390 458 2446 bonis
478 2389 537 2445 iam
561 2390 640 2465 apud
656 2391 821 2465 superiores
840 2390 936 2448 locum
958 2392 988 2448 in
1007 2400 1143 2448 contextu
1165 2400 1327 2464 tenuerunt,

243 2472 517 2529 Drakenborchius
547 2473 741 2546 quarentibus
771 2472 939 2533 satisfaciet.
991 2468 1105 2531 Deinde
1138 2474 1166 2530 in
1204 2474 1327 2533 eundem

245 2555 382 2611 indicem
405 2554 496 2627 (inter
515 2556 695 2629 parenthesis
711 2552 809 2632 signa)
831 2573 932 2613 omncs
954 2557 1020 2613 illos
1041 2558 1127 2613 locos·
1138 2554 1326 2627 includemus,

247 2638 304 2693 ubi
326 2646 436 2693 etuas
456 2638 770 2711 etnweisseubornius,
791 2640 925 2713 neglecta
944 2640 1093 2713 utriusque
1114 2639 1222 2696 codicis
1244 2640 1325 2714 puiu-

247 2721 328 2795 cipis
353 2719 536 2790 auctoritate,
557 2720 644 2777 aliam
667 2722 839 2795 scripturam
862 2723 953 2779 secuti
972 2740 1080 2793 sumus,
1103 2740 1167 2795 quae
1187 2723 1327 2779 uoniam

248 2804 325 2860 olim
351 2802 436 2876 quasi
457 2820 598 2859 consensu
620 2806 812 2877 comprobata
833 2813 863 2861 et
892 2806 970 2879 apud
991 2804 1263 2862 Drakenborchium
1296 2804 1325 2861 in

249 2894 398 2942 contextu
420 2886 519 2959 posita
539 2886 587 2945 sit.
635 2887 696 2945 Ubi
722 2886 812 2961 igitur
839 2887 910 2943 nihil
939 2896 1108 2944 annotatum
1139 2896 1196 2959 est,
1226 2896 1327 2945 nostra

250 2960 478 3043 scriptura'aut
498 2986 563 3024 cum
578 2968 857 3025 Weissenborniana
879 2970 1059 3027 consentiens
1087 2970 1149 3027 fere
1172 2988 1209 3025 ex
1224 2968 1323 3027 codice

249 3052 389 3125 principe
410 3051 535 3126 utroque
557 3060 608 3107 aut
629 3070 667 3108 ex
687 3052 846 3123 slteroutro
871 3054 959 3109 ducta
980 3048 1048 3126 es't2)
1071 3062 1121 3109 eut
1142 3070 1207 3109 curn
1230 3052 1325 3109 Weis-

250 3133 457 3190 senborniana
497 3142 526 3189 et
557 3131 840 3192 Drakenborchiaua
872 3136 1022 3193 consentit.
1084 3137 1152 3193 Hoc
1193 3134 1327 3192 sufficere

249 3216 381 3275 videtur.
427 3216 485 3289 Qui
498 3216 675 3291 perscrutari
688 3218 745 3293 ipsi
759 3218 874 3291 singula
893 3218 1000 3289 volent,
1022 3220 1180 3294 scripturas
1195 3218 1325 3274 codicum

283 3494 358 3561 ²)1n
377 3499 456 3545 tertia
478 3498 528 3546 hac
554 3498 667 3547 editione
685 3497 911 3546 Weissenboruins
930 3498 1047 3559 quaedam
1075 3496 1169 3545 rectius
1195 3496 1326 3545 coustituit

327 3582 409 3631 quam
427 3575 511 3629 antea,
530 3568 667 3627 nonnulla,
693 3568 836 3629 de‘quibus
858 3576 918 3616 ante
938 3572 1007 3615 recte
1033 3568 1192 3615 indicaverat
1215 3572 1241 3614 et
1265 3579 1324 3629 qua

324 3637 371 3685 vix
402 3638 592 3685 dubitationem
616 3637 712 3685 habere
742 3638 855 3700 pot-uisse
884 3636 1015 3693 ridentur,
1045 3638 1071 3683 in
1103 3637 1176 3699 peius
1204 3634 1325 3695 mutavit;

325 3706 475 3765 ut1v‚ss‚
496 3712 522 3755 ll
539 3706 637 3770 expulit
647 3707 817 3755 necessariam
834 3704 959 3754 Gronovii
972 3707 1186 3763 emendationem,
1204 3704 1237 3753 ib.
1252 3706 1295 3763 55,
1310 3708 1324 3751 b

325 3785 424 3824 rectam
439 3775 567 3825 codicisP
586 3777 755 3841 scripturam3'
775 3777 820 3824 scd
833 3776 902 3823 hanc
916 3776 1042 3823 tamenin
1056 3774 1221 3823 annotatione
1233 3774 1325 3821 iterum

326 3846 458 3908 probavit.

279 3965 307 4036 ¹)
327 3970 395 4021 Fere
412 3971 484 4030 dic03
509 3976 570 4017 sunt
587 3968 654 4017 euim
672 3984 725 4019 nou
743 3972 780 4018 ita
797 3970 874 4034 pauci
897 3971 989 4019 minuti
1012 3976 1037 4019 et
1060 3968 1188 4019 manifesti
1208 3967 1326 4017 codicum

327 4040 358 4090 M
377 4041 399 4089 P
423 4047 450 4089 ct
472 4039 527 4087 sinc
546 4039 624 4087 dubio
643 4048 786 4089 ceterorum
804 4040 931 4089 bonorum
950 4054 1061 4111 errores,
1086 4040 1178 4103 quibus
1202 4038 1325 4099 neglectis

326 4117 433 4159 tenetur
450 4109 576 4171 scriptura
591 4123 653 4157 rura
669 4110 767 4173 pridem
786 4118 888 4173 recepta
908 4118 934 4159 et
951 4112 1100 4174 plerumque
1119 4109 1174 4156 sine
1196 4106 1326 4155 varietatis

326 4180 465 4228 mentione
479 4179 581 4237 tradita,
605 4187 635 4226 ut
648 4178 668 4237 l,
687 4185 713 4239 8,
742 4185 756 4229 7
776 4178 968 4243 οὶίᾳυοάεᾱιιοῑω
987 4180 1029 4239 M,
1057 4175 1240 4241 aliquotedactoe
1257 4175 1326 4238 Ppro

328 4249 426 4313 abpuot
444 4247 561 4307 deducta,
581 4252 605 4307 t,
625 4252 640 4295 5
660 4250 732 4311 paoni
743 4264 792 4313 pso
810 4250 876 4313 qaia,
895 4248 925 4309 si,
946 4253 969 4309 7,
992 4255 1022 4299 12
1041 4247 1132 4297 ibidum
1150 4262 1197 4309 pro
1220 4244 1253 4294 ibi
1269 4252 1325 4302 tum,

326 4324 355 4377 9,
383 4324 415 4367 14
440 4318 543 4367 humano
564 4333 650 4382 penore
670 4334 719 4381 pro
742 4319 765 4370 h.
783 4320 871 4383 paneri,
900 4325 940 4376 10,
968 4324 1045 4368 nnec
1065 4314 1210 4367 cantamina·
1232 4328 1280 4377 pro
1298 4329 1327 4361 ne

330 4386 487 4448 Orammiai,
509 4394 548 4448 14,
564 4392 583 4436 «b
602 4404 654 4451 qun
671 4386 759 4437 daura
774 4403 822 4452 pro
839 4388 899 4453 qaia
918 4386 1004 4437 deutra
1022 4396 1072 4439 etc.
