3392 5084
675 513 793 564 Iiberl.
1190 518 1225 577 10
1278 590 1279 599 ἵ

226 717 283 773 gem
302 707 405 768 create3
437 697 481 755 ita
500 698 633 773 patribus
654 698 750 757 visum
771 707 826 759 est.
869 700 973 757 Patres
1004 699 1121 771 deinde,
1156 701 1182 759 si
1205 700 1268 777 dig-

226 824 300 875 num,
324 804 369 879 qui
389 806 533 862 amundus
554 807 593 863 ab
620 805 747 875 Romulp
771 816 952 877 numeretur,
974 804 1114 875 crearitis,
1135 814 1268 865 auctores

227 911 310 965 fient“
350 910 435 967 Adeo
454 911 487 979 jd
508 921 623 987 gratum
645 911 723 988 plebi
744 910 815 981 luit,
843 920 889 983 ut,
917 929 953 969 ne
974 912 1046 969 victi
1066 911 1205 969 beneficio
1224 911 1268 969 vi·
1285 921 1315 975 11

228 1016 352 1085 derantur,
373 1015 404 1071 id
426 1018 515 1074 modo
530 1017 685 1076 sciscerent-
695 1018 896 1092 iuberentque,
918 1024 1078 1073 utaenatus
1093 1017 1268 1091 decerneret,

228 1120 268 1194 qai
285 1122 380 1179 Roma
400 1134 545 1197 regnaret.

295 1226 395 1284 Inclita
417 1228 528 1284 iustitia
549 1228 710 1318 religioque
737 1248 773 1286 ea
800 1234 972 1303 tempestate
1003 1229 1108 1285 Numa
1130 1228 1269 1304 Pompilii
1318 1228 1372 1299 18.

228 1341 287 1392 erat.
326 1330 448 1392 Curibus
466 1332 583 1393 Sabinis’
602 1335 770 1404 habitabat,
792 1334 1020 1391 consultissimus
1041 1334 1094 1405 vir,
1116 1343 1148 1391 ut
1168 1333 1198 1389 in
1218 1333 1269 1390 illa

230 1439 366 1513 quisquam
387 1458 451 1497 esse
472 1448 557 1496 atate
576 1449 700 1514 poterat,
722 1439 817 1497 omnis
837 1438 927 1497 divini
942 1449 1028 1513 atque
1048 1440 1168 1497 humani
1187 1438 1267 1499 iuria

229 1547 366 1601 Auctorem
387 1546 526 1603 doctriua
547 1546 618 1615 eius,
640 1546 710 1619 quia
734 1564 792 1602 non
814 1552 910 1603 exstat
929 1543 1017 1614 alius,
1039 1543 1113 1602 falso
1135 1541 1297 1603 Samium2

227 1650 407 1725 Pythagoram
430 1651 528 1720 edunt,
550 1669 637 1725 quam
649 1649 753 1708 Servio
765 1650 863 1708 Tullio
878 1660 1017 1725 regnante
1031 1652 1141 1722 Romoe,
1153 1661 1266 1711 centurn

228 1756 333 1830 anplius
352 1764 420 1831 post
441 1775 550 1826 annos,
581 1757 611 1813 iu
639 1755 742 1812 ultima
763 1756 857 1813 Italiae
879 1776 932 1813 ora
958 1757 1035 1815 circa
1066 1758 1267 1833 Metapontum

231 1860 444 1937 Heracleamque
466 1873 494 1919 et
516 1860 646 1920 Crotona
667 1847 802 1919 iuvenum
826 1862 1022 1919 emulantium
1047 1863 1142 1921 studia
1168 1872 1267 1922 coetus

228 1966 348 2025 habuisse
368 1976 491 2025 constat.
524 1969 572 2025 Ex
594 1967 699 2043 quibus
720 1967 802 2038 locis,
826 1968 880 2025 etsi
900 1968 1026 2025 eiusdem
1042 1970 1135 2027 atatis
1156 1969 1296 2041 fuissetss

229 2089 274 2144 qua
293 2071 369 2133 lama
389 2074 419 2130 iu
442 2073 568 2132 Sabinos
595 2083 646 2131 aut
675 2092 733 2149 quo
761 2074 866 2149 linguae
896 2074 1067 2133 commercio
1090 2095 1265 2152 quemquam

230 2178 258 2233 ad
276 2179 453 2255 cupiditatem
475 2179 605 2237 discendi
633 2180 806 2239 excivisset?
841 2198 937 2255 quove
963 2180 1096 2256 prasidio
1117 2200 1191 2239 unus
1213 2202 1267 2257 per

229 2291 263 2338 tot
278 2294 372 2359 gentes
393 2286 526 2343 dissonas
547 2304 681 2343 sermone
709 2286 897 2361 moribusque
924 2284 1123 2361 pervenisset?
1156 2286 1297 2362 Suopte'l

231 2389 299 2463 igitur
327 2391 443 2466 ingenio
476 2399 667 2466 temperatum
698 2392 826 2451 animum
862 2391 1016 2449 virtutihus
1044 2391 1133 2451 fuisse
1163 2392 1267 2467 opinor

230 2496 317 2571 nugis,
336 2497 564 2571 instructumque
584 2507 724 2555 non-tam
745 2498 906 2574 peregrinis
938 2497 1048 2555 artibus
1072 2515 1159 2572 quam
1183 2497 1266 2555 disci-

231 2602 293 2675 plina
310 2604 411 2661 tetrica
432 2622 467 2660 ac
488 2603 562 2659 tristi
583 2612 714 2660 veterum
736 2601 922 2673 Sabinorum,
953 2622 1011 2677 quc
1032 2596 1137 2679 gedera
1158 2603 1266 2661 nullum

232 2710 355 2779 quondam
375 2709 570 2783 incorruptius
590 2707 655 2767 fuit.
699 2707 811 2767 Audito
830 2709 947 2766 nornine
968 2710 1073 2767 Numae
1093 2718 1191 2784 patres
1208 2710 1299 2767 lto-5

232 2815 306 2885 nani,
330 2834 496 2890 quanquam
517 2814 649 2873 inclinari
672 2831 744 2890 opes
765 2813 803 2870 ad
826 2813 952 2872 Sabinos
973 2834 1042 2891 rege
1062 2814 1129 2871 inde
1153 2823 1269 2889 sumpto

233 2918 390 2992 videbantur,
414 2929 511 2978 tamen
532 2940 627 2996 neque
649 2938 681 2977 se
695 2920 851 2994 quisquam
873 2938 926 2977 nec
950 2917 1083 2977 factionis
1100 2937 1158 2976 suae
1180 2912 1269 2977 alidm

232 3042 272 3081 uae
290 3027 408 3102 denique
431 3037 547 3103 patrum
570 3036 622 3085 aut
643 3026 750 3084 civium
776 3042 951 3100 quemquam
980 3022 1117 3099 praeferre
1143 3025 1185 3082 illi
1205 3026 1269 3083 viro

233 3131 292 3201 ausi,
317 3133 354 3190 ad
377 3152 467 3191 unum
494 3152 593 3191 omnes
624 3133 730 3189 Numae
757 3129 904 3205 Pompilio
931 3135 1056 3204 regnum·
1084 3129 1269 3189 deferendum

234 3235 375 3297 decernunt.
424 3239 559 3310 Accitue,
591 3238 666 3297 sicut
693 3236 836 3295 Romulus
859 3242 1001 3309 augurato
1029 3236 1099 3291 urbe
1120 3236 1300 3293 condendad

233 3359 330 3415 Quum
351 3344 474 3419 adeptus
495 3355 550 3416 est,
571 3346 607 3402 de
631 3363 663 3401 se
684 3361 800 3418 quoque
829 3341 900 3397 deus
929 3339 1040 3399 consuli
1060 3340 1173 3400 iussit*
1198 3340 1271 3397 Inde

235 3447 263 3503 ab
279 3468 398 3524 augure,
433 3450 480 3507 cui
501 3450 603 3507 deiude
623 3446 744 3506 honoris
774 3464 845 3520 ergo
867 3447 1014 3521 publicum
1035 3446 1065 3502 id
1085 3457 1270 3521 perpetuum-

235 3569 277 3624 que
295 3554 485 3612 sacerdotium
506 3553 576 3624 suit,
603 3553 743 3611 deductus
773 3553 803 3609 in
831 3570 927 3608 arcem
957 3552 987 3607 in
1008 3551 1105 3627 lapide
1127 3552 1164 3609 ad
1186 3551 1271 3609 meri-

234 3656 292 3717 dien
317 3679 417 3719 versus
445 3660 585 3719 consedit.
633 3662 740 3733 Augur
768 3658 806 3715 ad
834 3658 938 3713 laevanr
966 3657 1026 3713 eius
1053 3657 1147 3732 capite
1174 3658 1301 3719 velatol

235 3764 312 3823 sedem
330 3767 415 3843 cepit,
437 3767 541 3823 dextra
562 3784 649 3824 manu
672 3751 808 3823 baculum
830 3762 892 3819 sine
913 3762 991 3819 nodo
1004 3763 1147 3819 aduncum
1162 3772 1271 3834 tenens,

237 3886 302 3940 quatu
313 3872 413 3929 lituum
425 3871 616 3947 appellarunt.
650 3871 724 3928 lude
734 3870 793 3942 ubi,
814 3878 970 3943 prospectu
991 3868 1021 3924 in
1040 3870 1139 3925 urbem
1155 3886 1272 3943 agrum-

238 3989 280 4045 que
298 3987 388 4053 capto,
411 3977 482 4035 deos
502 3986 637 4053 precatus
658 3975 792 4051 regiones
816 3975 853 4031 ab
876 3975 986 4032 oriente
1007 3974 1045 4031 ad
1067 3990 1202 4039 occasum
1222 3974 1272 4029 de-

239 4081 388 4155 terminavit,
409 4084 528 4141 dextras
549 4082 588 4139 ad
599 4081 747 4139 meridiem
763 4089 871 4165 partes,
893 4080 981 4137 laevas
996 4078 1034 4135 ad
1048 4074 1272 4153 septentrionem

240 4199 288 4241 asse
305 4188 391 4259 dixit3
420 4189 534 4264 siguum
556 4198 673 4257 contra,
705 4205 763 4261 quo
795 4183 963 4259 longissime
989 4192 1174 4258 conspectum
1197 4183 1304 4248 oeulis

242 4284 364 4365 ferebant,
386 4294 483 4351 animo
503 4295 610 4364 finivit3
631 4303 694 4351 tum
712 4291 784 4348 lituo
805 4290 836 4347 in
858 4288 960 4345 laevam
982 4307 1100 4346 manum
1123 4288 1274 4359 translato,

1044 4388 1075 4440 2·
