3392 5084
462 512 501 570 20
889 512 966 562 Liber
982 510 1004 561 Ι.

387 694 523 752 adextra
543 695 573 751 in
594 705 682 771 eaput
705 696 810 753 Numae
831 697 984 773 imposita,
1006 707 1140 772 precatus
1169 698 1211 755 ita
1232 707 1291 755 est:
1329 698 1478 773 ,Iuppiter

417 810 511 875 pater,
525 800 560 873 ,si
584 800 709 870 estias,
730 802 806 858 hune
827 803 956 859 Numam
978 804 1173 879 Pompilium,
1202 804 1281 861 cuius
1305 821 1359 877 ego
1391 814 1477 878 caput

418 916 512 977 teneo,
533 924 631 982 regem
655 908 757 964 Romae
778 926 851 979 esse,
873 909 916 965 uti
936 920 967 965 tu
989 909 1073 984 signa
1099 910 1182 969 nobis
1204 920 1284 967 certa
1306 908 1476 966 acelarassis

369 1011 495 1070 l0inte1·
515 1030 565 1069 eos
589 1015 671 1082 fines,
694 1031 768 1087 quos
790 1013 875 1071 feei.“
908 1016 985 1072 Tum
1008 1016 1118 1090 peregit
1130 1016 1225 1073 verbis
1248 1014 1389 1090 auspicia,
1414 1031 1478 1088 quta

418 1117 493 1175 mitti
514 1118 608 1175 vellat.
657 1119 770 1193 Quibus
791 1119 896 1189 missis,
922 1119 1084 1178 declaratus
1111 1140 1164 1178 rex
1187 1122 1287 1179 Numa
1310 1120 1346 1176 de
1367 1119 1477 1194 templo

419 1224 575 1285 descendit.

322 1322 365 1390 19
499 1330 557 1404 Qui
576 1350 667 1406 regno
688 1331 731 1387 ita
749 1330 859 1405 potitus
870 1330 971 1387 urbem
985 1348 1102 1399 novam,
1121 1331 1266 1389 conditam
1288 1332 1317 1388 vi
1334 1343 1363 1388 et
1378 1330 1475 1399 armis,

414 1435 477 1493 iure
504 1457 567 1494 eam
595 1436 765 1512 legibusque
796 1454 830 1492 ae
858 1437 989 1531 moribus
1016 1438 1051 1493 de
1082 1436 1194 1511 integro
1227 1440 1351 1495 condere
1378 1444 1472 1513 parat.

384 1542 401 1597 2
418 1542 530 1614 Quibus
549 1562 637 1617 quum
653 1542 728 1600 inter
750 1541 827 1599 bella
848 1558 1014 1598 assuescere
1034 1542 1146 1598 videret
1163 1562 1220 1599 non
1242 1562 1328 1619 posse
1352 1543 1474 1618 (quippe

416 1646 532 1706 efferari
544 1648 647 1705 militia
668 1647 804 1720 animos),
825 1646 1016 1721 mitigandum
1030 1645 1156 1704 ferocem
1171 1650 1309 1724 populum
1325 1668 1472 1705 armorum

414 1752 602 1811 desuetudine
622 1762 711 1823 ratus,
736 1752 841 1809 Ianum
864 1753 902 1809 ad
916 1753 1045 1810 infimum
1062 1753 1225 1839 Argiletum
1246 1754 1368 1811 indicem
1394 1755 1475 1830 pacis
1532 1742 1533 1753 ¹

414 1858 539 1933 bellique
559 1857 636 1929 iecit,
660 1869 776 1934 apertus
799 1858 881 1914 utin
903 1859 990 1915 armis
1013 1877 1075 1915 esse
1097 1860 1260 1931 civitatem,
1283 1860 1401 1917 clausus
1422 1880 1472 1937 pa·
1532 1934 1533 1943 ἵ

382 1974 494 2030 acatos
516 1966 594 2023 cirea
615 1982 715 2021 omnes
736 1964 861 2040 populos
883 1965 1065 2039 significaret.
1098 1966 1149 2023 Bis
1167 1966 1348 2041 deindepost
1367 1966 1475 2023 Numa
1532 1946 1533 1967 l

411 2088 533 2145 regnum
555 2072 670 2129 clausus
691 2068 759 2141 fuit,
781 2070 871 2127 semel
897 2072 932 2129 Τ.
954 2071 1065 2129 Manlio
1094 2073 1211 2129 consule
1240 2084 1308 2148 post
1329 2073 1473 2130 Punicum
1532 2128 1533 2155 ,

412 2176 537 2251 primum
559 2176 718 2252 perlectum
742 2177 859 2247 bellum,
880 2178 998 2249 iterum,
1026 2180 1103 2252 quod
1127 2189 1232 2234 nostrat
1253 2176 1331 2233 aetati
1361 2176 1403 2233 dii
1425 2177 1471 2232 de·

412 2281 516 2338 derunt
538 2295 571 2340 ut
592 2284 773 2353 videremus,
804 2291 872 2358 post
902 2283 1008 2368 bellum
1031 2285 1200 2354 Actiacum,
1232 2285 1268 2341 ab
1296 2282 1473 2358 imperatore

380 2384 530 2447 lOaesare
547 2391 684 2463 Augusto
704 2408 778 2466 pace
799 2402 878 2445 terra
899 2388 1030 2462 marique
1051 2402 1149 2465 parta.
1184 2388 1291 2447 Clauso
1314 2408 1359 2459 eo,
1383 2408 1470 2463 quum
1532 2382 1533 2392 ¹

411 2493 538 2550 omnium
570 2494 648 2551 eirca
675 2496 862 2552 finitimorum
890 2495 1029 2551 societate
1062 2515 1097 2553 ae
1135 2496 1299 2555 foederibus
1329 2495 1471 2551 iunxisset
1532 2572 1533 2583 ἵ

411 2600 532 2669 animos,
554 2602 656 2676 positis
679 2612 864 2658 externorum
886 2601 1079 2676 periculorum
1108 2602 1199 2675 curis,
1227 2621 1263 2657 ne
1290 2601 1470 2658 luxuriarent
1532 2588 1533 2607 ¹

411 2706 472 2763 otio
495 2705 599 2776 animi,
626 2725 702 2781 quos
728 2718 821 2763 metus
842 2708 968 2765 hostium
994 2707 1202 2783 disciplinaque
1222 2705 1354 2764 militaris
1377 2706 1468 2763 conti·

409 2795 528 2882 linerat,
556 2814 684 2870 omnium
710 2814 849 2888 primum,
871 2832 933 2869 rem
958 2813 996 2870 ad
1017 2812 1239 2890 multitudinem,
1254 2812 1422 2887 imperitam
1442 2822 1468 2868 et

409 2886 464 2973 illis
486 2918 596 2975 sarculis
618 2920 719 2976 rudem
742 2918 987 2987 efficacissimam,
1014 2920 1132 2975 deorum
1156 2928 1262 2975 metum
1284 2919 1466 2977 iniiciendum
1532 2932 1533 2949 ³

376 3033 489 3084 bratus
510 3037 562 3080 est.
604 3024 662 3097 Qui
684 3044 773 3099 quum
795 3025 967 3081 descendere
990 3025 1028 3081 ad
1051 3024 1162 3080 animos
1184 3024 1246 3081 sine
1267 3025 1365 3099 aliquo
1389 3044 1467 3083 oom-

408 3141 504 3187 mento
527 3112 656 3187 miraculi
679 3150 736 3187 non
761 3138 869 3205 posset,
891 3130 1008 3187 simulat
1029 3129 1084 3187 sibi
1106 3148 1170 3185 oum
1193 3129 1247 3185 dea
1268 3131 1378 3205 Egeria
1399 3150 1467 3189 con·

407 3248 700 3311 gressusnoeturnos
725 3253 802 3306 esse3
826 3236 887 3291 eius
909 3254 941 3291 se
963 3236 1082 3305 monitu,
1106 3253 1169 3309 quae
1191 3237 1392 3311 acceptissima
1415 3238 1466 3294 diis

408 3356 522 3412 essent,
544 3360 629 3399 sacra
650 3342 816 3411 instituere,
843 3342 1009 3399 sacerdotes
1033 3360 1101 3397 suos
1126 3342 1230 3415 cuique
1251 3342 1370 3400 deorum
1393 3364 1468 3419 pree·

375 3450 500 3505 oficere.
549 3454 647 3523 Atque
672 3448 799 3504 omnium
821 3447 946 3521 primum
973 3448 1010 3503 ad
1036 3463 1135 3502 cursus
1159 3446 1233 3503 lunae
1260 3448 1290 3503 in
1312 3448 1464 3508 duodecim

408 3572 521 3610 menses
547 3554 683 3612 describit
712 3572 833 3621 annum3
869 3572 969 3627 quem,
998 3552 1066 3627 quia
1095 3552 1220 3609 tricenos
1253 3552 1314 3609 dies
1345 3554 1465 3631 siugulis

406 3659 551 3716 mensibus
579 3658 648 3715 luna
675 3676 734 3715 non
762 3659 859 3734 explet
887 3656 1047 3731 desuntque
1076 3658 1137 3715 dies
1166 3658 1259 3715 solido
1293 3677 1386 3730 anno,
1417 3661 1466 3735 qui

406 3763 549 3821 solstitiali
570 3763 774 3838 circumagitur
785 3763 865 3833 orbe,
886 3764 1074 3821 intercalariis
1089 3764 1234 3821 mensibus
1248 3764 1464 3839 interponendis

405 3872 446 3927 ite
467 3870 659 3947 dispensavit,
688 3882 720 3926 ut
753 3869 891 3927 vicesimo
924 3888 1000 3927 anuo
1033 3870 1069 3925 ad
1096 3880 1203 3926 metam
1233 3870 1354 3927 eandem
1385 3872 1465 3941 solis,

403 3979 480 4034 unde
502 3978 560 4034 orsi
587 3986 699 4045 essent,
728 3976 819 4051 plenis
847 3975 975 4032 omnium
1004 3993 1144 4032 annorum
1174 3974 1275 4051 spatiis
1303 3974 1365 4031 dies
1395 3995 1462 4034 eon·

374 4094 546 4159 7gruerent.
595 4082 676 4138 Idem
698 4080 827 4138 nefastos
851 4080 912 4136 dies
933 4080 1082 4155 fastosque
1103 4081 1186 4149 fecit,
1215 4081 1283 4155 quia
1305 4082 1463 4156 aliquando

307 4191 354 4260 20
402 4188 474 4245 nihil
497 4207 561 4245 curn
583 4187 691 4261 populo
715 4188 763 4261 agi
787 4186 857 4243 utile
886 4185 1013 4243 futurum
1036 4197 1106 4243 erat.
1156 4189 1231 4244 Tum
1262 4184 1461 4246 sacerdotibus

387 4293 533 4349 *creandis
557 4294 684 4348 animum
695 4293 809 4365 adiecit,
833 4310 999 4367 quanquam
1022 4294 1084 4369 ipse
1106 4295 1230 4370 plurima
1250 4311 1335 4350 saera
1351 4295 1462 4363 obibat,
