3392 5084
509 476 586 527 Liber
603 476 649 527 VI.
678 476 730 551 (A.
743 475 958 540 cheae-ses).
1135 552 1144 567 ,
1188 481 1220 537 tt

224 660 285 719 fides
311 663 437 721 sanctior
466 671 545 733 erat,
582 661 709 721 fascibus
736 670 947 720 sarmentorum
977 682 1015 719 ex
1046 680 1118 739 agro
1142 662 1265 734 collatis,

224 769 312 825 ductus
334 768 372 823 ed
394 767 501 825 moenie
522 766 673 836 exercitus,
695 766 903 842 completisque
922 766 1010 825 {ossis
1030 770 1117 826 scalae
1131 769 1267 840 edmotcn

223 884 246 930 et
264 873 385 931 clamore
408 872 502 950 primo
523 872 689 948 impetuque
708 872 846 948 oppidum
860 874 981 949 capitur.
1023 874 1178 950 Nepesinis
1199 876 1297 937 indes

223 978 342 1048 edictum,
363 986 397 1035 ut
417 996 500 1051 erma
511 986 631 1053 ponant,
653 977 792 1053 parcique
812 977 923 1037 iussum
936 980 1055 1049 inermi;
1076 978 1194 1035 Etrusci
1213 998 1268 1054 pa·

221 1083 279 1139 riter
297 1084 403 1141 armati
421 1092 509 1157 atque
523 1082 646 1141 inermes
661 1082 736 1139 crasi.
779 1084 992 1159 Nepesinorum
1009 1103 1124 1161 quoque
1135 1093 1267 1142 auctores

221 1187 361 1257 deditionis
398 1187 492 1247 securi
524 1189 668 1264 percussi3
705 1188 831 1247 innoxiae
860 1190 1034 1248 multitudini
1063 1188 1183 1247 reddito
1210 1208 1267 1261 res,

222 1294 406 1369 oppidumque
425 1312 489 1352 cum
511 1294 645 1369 presidio
667 1294 807 1354 relictum.
848 1298 897 1353 Ita
917 1297 1029 1355 duabus
1044 1296 1129 1355 sociis
1147 1296 1298 1367 urbibus6

222 1418 250 1469 er
276 1402 358 1459 hoste
386 1398 524 1475 receptis,
569 1400 709 1459 victorem
740 1402 912 1468 exercitum*
928 1402 1035 1462 tribuni
1064 1418 1130 1459 cum
1160 1420 1268 1478 magna

221 1504 301 1580 gloria
320 1508 449 1583 Romam
469 1505 654 1565 reduxerunt.

290 1610 406 1669 Eodem
428 1629 504 1668 anuo
526 1611 563 1667 ab
585 1611 698 1671 Latinis
720 1612 914 1688 Hernicisque
934 1633 980 1671 res
1007 1612 1136 1690 repetitas
1165 1612 1267 1687 quaesi-

220 1726 336 1791 tumque,
358 1735 410 1773 eur
431 1736 484 1791 per
505 1734 555 1773 eos
577 1734 667 1775 annos
690 1717 806 1775 militem
830 1738 868 1775 ex
888 1720 1018 1779 instituto
1040 1739 1098 1777 non
1112 1718 1266 1775 dedissent.

220 1822 392 1897 Responsum
406 1822 550 1897 frequenti
572 1822 721 1899 utriusque
741 1825 835 1900 gentis
857 1826 978 1884 concilio
1002 1835 1054 1897 est,
1077 1842 1130 1883 nec
1153 1824 1297 1899 culpem7

220 1927 243 1983 in
268 1946 300 1985 eo
329 1929 478 2003 publicem
507 1946 560 1987 nec
587 1928 737 1987 consilium
766 1929 874 2003 fuisse,
914 1932 993 2006 quod
1022 1950 1082 1989 suse
1112 1929 1269 1988 iuventutis

220 2032 298 2107 aliqui
319 2034 400 2109 apud
412 2032 538 2091 Volscos
558 2034 758 2107 militaverint3
782 2054 832 2094 eos
854 2046 952 2094 tamen
962 2037 1042 2112 ipsos
1057 2038 1142 2114 pravi
1157 2035 1299 2095 consiliis

219 2157 323 2212 penam
344 2140 472 2209 hebere,
501 2157 554 2196 nee
576 2158 750 2216 quemquam
776 2162 813 2201 ex
838 2144 884 2201 his
902 2144 1036 2201 reducem
1059 2161 1136 2219 esse3
1170 2140 1267 2199 militis

220 2254 306 2303 autem
326 2264 386 2303 non
413 2246 477 2303 dati
505 2264 625 2303 censam
652 2258 791 2306 terrorem
819 2250 966 2308 assiduum
991 2268 1009 2305 a
1032 2249 1146 2346 Vopcis
1169 2246 1267 2316 fuisse,
1325 2275 1329 2285 =

221 2369 295 2425 quem
316 2361 429 2438 pestem
452 2351 645 2410 adhaerentem
667 2353 750 2411 lateri
772 2374 825 2412 suo
847 2362 892 2411 tot
912 2374 999 2430 super
1019 2355 1078 2412 alia
1099 2354 1163 2411 eliis
1186 2352 1268 2410 bellis

219 2458 355 2515 exhauriri
375 2457 520 2532 nequisse.
568 2456 640 2531 Quae
660 2459 754 2517 relata
775 2460 906 2536 patribus
927 2459 1020 2535 magis
1045 2468 1158 2534 tempus
1180 2463 1297 2532 quam9
1330 2516 1334 2523 ,

220 2579 326 2621 causam
350 2582 411 2621 non
436 2564 499 2621 visa
521 2564 588 2621 belli
609 2566 726 2622 habere.
1221 2541 1227 2554 ι
1387 2559 1389 2567 ’

290 2670 460 2745 Insequenti
482 2688 567 2741 anno,
592 2673 631 2729 A.
650 2672 772 2743 Manlio,
793 2672 829 2731 P.
843 2669 988 2741 Cornelio,
1009 2672 1045 2729 T.
1068 2679 1097 2727 et
1109 2670 1146 2726 L.
1159 2668 1265 2743 Quinc·
1326 2670 1361 2738 11

221 2772 256 2830 tiis
276 2773 464 2851 Capitolinis,
493 2776 529 2832 L.
553 2776 673 2851 Papirio
695 2776 821 2836 Cursore
846 2778 965 2847 iterum,
998 2776 1029 2835 0.
1051 2776 1147 2850 Serqio
1169 2778 1267 2831 iterum
1281 2792 1443 2843 A,u.e.eee.

221 2880 327 2939 tribunis
350 2880 496 2938 consulari
517 2890 671 2955 potestate,
699 2901 790 2958 grave
811 2883 917 2941 bellum
939 2882 1020 2950 foris,
1046 2883 1166 2957 gravior
1186 2861 1310 2937 domiA·
1323 2856 1369 2907 ch.
1383 2863 1442 2907 ³⁸⁵·

220 2986 313 3062 seditiox
332 2996 451 3057 exorto,
481 2987 586 3045 bellum
618 2987 788 3059 aVolseis,
821 2988 958 3047 adiuncta
979 2989 1150 3047 Latinorum
1179 2992 1295 3061 etque2

220 3089 400 3150 Hernicorum
423 3092 600 3164 deiectione,
635 3094 752 3165 seditio,
787 3094 864 3151 unde
894 3094 1010 3151 minime
1040 3093 1135 3151 timeri
1163 3093 1266 3168 potuit,

221 3200 376 3273 epatrieiae
397 3197 490 3273 gentis
512 3198 576 3255 viro
598 3207 627 3256 et
647 3200 752 3257 inclitae
773 3187 869 3270 famae,
891 3200 935 3257 M.
957 3200 1069 3257 Manlio
1091 3198 1265 3274 Capitolino.

221 3301 268 3374 Qui
286 3306 390 3362 nimius
413 3304 503 3361 animi
525 3322 613 3379 quum
627 3304 700 3363 alios
721 3305 865 3381 principes
886 3314 1043 3381 sperneret,
1063 3304 1113 3361 uni
1128 3303 1296 3364 invideret3

221 3408 313 3467 eximio
335 3410 423 3467 mmul
443 3411 601 3469 honoribus
623 3418 710 3485 etque
731 3411 896 3483 virtutibus,
916 3412 959 3472 M.
975 3410 1075 3477 Furio,
1097 3427 1173 3483 aegre
1192 3407 1266 3465 fere·

221 3512 269 3585 bat,
289 3516 382 3573 solum
404 3516 522 3573 eumin
543 3516 769 3591 magistratibus,
791 3516 884 3575 solum
907 3518 984 3593 apud
1006 3516 1148 3575 exercitus
1172 3511 1264 3592 [esse]

221 3628 318 3678 tentum
345 3622 406 3679 iam
439 3621 578 3691 eminere,
618 3631 651 3681 ut
679 3622 780 3681 iisdem
815 3624 950 3699 auspiciis
982 3632 1095 3681 creatos
1126 3639 1185 3678 non
1212 3628 1297 3697 prol

221 3724 333 3801 collegis,
354 3728 407 3785 sed
426 3746 481 3803 pro
503 3727 640 3785 ministris
655 3729 778 3799 ¹habeut,
811 3748 899 3805 quum
922 3730 1045 3798 interim,
1066 3728 1092 3785 si
1113 3728 1267 3803 quievere
1342 3772 1346 3779 .

222 3831 348 3889 estimare
378 3832 463 3903 velit,
495 3834 577 3895 aM.
599 3832 690 3893 Furio
724 3837 891 3911 recuperari
920 3837 1017 3912 patria
1049 3854 1087 3893 ex
1116 3833 1291 3891 obsidione‘

222 3933 332 3996 hostium
352 3958 412 3997 non
433 3940 575 4016 potuerit,
607 3940 663 3999 nisi
690 3961 708 3998 a
729 3959 761 3999 se
787 3942 867 4017 prius
896 3940 1072 4018 Capitolium
1101 3951 1189 4016 atque
1212 3959 1267 3997 arx

223 4055 324 4103 mrvuta
344 4055 429 4117 esset,
452 4056 481 4103 et
500 4046 550 4104 ille
570 4047 644 4104 inter
666 4066 768 4105 aurum
790 4048 988 4123 accipiendum
1007 4049 1168 4125 etinspem
1182 4048 1295 4123 pacis5

224 4148 309 4207 solutis
328 4153 432 4211 animis
454 4152 559 4211 Gallos
580 4170 733 4229 eggressus
754 4153 800 4223 eit,
827 4153 891 4228 ipse
912 4165 1041 4213 armatos
1062 4155 1265 4230 capientesque

224 4270 304 4315 arcem
325 4259 480 4335 depulerit,
513 4258 589 4316 illius
609 4260 708 4334 gloriae
734 4278 804 4335 pers
825 4259 916 4317 virilis
938 4260 1016 4336 apud
1038 4279 1138 4318 omnes
1161 4260 1265 4318 milites
