3392 5084
389 551 392 557 .
497 510 536 568 ts
734 507 812 558 uisa
829 505 890 558 vm
927 506 1227 570 (naemu-sor.)

422 693 512 763 isat,
534 693 703 763 cernebant3
733 693 946 768 paenitebatque
977 691 1192 768 populationis,
1223 700 1252 748 et
1281 691 1487 767 Tarquinienses

453 798 677 856 exsecrabantur
691 796 859 856 defectionis
880 807 1027 868 auctoree3
1049 816 1103 855 nee
1124 816 1207 854 arma
1228 807 1279 856 aut
1296 799 1399 856 bellum
1423 799 1489 874 quis·

453 922 540 979 quam
562 922 719 980 apparare,
747 905 798 963 sed
818 922 874 980 pro
895 922 927 961 se
950 904 1072 978 quisque
1102 902 1215 978 legatos
1237 905 1310 962 mitti
1331 905 1442 963 iubebat
1459 905 1489 961 ad

422 1010 604 1086 dpetendam
623 1010 729 1068 erroris
749 1010 874 1068 veniam.
923 1009 1027 1086 Legati
1050 1019 1182 1067 senatum
1201 1029 1289 1085 quum
1308 1012 1443 1080 adissent,
1461 1011 1490 1067 ab

451 1126 553 1174 senatu
584 1117 683 1176 reiecti
714 1116 753 1173 ad
783 1116 922 1192 populum
949 1117 1020 1178 deos
1050 1125 1237 1192 rogaverunt,
1272 1136 1396 1192 quorum
1422 1135 1491 1172 saera

450 1222 527 1280 hello
550 1222 667 1282 Gallico
689 1231 807 1310 accepta
828 1221 883 1278 rite
903 1229 1121 1296 procurassent,
1150 1231 1182 1278 ut
1201 1224 1355 1282 Romanos
1374 1226 1490 1282 florentes

344 1354 368 1385 ἰ
451 1347 488 1386 aa
507 1328 552 1386 sui
573 1329 769 1387 misericordia
800 1334 933 1402 caperet,
961 1344 1026 1400 qua
1051 1343 1083 1383 se
1110 1328 1197 1385 rebus
1227 1327 1341 1388 affectis
1363 1329 1490 1406 quondam

420 1435 551 1511 lpopuli
574 1436 700 1493 Romani
726 1434 862 1510 cepisset3
891 1432 1080 1507 conversique
1108 1433 1146 1490 ad
1173 1434 1296 1492 delubra
1324 1435 1423 1492 Vesta
1450 1435 1490 1490 he

449 1540 566 1618 spitium
586 1542 735 1599 flaminum
763 1539 984 1612 Vestaliumque
1012 1539 1049 1596 ab
1071 1557 1104 1595 ee
1128 1549 1206 1597 caste
1235 1559 1270 1599 ae
1292 1541 1427 1618 religiose
1445 1539 1491 1598 cul·

420 1648 511 1705 stam
532 1649 720 1705 invocabant:
747 1645 831 1703 Esne
852 1644 969 1702 meritos
1001 1645 1130 1703 crederet
1158 1647 1312 1722 quisquam
1343 1651 1439 1706 hostes
1456 1665 1492 1702 re-

450 1762 536 1830 pente
558 1753 620 1810 sine
641 1769 731 1810 causa
749 1747 865 1807 factos?
886 1759 945 1821 aut,
967 1750 992 1807 si
1016 1751 1084 1825 quid
1105 1752 1246 1811 hostiliter
1264 1753 1418 1824 fecissent,
1437 1771 1491 1810 con·

449 1859 514 1916 silio
532 1860 563 1916 id
585 1859 678 1934 magis
700 1875 788 1932 qnam
808 1854 908 1914 furore
928 1855 1028 1932 lapsos
1057 1855 1169 1930 fecisse,
1195 1870 1227 1916 ut
1255 1878 1310 1918 sua
1339 1870 1437 1918 vetera
1453 1860 1491 1914 he·

449 1965 560 2035 noticia,
580 1963 677 2022 locata
697 1962 856 2039 prasertim
876 1963 953 2037 apud
975 1970 1035 2019 tam
1055 1973 1164 2038 gratos,
1184 1965 1269 2024 novis
1290 1973 1492 2042 corrumperent

449 2071 611 2142 maleficiis,
641 2072 849 2143 florentemque
876 2067 1015 2146 populum
1042 2070 1207 2128 Romanurn
1240 2090 1275 2130 so
1308 2071 1491 2132 felicissimum

448 2179 523 2236 bello
544 2178 600 2235 sibi
614 2178 796 2234 desumerent
809 2175 932 2245 hostem,
953 2174 1035 2232 cuius
1051 2174 1151 2232 afflicti
1165 2177 1325 2236 amicitiam
1351 2174 1490 2255 petissent?

447 2286 496 2343 Ne
521 2284 700 2360 appellarant
727 2280 892 2350 consilium,
925 2298 989 2354 qua
1019 2281 1063 2338 vis
1089 2299 1124 2339 ao
1152 2283 1310 2340 necessitas
1334 2281 1492 2360 appellanda

419 2398 532 2453 desset.
576 2390 773 2447 Transeuntes
794 2386 910 2461 agmine
930 2385 1035 2443 infesto
1062 2406 1115 2462 per
1141 2405 1242 2462 ugrum
1271 2407 1362 2447 suum
1384 2386 1491 2462 Tarqui·

447 2497 570 2565 aienses,
591 2513 679 2570 quum
701 2502 806 2569 prater
825 2492 904 2550 viam
930 2491 1001 2548 nihil
1022 2491 1173 2568 petissent,
1201 2493 1329 2552 traxisse
1368 2493 1491 2570 quosdam

376 2597 380 2604 ’
448 2601 603 2676 agrestium
625 2597 820 2676 populationis
841 2597 917 2668 eius,
946 2617 1010 2672 quae
1037 2598 1092 2656 sibi
1114 2599 1225 2656 crimini
1247 2601 1349 2673 detur,
1380 2600 1491 2659 comites.

419 2707 510 2770 7Eos
533 2724 584 2762 sen
607 2706 672 2763 dedi
693 2705 815 2780 placeat,
844 2703 949 2760 dedere
976 2713 1148 2780 separatos
1177 2723 1256 2777 esse,
1286 2724 1342 2765 scu
1367 2703 1490 2783 supplicio

448 2810 535 2880 allici,
558 2811 676 2867 daturos
698 2829 808 2885 poenas.
836 2807 948 2880 ¹Care,
979 2809 1137 2866 sacrarium
1167 2809 1267 2886 populi
1291 2811 1435 2882 Romani,
1453 2809 1490 2865 de·

447 2916 607 2974 versorium
628 2915 810 2973 sacerdotum
831 2932 867 2972 aa
887 2915 1100 2991 receptaculum
1121 2916 1322 2974 Romanorum
1347 2933 1489 2982 sacrorum,

446 3022 584 3079 intactum
604 3022 832 3095 inviolatumque
860 3020 977 3077 crimine
1004 3021 1071 3078 belli
1096 3023 1223 3098 hospitio
1254 3023 1420 3080 Vestalium
1444 3018 1489 3076 cul·

309 3200 317 3213 Ι
416 3128 540 3205 8tisque
560 3129 614 3186 diis
637 3128 748 3186 darent.
791 3127 887 3184 Movit
915 3126 1054 3202 populum
1074 3147 1139 3186 ,noa
1167 3137 1226 3185 tam
1255 3147 1349 3187 eausa
1381 3142 1488 3206 praesens

447 3254 533 3310 qnam
563 3244 646 3293 vetus
672 3234 818 3303 meritum,
841 3241 874 3289 ut
903 3232 1036 3290 maleficii
1063 3252 1149 3308 quam
1171 3235 1303 3294 beneficii
1332 3238 1430 3312 potius
1448 3235 1488 3289 im·

350 3408 356 3433 x
445 3360 586 3399 memores
607 3348 711 3401 essent.
753 3339 866 3412 ltaque
886 3356 947 3412 pax
966 3339 1074 3414 populo
1098 3339 1196 3399 Cariti
1217 3343 1297 3412 data,
1318 3342 1504 3428 indutiasque¹

444 3447 608 3504 incentum
629 3465 721 3504 annos
749 3444 843 3502 factas
873 3444 903 3500 ia
924 3455 1041 3502 senatus
1063 3447 1223 3504 consultum
1252 3446 1359 3506 referri
1386 3444 1485 3524 placrut

413 3552 480 3609 91n
510 3551 642 3609 Faliscos
676 3552 777 3609 eodem
808 3549 913 3608 noxios
946 3550 1064 3608 crimine
1094 3553 1138 3610 vis
1171 3553 1238 3610 belli
1269 3571 1416 3612 conversa
1441 3559 1503 3640 “²³5

443 3657 495 3715 sed
516 3659 613 3716 hostes
634 3676 776 3733 nusquam
797 3657 915 3714 inventi.
964 3655 1061 3729 Quum
1082 3658 1270 3733 populatione
1296 3659 1444 3736 peragrati
1461 3651 1502 3712 fi=ss

443 3782 493 3820 nes
515 3772 618 3834 essent,
647 3765 684 3821 ab
706 3763 922 3840 oppugnatione
947 3763 1061 3821 urbium
1090 3772 1296 3838 temperatum,
1325 3747 1501 3842 legioniba

443 3887 499 3943 que
520 3871 643 3928 Romam
663 3869 798 3940 reductis,
829 3867 971 3943 reliquum
993 3869 1061 3926 anni
1083 3868 1172 3925 muris
1198 3869 1388 3947 turribusque
1407 3865 1471 3928 refici

442 3975 521 4032 endis
542 3985 752 4051 consumptum,
773 3985 803 4032 ot
822 3974 898 4033 aedes
919 3973 1064 4049 Apollinis
1086 3973 1219 4031 dedicata
1240 3984 1293 4035 est.
1483 4047 1484 4050 Ἴ

347 4077 386 4147 21
521 4072 660 4140 Extremo
689 4099 765 4139 anno
793 4080 912 4139 comitia
945 4077 1110 4138 consularia
1140 4089 1286 4138 certamen
1315 4089 1430 4157 patrum
1455 4095 1469 4133 a

438 4186 530 4262 plebis
558 4187 686 4256 diremit,
717 4186 838 4244 tribunis
868 4186 1040 4260 negantibus
1068 4205 1206 4262 passuros
1237 4187 1359 4246 comitia
1387 4181 1481 4252 hama,

437 4291 467 4349 ni
487 4292 644 4350 secundum
671 4290 813 4348 Liciniam
838 4290 932 4366 legem
960 4291 1150 4364 haberentur,
1178 4291 1323 4351 dictatore
1351 4293 1479 4352 obstinato
