3392 5084
470 497 527 554 152
726 493 806 544 uibar
822 492 859 543 11.
894 493 976 556 (nu.
991 508 1012 544 e.
1025 493 1188 556 ass-nar.)

426 687 524 738 castra
554 678 680 736 hostium
713 686 743 735 et
774 677 804 734 iu
834 687 932 738 castra
962 678 1087 736 consulis
1116 678 1208 747 venit;
1241 675 1312 735 alibi
1341 693 1475 751 pavorem,

397 781 497 877 lalibi
516 786 656 862 gaudium
681 786 783 861 ingens
804 784 885 844 facit.
933 783 1075 856 Romani,
1103 784 1217 843 civilem
1242 793 1310 842 esse'
1334 781 1475 838 clamorem

427 869 516 968 atque
537 892 677 950 auxilium
699 893 811 962 adesse,
831 893 907 950 inter
928 909 959 949 se
980 890 1175 967 gratulantes,
1203 890 1280 947 ultro
1302 907 1340 946 ex
1359 886 1477 944 stationi·

397 992 482 1057 5bus
502 1017 538 1056 ac
564 997 670 1074 vigiliis
700 998 833 1056 territant
860 1001 984 1058 hostem.
1039 994 1149 1053 Consul
1178 993 1368 1052 differendum
1389 1001 1476 1067 negat:
1515 1013 1516 1046 l

426 1103 477 1160 illo
498 1104 626 1180 clamore
646 1124 705 1162 non
726 1106 885 1163 adventurn
905 1103 994 1162 modo
1016 1100 1187 1176 significari,
1216 1100 1268 1157 sed
1288 1117 1349 1156 rem
1371 1100 1408 1155 ab
1429 1098 1478 1154 suis
1515 1119 1516 1152 l

427 1217 566 1285 coeptem3
598 1210 760 1285 mirumque
787 1229 866 1280 esse,
896 1209 926 1266 ni
960 1209 1022 1265 iam
1044 1206 1188 1264 exteriore
1213 1213 1299 1280 parte
1320 1213 1415 1262 castra
1435 1205 1477 1260 ho·
1515 1226 1516 1257 l

426 1315 512 1372 stium
534 1322 746 1390 oppugnantur.
792 1315 899 1390 Itaque
920 1311 1003 1373 amia
1024 1330 1093 1370 suos
1114 1329 1219 1387 capere
1247 1318 1277 1367 ot
1303 1327 1334 1366 se
1356 1307 1478 1381 subsequi
1515 1331 1516 1362 i

395 1419 514 1477 diubet.
558 1420 654 1477 Nocte
668 1419 769 1478 initum
783 1421 919 1496 proelium
934 1428 992 1494 ast;
1013 1416 1175 1493 legionibus
1194 1414 1344 1472 dictatoris
1366 1415 1479 1472 clamore
1515 1439 1516 1469 l

397 1524 606 1601 laignificant,
631 1523 669 1579 ab
690 1542 727 1580 ea
749 1543 866 1599 qnoque
886 1534 970 1602 parte
990 1545 1052 1584 rem
1071 1525 1101 1580 in
1123 1522 1287 1580 discrimine
1309 1538 1382 1580 essa.
1425 1520 1479 1576 Iam

427 1649 459 1688 se
480 1631 519 1687 ad
542 1629 723 1706 prohibenda
744 1628 917 1690 circumdari
939 1650 1030 1706 opera
1050 1628 1145 1704 AEqui
1165 1627 1322 1702 parabant,
1344 1645 1430 1700 quum
1449 1623 1479 1680 ab

426 1735 562 1793 interiore
583 1737 667 1792 hoste
687 1734 791 1809 proelio
813 1748 924 1813 ooepto,
951 1757 988 1796 ne
1016 1734 1186 1814 permedia
1212 1752 1266 1791 sua
1295 1741 1393 1790 castra
1413 1733 1479 1788 fieret
1515 1785 1516 1788 ,

427 1841 557 1916 eruptio,
586 1860 605 1896 a
626 1840 819 1897 munientibus
842 1843 880 1900 ed
908 1849 1070 1916 pugnantes
1091 1840 1247 1898 introrsum
1269 1838 1349 1896 versi
1369 1854 1479 1893 vacuam
1515 1863 1516 1894 t

426 1953 541 2003 noctem
576 1945 657 2034 operi
685 1945 803 2016 dedere3
832 1952 1052 2019 pugnatumque
1085 1964 1151 2004 oum
1183 1945 1302 2002 consule
1331 1942 1370 2000 ad
1401 1942 1478 1997 lucem

397 2047 480 2110 test.
528 2052 608 2109 Luce
627 2049 723 2125 prima
743 2052 801 2108 iam
822 2051 1033 2109 circumvallati
1056 2052 1094 2108 ab
1117 2050 1259 2108 dictatore
1281 2057 1374 2118 erent,
1395 2056 1423 2104 et
1440 2044 1481 2100 vix
1515 2073 1516 2105 1

427 2157 568 2215 adversus
588 2175 677 2213 nuum
693 2157 851 2214 exercitum
874 2173 1003 2231 pugnam
1025 2156 1215 2216 sustinebant.
1258 2156 1337 2212 Tum
1353 2171 1372 2210 a
1387 2151 1480 2225 Quinc-
1515 2182 1516 2188 κ

426 2262 506 2320 tiano
528 2263 667 2333 exercitu,
689 2262 739 2336 qui
760 2261 912 2320 confestim
935 2280 954 2318 a
975 2259 1105 2336 perfecto
1120 2280 1216 2336 opere
1234 2260 1272 2317 ad
1296 2241 1381 2316 annia
1401 2255 1481 2322 rediit,
1515 2288 1516 2300 2

426 2367 573 2425 invaditur
594 2367 713 2426 vallum.
759 2367 818 2425 Hic
846 2366 1075 2424 instabatnova
1102 2384 1216 2443 pugna3
1244 2365 1296 2422 illa
1316 2363 1390 2420 nihil
1409 2359 1480 2419 remi·
1515 2393 1516 2424 2

396 2471 506 2530 9serat
525 2472 615 2547 prior.
664 2473 740 2528 Tum
763 2471 882 2546 ancipiti
903 2471 981 2528 malo
1005 2479 1139 2546 urgente,
1168 2491 1186 2528 a
1206 2470 1310 2546 proelio
1334 2469 1372 2526 ad
1395 2481 1480 2553 preces

427 2578 505 2634 versi
535 2577 603 2634 hinc
627 2574 809 2647 dictatorem,
837 2577 905 2634 hinc
933 2577 1080 2634 consulem
1103 2595 1202 2647 orare,
1233 2580 1271 2634 ne
1292 2575 1323 2632 in
1347 2574 1480 2632 occidione

427 2681 578 2739 victoriam
606 2689 758 2754 ponerent,
790 2690 823 2738 ut
842 2682 968 2739 inermes
994 2701 1026 2739 se
1055 2683 1123 2741 iude
1152 2683 1233 2740 abire
1262 2677 1399 2738 sinerent.
1442 2675 1480 2734 Ab

377 2788 414 2842 10
427 2784 545 2843 consule
567 2785 605 2840 ad
620 2784 791 2842 dictatorem
805 2787 848 2844 ire
863 2787 949 2857 iussi;
970 2787 995 2844 is
1012 2787 1202 2862 ignominiam
1214 2787 1355 2844 »infensus
1371 2781 1481 2846 addida

428 2889 596 2949 Gracchum
624 2887 758 2946 cloelium
791 2891 894 2950 ducem
920 2891 1123 2968 principesque
1151 2892 1225 2949 alios
1252 2891 1367 2948 vinctos
1394 2890 1431 2946 ad
1458 2903 1481 2941 se
1515 2861 1516 2886 ¹

427 2995 532 3052 adduci
553 2995 647 3064 iubet,
669 2997 778 3070 oppido
808 2996 955 3055 Corbione
977 2997 1086 3054 decedi.
1140 2996 1296 3072 Sanguinis
1323 3013 1357 3052 se
1380 2997 1482 3068 AEquo·
1515 2973 1516 2988 ἶ

427 3119 491 3157 rum
513 3118 572 3157 uon
593 3119 693 3176 eger03
717 3101 805 3168 licere
827 3102 918 3172 abire,
941 3101 1001 3171 sed,
1025 3111 1057 3159 ut
1079 3081 1258 3177 exprimetur
1278 3100 1398 3158 tandem
1425 3115 1481 3156 eon·

427 3203 531 3277 fessio,
561 3207 712 3264 subactam
735 3187 933 3281 domitamque
966 3225 1029 3265 csse
1053 3214 1183 3282 gentem,
1213 3207 1267 3264 sub
1299 3206 1401 3281 iugum
1432 3201 1481 3262 abi·

379 3313 411 3372 ll
426 3317 517 3366 turos.
565 3312 674 3370 Tribus
695 3314 787 3370 hastis
807 3314 906 3388 iugum
931 3313 978 3384 fit,
1005 3313 1086 3370 humi
1112 3312 1179 3370 fixis
1207 3311 1321 3368 duabus
1351 3323 1481 3386 superque

427 3432 479 3471 eas
500 3423 668 3474 transversa
698 3437 756 3475 uua
779 3419 916 3493 deligata.
965 3417 1027 3478 Sub
1054 3418 1111 3476 hoc
1130 3418 1201 3492 iugo
1231 3416 1357 3474 dictator
1378 3417 1481 3489 AEquos

428 3519 515 3577 misit

332 3618 377 3689 29
511 3623 623 3682 Castris
654 3627 780 3685 hostium
811 3629 935 3704 receptis
967 3627 1060 3703 plenis
1096 3627 1223 3685 omnium
1255 3645 1352 3684 rernm
1390 3624 1480 3699 (nudos

429 3728 506 3786 enim
526 3729 685 3805 emiserat),
706 3733 836 3807 praedam
858 3751 972 3792 omnem
996 3749 1048 3789 suo
1070 3739 1182 3788 tantum
1205 3731 1288 3790 militi
1309 3731 1404 3800 dedit;
1425 3747 1480 3788 cou-

398 3833 554 3892 2sulurem
589 3837 746 3902 exercitum
778 3837 933 3913 ipsumque
966 3837 1113 3895 consulem
1143 3836 1297 3912 increpans
1332 3833 1478 3905 „Oarebis“

427 3939 522 4014 inquit
545 3941 669 4015 ,praedoe
694 3951 792 4018 parte,
821 3943 918 4012 miles,
946 3959 1040 4000 exeo
1067 3943 1166 4011 hoste,
1195 3941 1242 3999 cui
1268 3958 1362 4016 prope
1388 3937 1480 4016 prede

427 4043 517 4102 fuisti.
564 4047 605 4104 Et
624 4054 666 4118 tu,
688 4048 722 4110 L.
745 4049 870 4117 Minuci,
891 4049 983 4105 donoc
1005 4045 1186 4105 consularem
1214 4045 1344 4104 animum
1371 4044 1478 4121 incipiat

396 4151 551 4222 dhabere,
581 4151 695 4226 legatus
726 4152 772 4209 his
805 4153 967 4227 legionibus
1001 4151 1147 4228 proeeris.“
1207 4152 1256 4208 Ita
1289 4169 1320 4208 se
1350 4150 1480 4210 Minucius

428 4255 547 4314 abdicat
566 4256 720 4314 consulatu
749 4257 903 4331 iussusque
932 4258 969 4316 ad
994 4257 1151 4314 exercitum
1182 4265 1290 4314 manat.
1339 4254 1398 4315 Sed
1418 4254 1478 4312 adeo
