3392 5084
456 529 493 584 54
885 522 963 571 Liber
981 522 1001 570 1.

411 709 534 766 vertisse
569 706 753 782 superbiam,
797 715 826 762 et
863 704 1021 762 liberorum
1054 722 1170 780 quoque
1207 721 1271 759 eum
1310 701 1486 776 frequentiae

413 814 535 885 toedere,
564 819 611 882 ut,
642 831 730 887 quam
751 811 781 867 in
808 811 889 868 curia
910 809 1094 867 solitudinem
1115 808 1230 876 fecerit,
1261 808 1341 865 domi
1363 824 1486 881 quoque

412 917 518 988 iaciat,
546 936 583 974 ne
605 934 693 991 quam
715 916 851 991 stirpem,
883 934 920 971 us
946 932 1033 988 quem
1063 915 1198 972 heredem
1220 912 1303 989 regni
1323 911 1484 985 relinquat.

291 1088 294 1092 ,
383 1022 454 1081 ssa
476 1022 591 1098 quidem
612 1022 688 1079 inter
708 1022 768 1079 tela
798 1030 826 1077 et
848 1020 962 1096 gladios
989 1020 1081 1095 patris
1110 1020 1240 1093 elapsum
1264 1016 1335 1073 nihil
1357 1034 1483 1089 usquam

414 1129 470 1187 sibi
492 1137 584 1185 tutum
607 1127 663 1184 nisi
684 1126 762 1201 apud
784 1127 884 1183 hostes
907 1127 941 1183 L.
957 1125 1111 1199 Tarquinii
1133 1124 1299 1181 credidisse.
1343 1122 1422 1179 Nam
1446 1139 1489 1176 ne

415 1244 561 1302 errarent,
590 1250 709 1291 manere
730 1232 766 1288 iis
786 1230 910 1301 bellum,
937 1230 1016 1304 quod
1037 1229 1165 1305 positum
1187 1228 1351 1297 simuletur,
1380 1235 1408 1283 et
1430 1245 1485 1300 per

383 1339 598 1397 Soccasionem
620 1356 685 1393 oum
707 1336 1028 1393 incautosinvasurum.
1072 1334 1185 1409 Quodsi
1207 1332 1286 1409 apud
1308 1350 1358 1390 eos
1373 1331 1488 1406 suppli·

415 1442 497 1499 cibus
518 1444 599 1501 locus
620 1461 680 1500 nou
702 1441 749 1512 sit,
771 1449 988 1515 pererraturum
1004 1458 1035 1496 se
1051 1458 1136 1496 omne
1147 1439 1275 1509 Latium,
1297 1438 1485 1510 Volscosque

418 1544 479 1624 [se]
490 1548 557 1607 inde
568 1550 721 1620 etAEquos
732 1554 761 1601 et
767 1545 911 1601 Hernicos
922 1545 1088 1619 petiturum,
1110 1544 1202 1601 donec
1214 1544 1251 1601 ad
1262 1559 1313 1600 eos
1324 1541 1486 1616 perveniat,

419 1650 469 1725 qui
491 1670 510 1707 a
530 1660 646 1725 patrum
668 1649 831 1707 crudelibus
854 1658 942 1723 atque
968 1649 1064 1723 impiis
1086 1649 1233 1725 suppliciis
1253 1656 1353 1723 tegere
1377 1646 1487 1703 liberos

314 1811 316 1814 .
385 1755 520 1813 lisciant.
564 1755 702 1813 Forsitan
723 1756 811 1812 etiam
833 1754 947 1812 ardoris
970 1754 1079 1829 aliquid
1101 1753 1139 1811 ad
1161 1752 1268 1809 bellum
1292 1771 1433 1826 armaque
1455 1768 1486 1806 se

418 1859 559 1916 adversus
579 1859 818 1935 superbissimum
840 1878 939 1935 regem
958 1878 993 1916 ae
1008 1858 1217 1917 ferocissimum
1229 1858 1369 1934 populum
1383 1858 1488 1914 inven-

369 1967 545 2021 lOturnm.“
589 1964 703 2037 Quum,
733 1966 759 2021 si
779 1965 851 2022 nibil
872 1973 1068 2035 morarentur,
1090 1963 1220 2021 infensus
1242 1964 1286 2020 ira
1308 1982 1397 2067 pqrro
1418 1962 1486 2019 inde

420 2070 552 2127 abiturus
587 2070 749 2141 videretur,
784 2072 908 2146 benigne
946 2071 985 2127 ab
1013 2069 1137 2129 Gabinis
1175 2069 1327 2144 excipitur.
1376 2068 1486 2124 Vetant

419 2175 535 2246 mnam,
562 2177 596 2247 si,
618 2176 713 2251 qualis
736 2176 766 2233 in
787 2176 880 2244 cives,
907 2173 1002 2247 qualis
1021 2174 1051 2231 in
1074 2176 1179 2244 socios,
1206 2174 1272 2231 talis
1295 2175 1334 2231 ad
1355 2173 1488 2231 ultimum

370 2283 403 2337 ll
419 2281 449 2337 in
477 2281 585 2338 liberos
616 2290 707 2350 esset;
739 2281 769 2337 in
796 2300 829 2337 se
855 2280 950 2355 ipsum
983 2288 1131 2354 postremo
1161 2281 1344 2350 saeviturum,
1377 2278 1401 2335 si
1430 2278 1487 2333 alia

419 2386 522 2443 desint
575 2386 638 2445 Sibi
667 2406 738 2444 vero
759 2394 876 2460 gratum
903 2385 1060 2442 adventum
1091 2386 1152 2441 eius
1185 2403 1267 2453 esse,
1301 2384 1486 2456 futurumque

419 2491 537 2547 credere
558 2492 649 2562 brevi,
670 2492 773 2549 utillo
795 2491 953 2547 adiuvante
975 2490 1105 2565 a·portis
1129 2488 1253 2549 Gabinis
1276 2490 1331 2547 sub
1353 2490 1485 2546 Romana

321 2590 368 2658 54
419 2596 536 2652 moenia
556 2596 663 2653 bellurn
685 2594 887 2653 transferatur.
930 2595 1002 2651 lude
1021 2594 1051 2651 in
1073 2595 1194 2652 consilia
1215 2594 1332 2669 publica
1348 2591 1486 2649 adhiberi.

419 2701 481 2759 Ubi
502 2719 591 2774 quum
614 2702 650 2759 de
671 2700 736 2757 aliis
756 2700 843 2756 rebus
866 2698 1007 2755 assentire
1028 2717 1059 2757 se
1074 2700 1220 2757 veteribus
1232 2698 1358 2757 Gabinis
1373 2697 1487 2763 diceret,

420 2804 525 2879 quibus
552 2823 593 2860 ece
621 2806 749 2862 notiores
779 2811 889 2873 essent,
921 2803 984 2877 ipse
1011 2801 1166 2861 identidem
1194 2804 1263 2861 belli
1293 2812 1395 2861 auctor
1426 2818 1487 2858 esse

422 2909 502 2965 etin
523 2926 557 2965 eo
580 2908 635 2965 sibi
655 2909 831 2983 praecipuam
853 2908 1036 2983 prudentiam
1060 2926 1217 2980 assumere,
1239 2910 1318 2983 quod
1340 2908 1487 2979 utriusque

422 3014 524 3089 populi
561 3013 638 3070 vires
665 3023 765 3071 nosset
800 3014 960 3088 sciretque,
996 3013 1119 3071 invisam
1158 3015 1289 3091 profecto
1322 3011 1486 3089 superbiam

423 3120 533 3194 regiam
556 3119 667 3176 civibus
689 3138 767 3189 esse,
797 3096 886 3193 quarn
911 3118 988 3177 ferre
1016 3138 1052 3175 ne
1078 3120 1161 3177 liberi
1184 3122 1299 3195 quidem
1319 3118 1486 3195 potuissent

391 3225 471 3288 2Ita
493 3244 584 3300 quum
602 3225 707 3281 sensim
729 3224 766 3281 ad
783 3224 981 3281 rebellandum
998 3224 1140 3298 primores
1152 3226 1335 3283 Gabinorum
1347 3224 1488 3286 incitaret,

423 3330 487 3405 ipse
508 3349 574 3388 cum
599 3330 822 3405 promptissimis
848 3328 985 3387 iuvenum
1014 3328 1175 3403 praedatum
1197 3338 1285 3404 atque
1312 3330 1340 3387 in
1371 3326 1486 3403 expedi·

423 3435 517 3491 tiones
538 3435 601 3505 iret,
624 3443 662 3504 et,
683 3433 767 3490 dictis
789 3433 932 3509 factisque
954 3434 1086 3489 omnibus
1108 3433 1146 3488 ad
1159 3432 1317 3491 fallendum
1333 3431 1487 3495 instructis,

391 3548 502 3604 avana
517 3548 694 3596 accresceret
706 3539 787 3609 fides,
808 3539 868 3596 dux
881 3539 920 3595 ad
939 3539 1069 3596 ultimum
1086 3538 1153 3595 belli
1169 3539 1282 3613 legitur.
1327 3541 1373 3596 Ibi
1391 3558 1484 3615 quum,

423 3644 515 3701 inscia
535 3642 727 3717 multitudine,
756 3644 825 3720 quid
847 3653 992 3720 ageretur,
1020 3644 1132 3720 proelia
1153 3664 1247 3719 parva
1267 3646 1343 3701 iuter
1364 3648 1483 3703 Romam

424 3747 598 3825 Gabiosque
618 3752 728 3821 fierent,
751 3752 855 3826 quibus
876 3751 1046 3827 plerumque
1060 3748 1177 3808 Gabina
1198 3766 1245 3806 res
1260 3750 1392 3823 superior
1406 3758 1486 3815 essct,
1531 3772 1532 3823 p

425 3864 486 3912 tum
518 3854 648 3911 certatim
682 3855 788 3911 summi
818 3855 966 3929 infimique
995 3854 1179 3913 Gabinorum
1207 3853 1275 3911 Sex.
1298 3856 1482 3930 Tarquinium

362 4026 365 4031 .
393 3960 503 4026 (dono
532 3957 618 4015 deum
644 3959 700 4015 sibi
728 3958 847 4016 missum
874 3959 986 4017 ducam·
1004 3959 1128 4017 credere.
1172 3958 1263 4033 Apud
1293 3960 1399 4017 milites
1419 3976 1484 4017 vero
1531 3952 1532 3985 l

425 4063 560 4119 obeundo
570 4062 701 4137 pericula
723 4081 758 4120 ac
773 4063 889 4120 labores
902 4063 1020 4138 pariter,
1042 4063 1171 4137 praedam
1189 4063 1324 4122 munifice
1339 4062 1482 4139 largiendo

424 4176 507 4224 tanta
528 4166 651 4224 caritate
672 4186 752 4239 esso,
782 4178 815 4225 ut
838 4188 897 4227 non
918 4176 1002 4243 pater
1023 4168 1201 4241 Tarquinius
1222 4168 1369 4243 potentior
1391 4170 1486 4225 Romu
1531 4190 1532 4229 t

1531 4138 1532 4187 l

393 4285 512 4348 nquam
536 4273 612 4331 filins
634 4272 740 4331 Gabiis
761 4283 845 4330 esset.
888 4274 993 4347 Itaque
1019 4280 1176 4349 postquam
1204 4274 1275 4331 satis
1302 4273 1408 4331 virium
1431 4269 1483 4329 eol·

1531 4484 1532 4517 l
