3392 5084
483 498 516 556 ll
710 557 712 566 γ
772 492 850 543 Liber
866 490 913 541 vt
953 490 1037 557 (Am.
1048 507 1071 545 c.
1083 492 1158 557 869.)

435 678 537 741 t'urrnse
558 678 682 751 emissae,
712 679 782 736 dete
802 680 902 755 signo,
932 699 969 737 ne
994 679 1025 737 in
1051 678 1228 755 singulorum
1254 679 1395 736 morundo
1413 679 1477 736 oede

406 784 559 865 5spetium
591 789 629 845 ud
651 785 829 847 eredendum
857 785 971 843 interim
996 785 1171 844 multitudini
1190 785 1307 843 durent:
1337 786 1408 844 sutis
1426 798 1478 842 esse

438 892 592 950 missilibus
614 910 649 949 uc
670 901 780 951 terrore
805 892 939 968 impediri
963 910 1077 950 cursum
1110 892 1365 967 obequitandoque
1388 908 1478 965 agnen

391 1020 398 1041 ⁸
436 998 541 1069 teneri,
576 997 644 1055 dum
674 998 790 1073 assequi
820 997 910 1073 pedes
942 1007 971 1056 et
995 998 1073 1056 iustu
1101 998 1179 1055 cede
1207 999 1351 1056 conficere
1380 997 1478 1055 bostem

407 1101 544 1183 6posset.
587 1104 678 1179 Fuge
695 1103 891 1179 sequendique
911 1122 971 1160 non
992 1113 1059 1162 ente
1078 1113 1192 1163 noctem
1212 1102 1279 1161 finis
1294 1102 1357 1163 snit.
1399 1101 1480 1178 (lepte

436 1230 552 1289 quoqne
583 1228 618 1267 sc
645 1209 757 1285 direpte
788 1208 891 1267 eodem
923 1210 969 1267 die
1000 1218 1097 1269 cestre
1117 1210 1309 1280 Volscorum,
1339 1210 1480 1285 proedsqne

406 1315 422 1368 7
437 1317 529 1376 omnis
550 1326 654 1393 praeter
674 1316 767 1373 libers
787 1334 913 1392 corpore
925 1316 1008 1374 militi
1023 1334 1159 1376 concessa
1173 1324 1228 1378 est.
1270 1317 1350 1374 Pers
1368 1315 1481 1385 murino

425 1424 616 1508 ¹captivorum
638 1440 676 1478 ex
697 1421 809 1478 Latinis
831 1431 919 1497 etque
939 1424 1074 1481 Hernicis
1105 1421 1178 1495 init,
1211 1440 1267 1480 uec
1288 1423 1436 1480 bominum
1453 1422 1481 1476 ‹le

436 1531 529 1607 plebe,
547 1538 579 1587 ut
599 1527 677 1585 credi
697 1536 796 1603 posset
815 1530 946 1588 mercede
966 1530 1115 1599 militasse,
1136 1529 1187 1586 sed
1209 1529 1357 1605 principes
1379 1528 1481 1603 quidun

436 1634 591 1693 inventutis
612 1633 729 1704 inventi,
750 1634 905 1692 manifeste
925 1636 1006 1708 fides,
1027 1636 1150 1712 publice
1171 1654 1228 1712 ope
1249 1636 1378 1694 Volscos
1398 1636 1482 1692 hose

406 1738 559 1800 8sdiutos.
627 1736 831 1797 Circeiensium
872 1759 988 1816 quoque
1025 1742 1143 1817 quidum
1182 1742 1293 1817 cogniti
1335 1750 1366 1799 et
1402 1737 1482 1798 coloni

436 1868 455 1905 s
471 1846 604 1914 Velitris;
634 1847 817 1919 Romamque
839 1865 939 1903 omnes
961 1848 1042 1905 missi
1061 1849 1299 1924 percontantibus
1321 1846 1482 1924 primoribus

436 1962 550 2029 petrum
575 1951 686 2022 eedem,
709 1969 773 2026 quoe
794 1950 938 2024 dictatori,
962 1952 1152 2011 defectionem
1174 1954 1220 2011 sui
1241 1954 1368 2030 quisque
1388 1951 1483 2030 populi,

437 2059 516 2117 hund
537 2059 673 2134 perplexe
695 2057 869 2118 indicavere.

343 2156 383 2225 14
521 2166 657 2223 Dictator
687 2164 843 2223 exercitum
870 2166 901 2223 in
928 2164 1041 2224 stativis
1068 2167 1199 2237 tenebat,
1231 2167 1352 2223 minime
1384 2163 1483 2230 dubius

437 2272 544 2330 bellum
567 2290 631 2329 cum
662 2270 698 2327 iis
724 2271 840 2348 populis
872 2280 969 2347 putres
1000 2272 1144 2342 iussuros,
1177 2289 1266 2347 quum
1297 2272 1395 2330 msior
1419 2269 1484 2328 domi

437 2388 540 2437 exorte
561 2377 651 2436 moles
675 2377 770 2452 coegit
791 2377 878 2435 scciri
891 2381 1017 2437 Romam
1039 2397 1114 2450 eum,
1135 2379 1274 2455 gliscente
1293 2378 1326 2435 in
1346 2378 1411 2436 dies
1423 2376 1484 2435 sedi·
1515 2403 1516 2406 ¹

406 2482 531 2557 itione,
563 2502 651 2560 quam
677 2484 763 2543 solito
790 2484 884 2559 magis
905 2485 1088 2543 metuendum
1118 2495 1220 2545 unctor
1242 2484 1383 2546 faciebat.
1428 2484 1486 2542 Nou

438 2591 513 2649 enim
536 2590 762 2649 ium'orstiones
785 2591 936 2652 moduli.
959 2590 1077 2661 Manlii,
1105 2592 1157 2648 sed
1177 2589 1258 2648 fecte
1292 2590 1486 2667 populerisin

438 2695 572 2771 speciem,
593 2696 770 2753 tumultuose
793 2697 905 2767 eedem,
932 2715 991 2772 que
1011 2705 1107 2755 mente
1126 2697 1237 2765 fierent,
1258 2694 1384 2754 intuenti
1406 2704 1484 2754 erunt.
1514 2737 1516 2778 t

357 2856 359 2863 Α
408 2800 657 2871 icenturionem,
686 2802 812 2861 nobilem
846 2803 1017 2863 militaribus
1046 2802 1147 2872 luetis,
1181 2800 1343 2860 iudicatum
1371 2800 1485 2879 pecunie
1514 2785 1515 2788 Ἴ

440 2924 527 2983 quum
550 2908 615 2965 duci
637 2908 769 2980 vidisset,
801 2908 896 2967 medio
917 2908 983 2967 foro
1010 2928 1075 2967 cum
1101 2915 1220 2966 osterse
1247 2925 1302 2965 sus
1323 2910 1484 2968 occurrite
1513 2929 1514 2966 t

440 3030 556 3071 menum
577 3013 682 3086 iniecit,
702 3014 937 3090 vociferatusque
954 3015 991 3072 de
1001 3012 1138 3090 superbis
1147 3021 1263 3090 petrum
1279 3032 1315 3073 ec
1330 3016 1483 3073 emdebuo
1513 3024 1515 3071 t

392 3147 396 3154 ·
439 3118 634 3178 feneratorum
659 3128 688 3177 et
708 3119 829 3177 miseriis
850 3120 953 3195 plebis,
980 3120 1134 3181 virtutibus
1154 3120 1216 3176 eius
1236 3119 1292 3177 viri
1313 3118 1481 3193 fortuneque.

409 3224 538 3295 4„Tum
559 3242 629 3281 vero
651 3227 725 3301 ego“
748 3225 841 3300 inquit
875 3224 1085 3301 „nequicquam
1112 3226 1169 3283 bec
1196 3225 1301 3284 dextre
1321 3224 1484 3302 Cepitolinn

440 3348 593 3405 arcemque
614 3330 799 3401 servaverim,
832 3329 857 3387 si
879 3332 970 3391 civem
993 3331 1275 3406 commilitonemque
1296 3350 1403 3403 meum,
1431 3340 1485 3385 tsn-

440 3454 527 3511 qusm
553 3435 648 3494 Gallis
669 3434 826 3493 victoribus
848 3445 975 3513 ceptum,
996 3438 1027 3496 in
1048 3438 1214 3495 servitutem
1237 3454 1273 3495 uc
1294 3436 1411 3494 vinculo
1428 3432 1485 3491 dnu'

410 3540 582 3597 bvidesm.“
626 3540 779 3599 luderem
802 3542 938 3599 creditori
967 3542 1066 3618 pulum
1093 3543 1203 3620 populo
1230 3542 1336 3613 solvit,
1366 3542 1485 3616 libroque

440 3654 468 3702 et
491 3664 548 3703 aere
568 3645 721 3705 liberatum
743 3648 856 3719 emittit,
886 3648 958 3705 deos
981 3657 1069 3723 etque
1089 3649 1220 3706 homines
1242 3650 1443 3716 obtestantem,
1459 3652 1485 3701 ut
1510 3717 1511 3722 ἵ

440 3752 482 3809 Μ.
503 3751 628 3824 Manlio,
660 3751 809 3810 liberatori
829 3772 901 3826 sno,
929 3752 1043 3830 parenti
1069 3754 1162 3830 plebis
1183 3756 1343 3826 Romsnoe,
1374 3751 1485 3830 gretiam
1510 3745 1511 3794 l

410 3851 576 3919 brefersnt.
629 3858 774 3933 Acceptus
802 3859 948 3935 extemplo
968 3860 998 3917 iu
1018 3859 1225 3918 tumultuosum
1247 3862 1364 3918 turbem
1386 3860 1485 3933 etipse
1510 3864 1512 3918 l

441 3962 593 4020 tumultum
615 3965 749 4039 sugebat,
771 3964 919 4023 cicatrices
940 3973 1075 4041 soceptes
1091 3964 1217 4036 Veienti,
1238 3964 1357 4025 Gallico
1378 3966 1485 4038 eliisque

412 4068 428 4120 7
443 4067 575 4145 deinceps
597 4069 679 4127 bellis
695 4078 856 4127 ostentans:
878 4088 910 4129 se
923 4070 1103 4140 militantem,
1125 4088 1157 4129 se
1170 4069 1369 4129 restituentem
1383 4086 1484 4129 eversos
1509 4101 1510 4126 r

442 4182 576 4250 peustes,
608 4174 756 4250 multiplici
784 4175 843 4232 ism
870 4185 948 4234 sorte
977 4176 1126 4248 exsoluto,
1159 4176 1355 4253 mergentibus
1387 4194 1485 4252 sempor
1509 4164 1511 4200 ¹

356 4264 359 4271 Δ
442 4286 548 4336 sortem
576 4278 686 4351 usuris,
719 4280 854 4337 obrutum
883 4278 983 4347 fenore
1016 4298 1092 4352 esse;
1126 4282 1226 4340 videre
1253 4283 1363 4352 lucem,
1395 4282 1484 4341 iomm
1508 4225 1509 4314 1

1508 4435 1510 4482 l
