3392 5084
521 523 600 574 Liber
615 523 693 577 vm
726 521 915 586 (achate.)
1146 526 1202 581 105

197 705 244 762 sibi
264 723 328 764 essa
342 705 463 765 sciebat.
507 709 577 766 Duo
591 709 676 784 primi
689 707 742 784 pili
762 726 800 764 ex
820 716 943 782 utraque
958 707 1020 766 acia
1040 709 1115 766 inter
1131 697 1245 764 triarios
1262 708 1296 764 16

198 820 283 883 aaut,
312 814 467 871 Romanus
488 833 611 890 corpore
631 812 857 886 haudquaquam
879 812 949 869 satis
970 813 1098 884 validus,
1120 822 1246 870 ceterum

198 929 321 976 strenuus
344 920 392 975 vir
412 919 580 995 peritusque
601 919 724 989 militia,
755 917 876 975 Latinus
904 918 1012 976 viribus
1034 918 1134 994 ingens
1157 919 1296 977 bella-17

197 1033 289 1098 torque
310 1024 436 1099 primus,
465 1023 608 1082 notissimi
631 1026 705 1082 iuter
725 1043 773 1095 ne,
800 1023 869 1098 quia
890 1041 976 1099 pares
997 1042 1111 1098 semper
1132 1025 1247 1082 ordinas

197 1128 342 1188 duxerant.
400 1131 535 1188 Romano
570 1132 650 1188 haud
681 1130 751 1188 satis
784 1129 884 1187 fidenti
917 1127 1025 1186 viribus
1057 1130 1115 1186 iam
1146 1132 1298 1190 Romala

194 1235 362 1308 permissum
385 1245 449 1292 erat
475 1236 513 1292 ab
535 1209 716 1308 consulibus,
738 1245 771 1293 ut
797 1219 1043 1292 succenturiouem
1071 1235 1135 1301 sibi,
1162 1253 1219 1310 que
1292 1245 1293 1248 ’
1396 1295 1399 1302 ,

196 1340 280 1410 vellet,
313 1341 443 1415 legeret,
471 1342 522 1416 qui
553 1351 696 1399 tutaretur
725 1360 791 1398 eum
823 1341 862 1397 ab
891 1359 948 1396 uno
979 1340 1122 1398 destinato
1150 1343 1203 1399 hos
1228 1361 1256 1424 J·
1306 1325 1309 1328 ¹
1333 1321 1340 1326 ⁵
1373 1319 1375 1328 ,

195 1444 267 1519 isque
287 1447 407 1504 iuuenis
428 1447 458 1503 in
480 1448 542 1504 acie
569 1447 685 1505 oblatus
714 1465 752 1504 ex
777 1445 943 1504 centurione
965 1446 1069 1504 Latino
1097 1446 1200 1504 victori
1232 1441 1277 1530 ᾍ,
1383 1450 1385 1456 ’
1446 1493 1449 1498 .

195 1551 257 1611 tulit.
1261 1523 1290 1552 Ἀ
1368 1625 1370 1632 Α

266 1660 442 1732 Pugnatum
464 1666 509 1714 est
527 1658 607 1714 haud
628 1657 728 1732 procul
750 1656 894 1714 radicibus
912 1657 1035 1714 Vesuvii
1056 1658 1170 1728 montis,
1192 1659 1299 1732 quali)
1346 1631 1349 1644 ,
1376 1632 1444 1716 ζ’,
1519 1665 1522 1676 ’

195 1764 235 1820 via
254 1764 292 1820 ad
315 1764 457 1821 Veserim
482 1762 604 1820 ferebat.
647 1761 773 1819 Romani
794 1762 935 1832 consules,
956 1755 1126 1837 priusquam
1149 1763 1250 1820 educe·
1321 1759 1343 1826 9

194 1880 247 1926 reut
266 1870 298 1926 in
323 1870 436 1940 aciem,
468 1868 701 1927 immolaverunt.
746 1867 840 1926 Decio
860 1875 946 1942 caput
967 1867 1101 1925 iocineris
1127 1865 1250 1924 alami-

193 1973 248 2032 liari
268 1984 362 2050 parte
376 1993 481 2033 caesum
496 1977 643 2050 haruspex
664 1972 768 2030 dicitur
781 1973 954 2030 ostendisse:
978 1972 1087 2047 alioqui
1102 1984 1251 2048 acceptam

194 2081 230 2136 dis
260 2081 395 2138 hostiam
423 2096 502 2147 esse;
539 2077 682 2135 Manlium
716 2079 830 2153 egregie
863 2079 970 2136 litasse.
1033 2078 1145 2153 „Atqui
1178 2081 1250 2137 bene

193 2188 288 2244 babet“
314 2186 415 2260 inquit
435 2184 554 2254 Decius,
580 2184 624 2254 ,si
646 2185 683 2241 ab
704 2185 816 2260 collega
836 2185 949 2241 litatum
973 2187 1046 2242 ast.“
1089 2183 1280 2253 Instructis,2

194 2293 258 2348 sicut
278 2301 354 2349 ante
376 2291 485 2348 dictum
506 2299 558 2360 est,
580 2289 728 2346 ordinibus
749 2309 915 2364 processere
936 2289 966 2346 in
988 2290 1093 2359 acicm3
1123 2291 1250 2347 Manlius

194 2399 303 2467 dextro,
339 2398 453 2455 Decius
481 2397 555 2454 lavo
584 2414 673 2453 cornu
701 2407 834 2471 praerat.
881 2396 981 2453 Primo
1006 2395 1139 2470 utrinque
1159 2394 1280 2470 aequis3

182 2487 312 2575 ¹viribus,
348 2502 454 2559 eodem
481 2501 587 2558 ardore
613 2502 773 2558 animorum
805 2503 960 2576 gerebatur
989 2520 1048 2570 res,
1082 2502 1184 2558 deiude
1213 2503 1249 2560 ab

192 2607 256 2665 lavo
280 2628 379 2668 cornu
402 2608 509 2664 hastati
527 2606 668 2675 Romani,
699 2581 903 2665 non‘ferentes
931 2607 1147 2683 impressionem
1169 2607 1250 2664 Lati·

193 2731 297 2786 norum,
323 2733 361 2770 se
383 2713 421 2769 ad
443 2712 586 2787 principes
606 2711 764 2788 recepere'
795 2703 832 2770 In
853 2716 908 2770 bac
931 2713 1122 2790 trepidatione
1143 2713 1280 2771 Deciusl

194 2823 284 2877 consul
308 2822 357 2877 M.
379 2817 530 2874 Valerium
555 2835 662 2891 magua
683 2837 755 2876 voce
776 2819 921 2876 inclamat.
970 2821 1137 2890 ,Deorum“
1159 2819 1253 2893 inquit

195 2943 275 3000 ,ope,
298 2927 346 2983 M.
370 2923 483 2993 Valeri,
504 2942 577 2999 opus
602 2933 658 2993 est3
679 2924 827 2998 agedum,
851 2923 981 3000 pontifex
1002 2924 1132 2999 publicus
1153 2924 1252 3000 populi

193 3031 314 3089 Romani
349 3029 425 3106 praei
452 3031 557 3099 verba,
591 3005 695 3104 quibus
725 3049 770 3086 me
801 3049 855 3104 pro
876 3031 1038 3105 legionibus
1062 3030 1249 3090 devoveam.“

193 3137 330 3196 Pontifex
354 3154 421 3192 eum
442 3144 542 3208 togam
563 3128 733 3208 pratexmm
755 3153 867 3193 sumere
881 3136 964 3192 iussit
976 3145 1024 3206 et,
1038 3135 1134 3191 velato
1149 3135 1251 3208 capite,
1265 3133 1282 3186 5

193 3261 272 3300 manu
295 3244 405 3300 subter
425 3248 524 3314 togam
547 3239 584 3294 ad
603 3248 730 3296 mentum
745 3249 869 3315 ennena,
890 3260 977 3317 super
991 3241 1078 3297 telum
1093 3240 1250 3296 subiectum

193 3350 309 3421 pedibus
341 3355 469 3403 stantem
502 3345 543 3402 sic
574 3345 677 3402 dicere.
730 3346 835 3416 ,Iaue,
870 3347 1014 3422 Iuppiter,
1046 3346 1126 3401 Mars
1159 3345 1282 3420 pater,6
1374 3395 1377 3410 ,

194 3454 328 3526 Quirine,
359 3451 499 3521 Bellona,
527 3451 635 3519 Lares,
662 3450 722 3507 divi
741 3451 931 3521 Novensiles,
958 3453 987 3508 di
1008 3450 1162 3524 Indigetes,
1184 3450 1251 3520 divi,

194 3579 311 3632 quorum
338 3568 386 3616 est
407 3566 537 3632 potestas
558 3565 721 3614 nostrorum
742 3542 934 3631 hostiumque,
957 3557 1053 3630 diique
1069 3574 1177 3627 manes,
1199 3559 1280 3614 vost

193 3685 307 3740 precor,
342 3683 485 3732 veneror,
513 3662 628 3719 variam
657 3671 725 3736 peto
756 3681 881 3738 oroque,
913 3662 955 3720 uti
982 3662 1090 3738 populo
1119 3663 1253 3720 Romano
1337 3709 1341 3722 ,

194 3772 352 3844 Quiritium
379 3770 439 3825 vim
464 3767 673 3840 victoriamque
694 3769 869 3842 prosperetis
897 3769 1053 3842 hostesque
1073 3768 1174 3844 populi
1192 3769 1253 3825 Ro·

194 3880 266 3936 mani
287 3876 452 3952 Quiritium
481 3883 600 3942 terrore,
631 3871 783 3930 formidine
809 3882 959 3949 morteque
988 3873 1130 3934 afficiatis.
1174 3871 1283 3931 sicma

194 3986 285 4043 verbis
311 3981 493 4056 nuncupavi,
513 3979 557 4036 ita
576 3997 629 4053 pro
650 3997 683 4036 re
705 3979 822 4054 publica
837 3983 939 4055 populi
950 3982 1070 4038 Romani
1090 3978 1253 4052 Quiritium,

194 4091 332 4160 exercitu,
355 4085 528 4161 legionibus,
553 4085 667 4142 auxiliis
687 4086 788 4160 populi
801 4087 926 4144 Romani
941 4086 1103 4159 Quiritium,
1125 4085 1252 4160 legiones

194 4197 364 4270 auxiliaque
384 4191 512 4248 hostium
535 4208 645 4246 mecum
668 4190 728 4246 deis
750 4191 882 4248 manibus
905 4189 1073 4264 Tellurique
1093 4192 1250 4249 devoveo.“

196 4300 263 4360 Hac
284 4295 622 4375 imprecantationes
642 4295 686 4352 ire
706 4294 744 4350 ad
765 4295 803 4353 Τ.
823 4295 965 4354 Manlium
985 4295 1065 4353 iubet
1085 4298 1283 4370 matureque9
