3392 5084
491 543 548 599 134
679 523 683 530 “
763 538 841 588 Liber
859 537 935 586 vm.
972 538 1089 600 (aaa
1103 541 1175 594 tas.)

442 723 593 799 libertatis,
615 733 701 779 antea
721 723 751 779 in
774 724 887 779 duobus
915 721 1013 779 liberis
1035 720 1154 790 iecissc;
1182 739 1257 777 nunc
1281 729 1372 794 patres
1394 677 1481 772 tombs

444 840 473 886 et
495 847 577 886 senes
597 826 709 898 faciles,
730 824 795 904 [de]
819 827 913 884 alieno
934 828 1055 903 imperio
1080 836 1188 902 spreto,
1209 834 1344 900 tanquam
1363 823 1405 880 rei
1424 841 1483 896 par·

414 940 497 1006 4vae,
520 934 677 1009 disciplinae
703 933 834 990 militaris
864 952 972 990 eversa
1000 933 1141 992 iuventuti
1163 932 1286 1007 gratiam
1309 930 1409 987 iacere.
1453 927 1485 984 Se

444 1051 542 1100 tamen
568 1050 761 1116 perstaturum
787 1039 817 1095 in
847 1038 962 1114 incepto
991 1058 1044 1096 neo
1073 1041 1115 1110 ei,
1148 1039 1196 1112 qui
1227 1038 1361 1094 adversus
1390 1035 1485 1090 dietum

445 1167 528 1204 suum
549 1145 673 1203 turbatis
694 1144 880 1219 religionibus
905 1165 939 1203 ac
961 1145 1054 1202 dubiis
1077 1145 1213 1219 auspiciis
1233 1152 1396 1218 pugnasset,
1419 1141 1487 1213 quic-

414 1262 533 1329 5quam
556 1272 594 1310 ex
613 1253 690 1309 iuste
709 1269 797 1324 poena
817 1251 1013 1308 remissurum.
1059 1251 1199 1308 Maiestas
1217 1249 1329 1324 imperii
1345 1259 1487 1322 perpetua·

444 1379 481 1416 ne
504 1368 592 1428 esset,
619 1376 677 1414 non
708 1374 771 1412 esse
791 1355 821 1412 in
848 1374 903 1412 sua
924 1365 1080 1431 potestate;
1110 1357 1145 1417 L.
1168 1356 1319 1431 Papirium
1340 1353 1409 1410 nihil
1439 1352 1489 1406 eins

415 1466 672 1532 6deminuturum3
696 1473 813 1537 optare,
838 1440 878 1518 *ns
902 1470 1031 1535 potestas
1058 1461 1227 1531 tribunicia,
1258 1460 1398 1517 inviolata
1427 1457 1489 1531 ipsa,
1524 1455 1525 1506 l

445 1571 535 1627 violet
556 1567 759 1626 intercessione
786 1586 841 1624 sua
863 1569 1027 1625 Romanum
1049 1567 1215 1642 imperium,
1244 1586 1301 1623 neu
1329 1565 1450 1640 populus
1467 1563 1489 1618 in
1524 1581 1525 1614 3

416 1686 478 1739 7se
502 1675 683 1750 potissimum
716 1673 858 1731 dictatore
888 1675 933 1730 ius
957 1673 1106 1730 dictaturae
1139 1673 1313 1746 exstinguat.
1367 1670 1450 1743 Quod
1473 1669 1491 1722 si
1524 1687 1525 1720 3

446 1781 575 1848 fecisset,
604 1798 662 1837 non
690 1781 723 1836 L.
742 1779 909 1855 Papirium,
943 1779 993 1836 sed
1016 1779 1161 1847 tribunos,
1189 1779 1240 1834 sed
1263 1796 1388 1852 pravum
1406 1774 1491 1850 populi

446 1885 581 1943 iudicium
602 1887 794 1959 nequicquam
819 1897 952 1960 posteros
975 1893 1171 1950 accusaturos,
1196 1901 1295 1957 quum,
1323 1883 1435 1957 polluta
1456 1899 1492 1936 se-
1524 1929 1525 1933 ,

447 1992 503 2048 mel
525 1991 642 2047 militari
663 1991 822 2065 disciplina,
844 2011 902 2048 non
925 1992 1006 2048 miles
1023 1991 1206 2059 centurionis,
1227 2008 1286 2046 non
1305 1989 1434 2045 centurio
1453 1987 1493 2042 tri·

447 2098 525 2166 bani,
547 2117 605 2154 non
627 2097 757 2154 tribunus
778 2097 881 2171 legati,
911 2117 968 2153 non
990 2097 1101 2171 legatus
1124 2096 1266 2166 consulis,
1289 2079 1352 2151 non*
1369 2094 1495 2167 magister
1524 2139 1525 2144 ,

415 2204 574 2278 8equitum
598 2202 746 2259 dictatoris
767 2212 870 2278 pareat
890 2202 1021 2277 imperio,
1043 2221 1128 2258 nemo
1149 2202 1308 2270 bominum,
1330 2220 1417 2257 nemo
1440 2201 1494 2254 deo-
1524 2247 1525 2252 ,

445 2329 510 2366 rum
539 2309 742 2366 verecundiam
763 2311 885 2376 habeat,
913 2327 971 2364 non
998 2308 1093 2364 edicta
1118 2308 1341 2382 imperatorum,
1371 2326 1432 2363 non
1456 2324 1494 2360 au·
1513 2316 1525 2395 p

416 2415 538 2490 9spicia
562 2415 760 2485 observentur,
784 2417 846 2473 sine
869 2424 1031 2472 commeatu
1053 2413 1122 2489 vagi
1143 2414 1247 2470 milites
1269 2413 1299 2470 in
1329 2423 1452 2488 pacato,
1474 2411 1519 2464 in¹

446 2520 557 2578 hostico
581 2532 690 2592 errent,
719 2523 902 2578 immemores
931 2519 1104 2577 sacramenti
1129 2519 1246 2576 lieentia
1276 2520 1341 2576 sola
1373 2539 1424 2588 se,
1457 2515 1499 2572 ubi
1522 2537 1525 2572 l

398 2639 433 2692 10
447 2627 544 2695 velint,
571 2636 773 2697 exauctorent,
799 2626 993 2702 infrequentia
1014 2627 1182 2682 deserantur
1209 2626 1294 2700 signa
1324 2645 1421 2699 neque
1441 2642 1499 2680 con·
1524 2643 1525 2678 l

446 2734 579 2794 veniatur
598 2733 635 2788 ad
665 2733 804 2802 edictum,
835 2749 888 2789 nec
919 2731 1111 2802 discernatur,
1139 2732 1264 2790 interdiu
1293 2740 1396 2796 nocte,
1427 2746 1499 2802 aeqno
1524 2751 1525 2786 l

445 2839 545 2914 iniquo
567 2838 647 2907 loco,
674 2841 750 2894 iussu
770 2839 880 2896 iniussu
901 2837 1084 2913 imperatoris
1106 2844 1248 2913 pugnent,
1278 2850 1308 2894 et
1336 2857 1396 2893 non
1419 2837 1500 2910 signa
1524 2855 1525 2890 l

446 2964 504 3000 non
534 2944 649 3001 ordines
679 2953 810 3014 servent,
843 2943 988 3000 latrocinii
1015 2945 1102 3000 modo
1135 2963 1212 3000 caeca
1244 2953 1273 3000 st
1305 2943 1429 3000 fortuita
1456 2961 1500 3017 pro
1524 2961 1525 2996 l

398 3057 429 3110 ll
447 3050 580 3108 sollemni
610 3060 639 3106 et
661 3059 777 3106 sacrata
798 3050 908 3106 militia'
931 3050 977 3108 sit.
1024 3050 1157 3118 „Horum
1186 3049 1339 3106 cuminum
1367 3068 1424 3106 vos
1446 3065 1500 3104 reos
1524 3069 1525 3102 l

446 3157 476 3213 in
498 3157 596 3213 omnia
617 3156 723 3212 saecula
746 3153 864 3225 offerte,
884 3155 990 3212 tribuni
1011 3155 1103 3230 plebi,
1133 3165 1231 3212 vestra
1254 3156 1386 3212 obnoxia
1416 3157 1500 3230 capita
1524 3175 1525 3208 l

349 3259 396 3329 35
447 3282 501 3338 pro
522 3263 638 3320 licentia
659 3260 695 3334 Q.
717 3261 803 3318 Fabii
829 3230 971 3320 obiicite.“
1020 3261 1174 3337 Stupentes
1203 3262 1336 3318 tribunos
1366 3271 1398 3318 et
1429 3280 1499 3317 snam
1524 3281 1525 3314 l

445 3368 505 3424 iam
522 3369 615 3425 vicem
637 3367 730 3442 magis
752 3367 855 3423 anxios
877 3385 964 3441 quam
988 3367 1062 3437 eius,
1085 3368 1130 3425 cui
1152 3367 1291 3424 auxilium
1315 3369 1354 3424 ab
1377 3387 1411 3425 se
1432 3379 1499 3443 pete·
1524 3387 1525 3420 l

447 3474 541 3543 batur,
561 3474 696 3530 liberavit
716 3492 804 3530 onere
825 3491 981 3531 consensus
1002 3474 1102 3549 populi
1125 3473 1260 3541 Romani,
1289 3473 1327 3528 ad
1358 3481 1499 3548 preesset

448 3580 668 3636 obtestationem
690 3598 801 3650 versus,
824 3587 856 3636 ut
877 3580 932 3636 sibi
946 3599 1062 3655 poenem
1078 3579 1208 3655 magistri
1230 3578 1361 3653 equitum
1386 3580 1501 3636 dictator
1524 3597 1525 3634 l

327 3673 333 3682 ⁵
415 3683 627 3743 2remitteret.'
660 3685 783 3743 Tribuni
816 3705 932 3760 quoque
963 3686 1130 3743 inclinatam
1160 3704 1220 3742 rem
1249 3684 1280 3739 in
1310 3701 1416 3758 preces
1444 3685 1500 3740 sub·
1524 3705 1525 3742 l

447 3791 537 3847 secuti
568 3809 653 3847 orare
682 3790 851 3847 dictatorem
873 3792 1022 3862 insistunt,
1054 3800 1085 3847 ut
1112 3791 1226 3848 veniam
1256 3791 1350 3846 errori
1373 3792 1498 3848 humano,
1524 3793 1525 3846 l

446 3897 561 3953 veniam
584 3876 784 3954 adolescentia
813 3897 849 3970 Q.
872 3897 957 3954 Fabii
980 3898 1076 3966 daret3
1103 3897 1173 3953 satis
1196 3913 1260 3952 eum
1283 3914 1439 3970 poenarum
1460 3895 1498 3948 de
1524 3917 1525 3952 l

417 4006 433 4058 :t
447 4003 532 4060 disse.
579 4004 642 4059 Iam
666 4003 729 4077 ipse
750 4003 928 4072 adolescens,
949 4003 1007 4059 iam
1023 4013 1107 4077 pater
1129 4003 1169 4058 M.
1183 4001 1294 4058 Fabius
1316 3999 1497 4058 contentionis
1524 4011 1525 4060 l

416 4109 529 4167 tobliti
549 4109 739 4184 procumbere
753 4109 791 4164 ad
806 4127 901 4183 genua
916 4117 945 4164 et
965 4109 1038 4165 iram
1055 4107 1205 4184 deprecari
1225 4107 1389 4166 dictatoris.
1434 4107 1495 4163 Tun

445 4215 578 4279 dictator,
599 4213 712 4270 silentio
734 4213 822 4284 facto,
846 4212 945 4283 „Bene
967 4215 1073 4272 habet“
1098 4214 1199 4289 inquit,
1223 4212 1384 4286 „Quirites
1434 4209 1494 4268 Vicit

445 4320 596 4395 disciplina
617 4318 758 4388 militaris,
779 4319 849 4375 vicit
866 4319 979 4394 imperii
1008 4319 1159 4390 maiestas,
1189 4337 1253 4392 qna
1282 4318 1312 4374 in
1343 4318 1494 4377 discrimine
