3392 5084
474 491 529 547 142
763 489 842 538 Liber
859 489 905 539 nr.
934 473 1136 554 (atalae.)

429 674 500 730 eatis
522 674 594 740 sint;
624 692 747 747 quorum
767 675 906 731 saevitiam
929 695 986 732 non
1009 695 1086 732 mors
1109 676 1272 745 noxiorum,
1293 692 1346 730 non
1367 673 1461 730 deditio

430 778 659 836 exanimatorum
687 798 857 855 corporum,
888 800 946 838 non
978 784 1055 838 bona
1090 781 1240 855 sequentia
1267 780 1368 836 demini
1392 780 1463 836 dedi-

428 885 535 940 tionem
569 886 724 955 exsatient,
764 887 890 976 placari'
907 898 1067 963 nequeant,
1102 887 1158 944 nisi
1193 886 1376 944 hauriendum
1405 903 1464 940 san-

379 998 415 1051 10
428 990 542 1066 guinem
564 989 758 1066 laniandaque
780 993 893 1050 viscera
923 1003 1022 1051 nostra
1052 995 1268 1069 praebuerimus.
1309 993 1410 1049 Iustam
1429 999 1466 1046 est

428 1095 544 1166 bellum,
566 1096 727 1167 Samnites,
759 1098 862 1172 quibus
889 1099 1096 1169 necessarium,
1126 1108 1155 1156 et
1174 1099 1233 1174 pia
1254 1117 1352 1167 arma,
1378 1097 1466 1171 quibas

381 1211 413 1264 ll
429 1202 508 1259 nulla
540 1203 595 1259 nisi
623 1203 653 1259 in
682 1204 769 1260 armis
790 1204 961 1279 relinquitur
980 1225 1056 1281 spes.
1098 1205 1242 1276 Proinde,
1274 1224 1359 1279 quum
1385 1221 1467 1260 rerum

429 1310 619 1366 humanarum
653 1310 809 1365 maximum
843 1320 1017 1369 momentum
1048 1312 1101 1381 sit,
1132 1330 1220 1386 quam
1252 1311 1382 1386 propitiis
1408 1328 1469 1377 rem,

430 1433 517 1489 quam
540 1416 670 1474 adversis
691 1423 780 1489 agant
801 1415 864 1486 diis,
892 1436 946 1491 pro
968 1427 1045 1475 certo
1067 1419 1182 1487 habete,
1211 1418 1312 1493 priora
1339 1417 1408 1474 balla
1427 1415 1469 1470 ad·

429 1539 530 1578 versus
559 1522 630 1594 deos
650 1522 743 1596 magis
767 1541 854 1596 quam
877 1522 1008 1579 homines
1029 1525 1169 1598 gessisse,
1200 1526 1265 1595 hoc,
1288 1523 1368 1598 quod
1388 1523 1471 1588 instat,

430 1628 550 1686 ducibus
570 1628 642 1702 ipsis
663 1627 717 1683 diis
738 1631 899 1702 gestur0a“
944 1627 1016 1684 Haec
1036 1647 1094 1684 non
1116 1629 1183 1684 laeta
1205 1630 1299 1706 magis
1316 1645 1471 1704 quamvera

429 1732 612 1801 vaticinatus,
634 1733 761 1789 exercitu
783 1733 896 1804 educto,
912 1733 989 1790 eirca
1001 1732 1142 1791 Caudium
1159 1747 1264 1805 castra,
1288 1755 1375 1810 quam
1392 1743 1472 1809 potest

399 1837 632 1906 2occultissime,
659 1838 744 1895 locat.
791 1837 919 1894 Indead
942 1836 1093 1908 Calatiam,
1121 1841 1171 1896 ubi
1193 1840 1250 1896 iam
1275 1841 1404 1897 consules
1423 1841 1471 1896 Ro·

429 1962 532 2000 manos
553 1955 706 2018 castraque
727 1961 790 2001 esse
810 1943 955 2014 audiebat,
977 1944 1080 2001 milites
1102 1946 1199 2002 decem
1223 1958 1374 2020 pastorum
1388 1945 1472 2002 babitu

430 2048 524 2118 mittit,
552 2067 717 2124 pecoraque
738 2051 879 2118 diversos,
909 2050 996 2107 alium
1020 2050 1097 2120 alibi,
1125 2053 1204 2108 haud
1226 2052 1329 2126 procul
1350 2051 1473 2110 Romanis

399 2162 549 2229 3pascere
570 2155 649 2211 iubet
668 2157 826 2232 praesidiis3
857 2157 906 2213 ubi
927 2157 1077 2214 inciderint
1097 2157 1127 2213 in
1149 2158 1338 2232 praedatores,
1361 2167 1392 2214 nt
1411 2157 1472 2213 idem

430 2262 563 2317 omnibus
593 2279 688 2318 sermo
715 2270 839 2331 constet,
867 2261 995 2336 legiones
1024 2263 1195 2321 Samnitium
1223 2265 1253 2320 in
1276 2263 1387 2338 Apulia
1417 2279 1474 2324 esse,

430 2366 583 2422 Luceriam
616 2368 749 2424 amnibus
782 2368 873 2443 copiis
907 2367 1129 2438 circumsedere,
1164 2387 1217 2426 nec
1244 2370 1348 2444 procul
1381 2371 1475 2432 abesse,

399 2472 500 2545 ‹tquin
520 2472 549 2528 vi
571 2474 696 2547 capiant.
739 2474 802 2530 Iam
824 2474 849 2530 is
874 2471 930 2550 [et]
951 2491 1053 2531 rumor
1068 2485 1134 2540 ante
1149 2475 1184 2531 de
1198 2476 1342 2533 industria
1355 2475 1475 2549 vulgatus

430 2587 550 2634 venerat
571 2579 609 2635 ad
629 2580 796 2651 Romanos,
829 2579 880 2636 sed
902 2579 987 2635 fidem
1010 2598 1117 2637 auxere
1139 2582 1261 2656 captivi,
1296 2601 1331 2639 eo
1354 2580 1476 2646 maxime,

401 2684 509 2758 5qu0d
538 2703 634 2740 sermo
665 2685 739 2742 inter
778 2705 877 2742 omnes
911 2686 1097 2760 congruebat.
1154 2687 1243 2743 Haud
1273 2696 1339 2744 erat
1364 2687 1477 2750 dubium,

432 2792 500 2865 quin
514 2791 663 2848 Lucerinis
688 2810 773 2867 opem
788 2794 938 2850 Romanus
960 2791 1057 2861 ferret,
1079 2791 1163 2848 bonis
1185 2810 1220 2848 ac
1240 2792 1374 2850 fidelibus
1395 2791 1477 2860 sociis,

431 2895 575 2952 simulne
600 2899 710 2972 Apulia
731 2899 824 2956 omnis
844 2899 882 2955 ad
913 2907 1081 2972 praesentem
1110 2907 1251 2954 terrorem
1273 2899 1419 2964 deficeret,
1451 2913 1478 2950 ea

401 3001 529 3072 6modo,
553 3021 611 3075 qua
632 3003 715 3073 irent,
739 3004 911 3062 consultatio
932 3003 996 3062 fuit.
1038 3005 1114 3061 Duae
1139 3005 1176 3060 ad
1191 3005 1347 3062 Luceriam
1362 3004 1478 3062 ferebant

431 3108 500 3171 vias,
529 3108 623 3165 altera
642 3119 748 3183 praeter
768 3122 850 3167 oram
873 3111 970 3186 superi
992 3111 1089 3180 maris,
1118 3120 1221 3184 patens
1244 3096 1417 3186 apertaque,
1437 3105 1477 3164 sed

433 3225 541 3290 quanto
563 3215 661 3285 tutior,
683 3225 765 3272 tanto
782 3215 843 3274 fere
858 3216 982 3291 longior,
1005 3216 1096 3272 altera
1111 3237 1164 3291 per
1176 3217 1320 3275 Furculas
1335 3217 1477 3276 Caudinas,

402 3323 561 3391 lbrevior;
595 3322 645 3378 sed
675 3322 717 3379 ita
738 3331 824 3378 natus
858 3321 939 3379 loeus
970 3331 1028 3379 est:
1067 3323 1166 3382 Saltus
1191 3324 1249 3380 duo
1283 3323 1350 3393 alti,
1378 3318 1477 3396 angusti

432 3427 589 3500 silvosique
621 3438 702 3499 aunt,
739 3428 884 3485 montibus
921 3429 998 3485 cirea
1035 3429 1180 3503 perpetuis
1218 3429 1294 3485 inter
1327 3447 1357 3484 se
1393 3423 1477 3483 innati

432 3533 514 3588 lacet
534 3533 610 3589 inter
623 3552 673 3590 eos
695 3534 766 3590 satis
787 3543 889 3608 patens
912 3535 1026 3595 clausus
1047 3535 1076 3590 in
1099 3534 1194 3591 medio
1216 3553 1338 3609 campus
1357 3531 1477 3591 herbidus

403 3641 633 3717 8aqnosnsque,
658 3659 711 3715 per
731 3658 815 3713 quem
838 3640 963 3697 medium
983 3639 1037 3696 iter
1059 3649 1115 3710 est,
1143 3642 1193 3697 sed
1216 3650 1371 3716 antequam
1392 3637 1477 3695 venias

433 3745 470 3802 ad
495 3763 569 3815 eum,
591 3746 732 3802 intrandae
754 3746 856 3820 primae
878 3745 1017 3820 angustiae
1038 3754 1105 3802 sunt
1126 3755 1154 3802 et
1176 3756 1227 3802 aut
1248 3746 1361 3816 eadem,
1384 3751 1476 3819 quate

432 3850 632 3918 insinuaveris,
656 3860 734 3908 retro
756 3851 806 3908 via
825 3853 984 3927 repetenda
1005 3860 1064 3922 aut,
1086 3851 1111 3908 si
1131 3851 1173 3908 ire
1194 3871 1284 3927 porro
1305 3869 1418 3928 pergas,
1436 3865 1476 3924 per

402 3957 520 4014 delium
542 3958 647 4014 saltum
676 3957 812 4014 artiorem
836 3958 1105 4033 impeditioremque
1131 3958 1323 4015 evadendam.
1371 3959 1406 4016 In
1425 3971 1475 4012 enm

435 4084 569 4140 campum
591 4065 641 4121 via
664 4064 722 4121 alia
743 4083 796 4139 per
822 4082 925 4122 cavam
954 4083 1055 4140 rupem
1077 4063 1203 4122 Romani
1233 4064 1358 4122 demisso
1380 4061 1474 4139 agmine

435 4189 522 4244 quum
553 4171 590 4227 ad
617 4171 690 4227 alias
718 4169 867 4244 angustias
893 4171 1024 4246 protinus
1054 4177 1224 4246 pergerent,
1254 4179 1360 4246 saeptas
1384 4169 1475 4226 deiectu

435 4278 573 4333 arborum
608 4294 805 4351 saxorumque
844 4275 1001 4350 ingentium
1042 4276 1193 4333 obiacente
1235 4275 1312 4332 mole
1351 4276 1473 4333 invenere.
