3392 5084
457 460 495 515 40
701 452 785 503 'Liber
802 454 849 503 VI.
886 452 933 517 (A.
947 468 973 501 u.
984 468 1006 503 c.
1017 454 1177 511 att-³86.)

414 660 478 699 eam
500 658 563 697 esse
585 657 681 697 arcam
702 638 855 708 libertatis,
876 637 907 696 id
930 637 1074 695 columen.
1127 636 1161 697 Si
1181 656 1217 695 eo
1237 647 1401 713 perventum
1419 641 1454 698 si.

412 755 473 803 tum
495 744 634 821 populum
657 747 823 803 Romanum
850 763 920 801 vere
947 751 1068 800 exactos
1097 763 1135 801 ex
1161 744 1233 801 urbe
1260 763 1342 820 reges
1362 754 1390 802 et
1408 756 1454 802 sta·

365 855 398 910 ll
413 851 500 909 bilem
523 851 685 909 libertatem
709 869 793 909 suam
822 847 1072 920 existimaturum
1109 850 1217 927 quippe
1243 869 1282 907 ex
1307 850 1356 907 illa
1375 850 1456 907 diein

413 959 526 1037 plebem
554 966 677 1015 ventura
710 956 822 1027 omnia,
857 955 962 1031 quibus
987 955 1103 1031 patricii
1135 956 1294 1024 excellant,
1323 956 1456 1032 impen'um

339 1074 342 1079 ’
414 1071 501 1137 atque
522 1063 673 1136 honorem,
696 1064 819 1141 gloriam
842 1063 920 1132 belli,
941 1081 1041 1137 genus,
1066 1062 1257 1132 nobilitatem,
1278 1082 1384 1139 magua
1396 1062 1457 1137 ipsis
1509 1109 1511 1140 ,

366 1170 401 1248 112
413 1166 545 1237 fruenda,
568 1169 681 1227 maiora
709 1169 807 1227 liberis
831 1168 1031 1244 relinquenda.
1074 1169 1171 1225 Huius
1192 1168 1308 1244 generis
1332 1168 1457 1226 oraioues

414 1274 463 1332 ubi
486 1273 578 1350 accipi
599 1275 708 1347 videre,
729 1294 836 1334 novam
850 1273 1032 1351 rogationem
1047 1275 1243 1350 promulgant,
1264 1285 1299 1332 ut
1309 1294 1363 1351 pro
1374 1275 1457 1331 :lunu-

414 1380 484 1438 viris
521 1379 611 1438 sacris
650 1368 792 1442 faciundis
826 1380 984 1439 decemviri
1015 1388 1161 1451 creentur,
1196 1381 1240 1438 ita
1274 1391 1308 1438 ut
1337 1399 1402 1458 pars
1431 1400 1459 1436 ex
1509 1453 1511 1458 Ι

413 1487 513 1563 plebe,
545 1506 614 1563 pars
646 1508 683 1547 ex
706 1488 838 1565 patribus
866 1488 931 1556 fiat;
967 1486 1152 1561 omniumque
1174 1506 1277 1545 carum
1295 1487 1460 1565 roffltiunum

415 1593 532 1652 comitia
564 1593 593 1649 in
624 1595 779 1652 adventum
813 1593 874 1651 eius
907 1592 1049 1651 exercitus
1081 1591 1235 1665 differunt,
1268 1594 1320 1669 qui
1348 1594 1462 1650 Velitras

416 1699 576 1761 obsidebat.

319 1786 367 1855 38
497 1803 584 1862 Prius
609 1780 800 1865 circumactus
834 1814 879 1863 est
906 1823 1014 1874 annus,
1048 1824 1135 1879 quam
1164 1824 1182 1861 a
1211 1804 1332 1863 Velitris
1359 1805 1464 1863 reduce

413 1918 512 1969 rentur
532 1911 675 1987 legiones3
699 1912 740 1969 ita
762 1930 905 1988 suspensa
927 1910 964 1968 de
984 1911 1096 1985 legibus
1117 1928 1164 1967 res
1186 1911 1223 1967 ad
1238 1930 1333 1969 noros
1347 1911 1463 1968 tribunos

414 2018 536 2075 militum
558 2018 666 2089 dilata;
687 2038 756 2076 nam
778 2016 871 2095 plebis
894 2017 1024 2074 tribunos
1047 2017 1173 2082 eosdem,
1195 2018 1271 2075 duos
1289 2018 1399 2091 utique,
1425 2014 1466 2089 qui

385 2109 509 2199 2legunt
531 2123 639 2181 latores
661 2132 752 2190 erant,
778 2123 880 2199 plebes
901 2122 1058 2180 reficiebat.
1098 2123 1222 2180 Tribuni
1244 2122 1367 2181 militum
1389 2122 1465 2181 creati

238 2188 403 2312 2332}
416 2230 452 2287 T.
474 2230 641 2303 Quinctius,
679 2232 741 2291 Ser.
770 2228 938 2299 Cornelius,
972 2226 1034 2286 Ser.
1062 2227 1220 2303 Sulpicius,
1254 2226 1307 2302 Sp.
1330 2202 1466 2294 Servilius,
1509 2299 1511 2302 Ι

386 2334 451 2393 aL.
473 2336 619 2412 Papirius,
640 2338 678 2395 L.
700 2336 848 2395 Veturius.
895 2332 1044 2408 Principio
1066 2332 1162 2389 statim
1186 2333 1254 2390 anni
1281 2334 1321 2391 ad
1347 2334 1466 2391 ultimam
1509 2401 1511 2406 ι

416 2443 629 2500 dimicationem
653 2442 689 2499 de
711 2442 823 2517 legibus
845 2448 979 2507 ventum3
1013 2447 1041 2494 et
1070 2457 1157 2513 quum
1184 2438 1276 2495 tribus
1304 2448 1467 2496 vocarentur

416 2566 468 2605 nec
498 2548 666 2607 intercessio
701 2548 879 2623 collegarum
910 2544 1051 2601 latoribus
1077 2519 1220 2614 obstaret,
1253 2544 1362 2619 trepidi
1381 2554 1466 2620 patres

417 2654 456 2710 ad
481 2654 539 2710 duo
571 2653 672 2712 ultima
706 2652 829 2721 auxilia,
862 2670 1006 2708 summum
1033 2650 1183 2733 imperium
1212 2669 1415 2726 summumque
1436 2647 1467 2705 ad

386 2756 519 2826 loivom,
541 2759 705 2823 decurrunt,
751 2760 932 2817 Dictatorcm
964 2756 1021 2813 dici
1040 2756 1152 2832 placet3
1179 2756 1284 2813 dicitur
1307 2758 1350 2813 Μ.
1373 2756 1465 2815 Furius

417 2858 565 2933 Camillus,
591 2866 643 2940 qui
657 2866 827 2941 magistrum
844 2862 971 2937 equitum
987 2863 1023 2921 L.
1034 2863 1186 2920 AEmilium
1201 2871 1331 2937 cooptat
1367 2865 1464 2937 Legum

408 2986 533 3055 ‘quoque
555 2968 663 3029 latores
688 2972 827 3029 adversus
848 2977 960 3025 tautum
990 2978 1162 3044 apparatum
1194 2969 1427 3026 adversariorum
1443 2976 1467 3022 et
1509 2997 1511 3038 ÷

415 3074 472 3149 ipsi
493 3092 611 3131 calisam
634 3077 726 3152 plebis
748 3075 913 3150 ingentibus
927 3072 1031 3130 animis
1046 3086 1168 3142 armant,
1191 3074 1372 3150 concilioque
1385 3072 1464 3150 plebis
1509 3108 1511 3120 ι

261 3164 290 3248 J
387 3177 533 3248 bindicto,
555 3180 647 3239 tribus
671 3182 708 3239 ad
732 3180 901 3256 suffragium
923 3187 1038 3237 vocant.
1083 3179 1178 3253 Quum
1198 3180 1333 3246 dictator,
1354 3180 1464 3255 stipatus
1509 3185 1510 3198 ¹

417 3287 531 3361 agmine
553 3287 751 3362 patriciorum,
773 3287 876 3362 plenus
896 3286 946 3342 irae
967 3284 1167 3358 minarumque
1182 3284 1370 3351 consedisset,
1389 3294 1464 3357 atque

417 3402 551 3468 ageretur
579 3412 626 3450 res
656 3393 740 3450 sclito
777 3394 901 3467 primum
932 3391 1088 3449 certamine
1123 3390 1198 3446 inter
1229 3408 1261 3445 se
1295 3389 1462 3447 tribunorum

416 3499 494 3574 plebi
515 3498 665 3556 ferentium
690 3499 784 3574 legem
805 3497 1116 3570 intercedentiumque,
1144 3504 1187 3562 et,
1209 3504 1320 3569 quanto
1341 3496 1402 3552 iure
1421 3510 1464 3568 po·

417 3603 522 3668 tenticr
544 3596 712 3662 intercessio
739 3614 818 3674 erat,
849 3613 960 3659 tantum
986 3603 1147 3661 vinceretur
1177 3600 1282 3659 favore
1312 3602 1406 3677 legum
1427 3599 1463 3672 ip·

417 3727 513 3764 aarum
535 3707 727 3785 latorumque,
750 3719 779 3767 ct
802 3710 873 3779 ,Uti
894 3713 1001 3784 rogas“
1024 3708 1124 3784 primm
1145 3707 1237 3764 tribus
1258 3708 1393 3773 dicerent,
1413 3715 1462 3761 usu

387 3810 556 3869 bCamillus
579 3812 723 3887 ,Quando
739 3816 873 3890 quidem“
900 3815 1002 3889 inquit,
1026 3814 1180 3887 ,Quirites
1200 3813 1260 3871 itm
1281 3831 1336 3869 vos
1356 3809 1462 3869 tribuni-

416 3918 463 3975 cia
484 3918 588 3989 libido,
620 3940 678 3977 non
701 3929 831 3996 potestas
860 3920 950 3994 regit,
982 3929 1011 3977 ct
1036 3920 1286 3989 intercessionem,
1316 3916 1461 3976 secessione

417 4025 563 4099 quondam
586 4023 679 4098 plebis
701 4034 830 4099 partam,
861 4026 945 4082 vobis
969 4026 1069 4083 eadem
1091 4026 1121 4082 vi
1141 4024 1236 4082 facitis
1257 4022 1383 4090 irritam,
1413 4037 1461 4094 qut

416 4129 577 4205 peperistis,
599 4147 658 4185 non
679 4130 722 4187 rei
745 4129 868 4205 publicae
892 4131 985 4205 magis
1005 4131 1146 4187 universae
1167 4148 1256 4205 quam
1277 4138 1373 4187 vestra
1385 4141 1461 4184 causa

417 4234 543 4291 dictator
585 4234 785 4292 intercessioni
819 4235 908 4292 adero
945 4254 1135 4311 eversumque
1171 4244 1299 4293 vestrum
1338 4232 1459 4291 auxilium
