3392 5084
473 536 511 593 25
768 528 846 579 Liber
862 528 910 581 vt
947 528 991 588 (Δ.
1004 542 1030 577 n.
1044 542 1068 577 c.
1081 527 1153 592 are.)

431 718 569 777 victorem
602 723 696 773 terror
730 724 759 771 et
792 732 872 772 nero
905 714 990 771 hoste
1022 722 1051 770 et
1083 713 1187 788 supina
1216 711 1296 769 valle
1324 712 1483 767 Romanam

403 820 579 883 linclinavit
603 820 703 879 aciem.
746 820 861 877 Instant
882 819 984 877 Volsci
1011 828 1156 889 recentes,
1186 818 1237 892 qui
1264 836 1281 873 e
1310 816 1414 875 casuis
1436 815 1485 871 im-

315 907 317 911 ·
431 936 530 1003 petum
550 926 694 996 iecerunt3
726 926 872 1001 integrant
891 935 921 983 et
941 924 983 983 illi
1003 943 1142 1000 pugnam,
1165 924 1215 998 qui
1237 923 1376 980 simulata
1397 940 1486 978 cesse-

432 1042 499 1091 rant
519 1031 599 1107 fuge.
640 1030 706 1088 Iam
727 1050 785 1088 non
807 1031 966 1109 recipiebat
986 1050 1019 1089 se
1040 1033 1190 1095 &manus
1211 1029 1305 1098 miles,
1325 1029 1380 1085 sed
1392 1028 1487 1084 imme·

433 1156 497 1197 mor
525 1136 646 1195 recentis
674 1135 790 1193 ferociae
818 1138 982 1213 veterisque
1010 1137 1122 1195 decoris
1150 1146 1236 1211 terga
1260 1134 1375 1210 passim
1403 1134 1488 1189 dabat

403 1238 521 1319 satque
543 1240 634 1301 effuso
657 1260 741 1299 cursu
766 1250 864 1299 casua
883 1244 1043 1318 repetebat,
1066 1261 1154 1318 quum
1172 1240 1325 1310 Camillus,
1348 1240 1486 1297 subiectus

433 1350 471 1407 ab
497 1348 747 1407 circumstantibus
777 1347 808 1403 in
840 1364 946 1421 equum
975 1358 1005 1406 et
1037 1348 1142 1424 raptim
1174 1347 1311 1405 subsidiis
1343 1343 1486 1420 oppositio,

383 1528 388 1537 ι
435 1454 526 1523 ,Haec
548 1458 609 1510 est“
631 1452 740 1528 inquit,
772 1452 909 1522 „milites,
931 1472 1045 1530 pugna,
1068 1473 1155 1529 quam
1175 1451 1377 1528 poposcistis?
1425 1450 1487 1523 Quis

433 1560 538 1628 homo,
566 1557 631 1633 quie
660 1558 729 1616 deus
745 1570 817 1630 cst,
839 1574 934 1633 ‘quem
960 1577 1098 1617 accusare
1118 1558 1256 1634 possitis?
1307 1560 1420 1615 Vestra
1445 1556 1489 1611 illa

404 1664 596 1737 atemeritas,
624 1673 723 1721 vestm
749 1663 869 1739 ignavia
896 1666 958 1723 hac
986 1675 1038 1724 est.
1085 1665 1182 1724 Securi
1209 1666 1301 1723 olium
1325 1666 1431 1721 ducem
1449 1681 1489 1717 se-

434 1769 554 1845 quimini
574 1787 650 1827 nunc
672 1768 825 1829 Camillum
848 1780 892 1841 et,
926 1772 1005 1846 quod
1033 1772 1120 1829 ductu
1141 1790 1206 1828 meo
1231 1771 1351 1840 soletis,
1380 1768 1488 1826 vincite.

435 1875 512 1949 Quid
533 1874 642 1933 vallum
664 1886 693 1933 et
714 1886 810 1935 castra
831 1874 990 1952 spectatis?
1037 1878 1191 1934 Neminem
1212 1889 1345 1940 vestrum
1366 1876 1418 1932 illa
1441 1875 1490 1930 nni

406 1982 573 2049 uictorem
594 1991 745 2058 receptura
769 1987 863 2039 sunt.“
907 1982 1010 2040 Pudor
1031 1983 1126 2058 primo
1146 1984 1237 2041 tenuit
1264 1981 1393 2056 effusos3
1420 1980 1507 2047 inde,-

434 2096 467 2145 nt
490 2088 646 2163 circumagi
667 2088 751 2163 signa
772 2088 942 2163 obvertique
959 2089 1062 2167 ,eciem
1090 2090 1224 2146 viderunt
1250 2088 1280 2146 in
1308 2089 1441 2155 hostem,
1466 2097 1507 2158 et,

436 2196 512 2264 dux,
541 2203 733 2269 preterquam
757 2190 862 2270 [quod]
884 2200 928 2251 tot
957 2193 1077 2269 insignis
1107 2195 1274 2269 triumphis,
1304 2194 1396 2249 etiam
1415 2181 1507 2249 aetate'

436 2300 609 2359 venerabiIIs
629 2300 704 2357 inter
724 2300 819 2375 prima
838 2301 930 2376 signa,
951 2301 1001 2357 ubi
1022 2300 1163 2375 plurimus
1177 2300 1263 2357 labor
1275 2299 1507 2374 periculumque.

437 2416 513 2476 erat,
545 2424 576 2463 se
605 2402 761 2475 offerebat,
792 2405 943 2480 increpare
971 2406 1076 2481 singuli
1097 2406 1273 2480 aequisque
1295 2415 1327 2461 et
1348 2406 1440 2473 alios,
1466 2416 1491 2459 et

438 2511 601 2570 adhortatio
632 2511 662 2567 in
693 2511 785 2567 vicem
815 2520 907 2569 totam
939 2511 1031 2569 alacri
1065 2507 1192 2569 elamore
1226 2512 1360 2587 pervasit
1399 2485 1507 2582 aciem}

407 2620 541 2692 8Neque
566 2617 638 2673 alter
661 2616 793 2675 tribunus
815 2617 858 2674 rei
890 2616 996 2686 defuit,
1025 2617 1077 2673 sed
1105 2618 1210 2674 missus
1239 2636 1259 2673 a
1279 2617 1397 2692 collega
1417 2591 1507 2696 resti-i

438 2733 534 2781 tuente
555 2722 683 2798 peditum
704 2721 796 2780 aciem
818 2723 857 2780 ad
884 2722 1011 2797 equites,
1040 2741 1099 2779 non
1125 2723 1316 2797 castigando,
1346 2723 1386 2779 ad
1413 2709 1507 2797 quami

437 2848 498 2887 rem
521 2827 658 2885 leviorem
680 2838 828 2885 auctorem
859 2848 923 2887 eum
951 2830 1042 2905 culpae
1069 2829 1194 2886 societas
1222 2827 1349 2898 fecerat,
1383 2828 1434 2885 sed
1459 2777 1507 2910 ab!

438 2933 559 3008 imperio
581 2940 658 2989 totus
685 2933 723 2990 ad
748 2952 848 3009 preces
880 2952 982 2991 versus
1008 2955 1093 2992 orare
1118 2935 1247 3010 singulos
1278 2913 1507 3024 universosque}

408 3048 471 3105 9ut
491 3057 522 3096 se
543 3058 623 3095 reum
646 3038 769 3097 fortuna
797 3040 859 3097 eius
887 3041 944 3098 (liei
972 3041 1090 3099 crimine
1118 3040 1289 3097 eximerent:
1325 3035 1507 3108 ,Abnuente!

440 3164 474 3211 ac
495 3146 665 3221 prohibente
687 3148 816 3223 collega,
845 3146 1000 3205 temeritati
1032 3167 1078 3205 me
1106 3148 1234 3205 omnium
1256 3146 1356 3221 potius
1389 3091 1507 3224 scanni

441 3270 528 3326 quem
551 3251 634 3309 unius
656 3251 814 3326 prudentia
837 3251 912 3311 dedi.
962 3251 1101 3311 Camillus
1121 3254 1150 3311 in
1172 3264 1297 3327 utraque
1319 3262 1417 3307 vestra
1436 3229 1507 3305 for-l

440 3368 509 3414 tuna
535 3374 617 3413 snam
637 3356 760 3431 gloriam
786 3357 882 3429 videt3
920 3378 989 3435 ego,
1021 3360 1051 3416 ni
1082 3358 1241 3417 restituitur
1271 3376 1388 3434 pugna,
1421 3352 1488 3429 qnod

441 3461 630 3519 miserrimum
667 3472 726 3533 est,
761 3462 908 3523 fortunam
944 3485 1009 3524 cum
1047 3466 1195 3534 omnibus,
1230 3463 1384 3520 infamiam
1419 3459 1507 3517 sulus-

392 3566 589 3632 ltlssesstiam·“
651 3565 798 3642 Optimum
829 3571 922 3629 visum
950 3581 995 3629 est
1025 3572 1055 3628 in
1084 3572 1270 3627 fluctuantem
1298 3570 1391 3626 aciem
1423 3509 1507 3623 mni

367 3720 369 3729 ,
442 3689 532 3745 equos
562 3680 591 3727 et
618 3673 746 3747 pedestri
776 3694 875 3751 pugna
904 3678 1043 3735 invadere
1075 3679 1197 3735 hostem.
1254 3678 1336 3734 Eunt
1372 3674 1507 3812 insigne*

442 3777 530 3836 armis
552 3777 727 3854 animisque,
764 3801 823 3857 qua
854 3784 946 3859 premi
973 3787 1058 3859 pa'rte
1086 3783 1212 3839 maxime
1241 3782 1372 3857 peditum
1398 3778 1507 3862 copias,

441 3883 550 3941 vident.
590 3885 673 3943 Nihil
695 3906 789 3963 neque
813 3889 892 3964 apud
912 3890 1000 3947 duces
1024 3868 1119 3963 neque
1140 3888 1219 3963 apud
1229 3888 1335 3945 milites
1345 3884 1507 3954 remittitur}

394 3999 425 4054 11
442 4010 461 4048 a
495 4008 607 4049 summo
640 3994 796 4051 certamine
831 3995 929 4053 animi.
998 3995 1096 4053 Sensit
1132 4012 1202 4069 ergo
1234 4005 1353 4052 eventus
1384 3967 1507 4054 naun!

443 4100 535 4157 enixae
556 4118 657 4174 opem,
693 4110 722 4159 et
743 4101 860 4171 Volsci,
894 4121 953 4177 qua
973 4100 1061 4158 modo
1085 4100 1220 4157 simulato
1245 4106 1323 4155 metu
1344 4100 1482 4151 cesserant
1505 4087 1507 4112 ¹

443 4226 478 4265 ea
499 4207 528 4262 in
549 4224 649 4263 veram
671 4206 771 4283 fugam
791 4205 891 4280 effusi,
923 4226 1030 4283 magna
1052 4225 1120 4282 pars
1148 4206 1229 4264 etin
1256 4207 1321 4279 ipso
1342 4200 1481 4260 emunim
1505 4173 1507 4240 Ῑ
