3392 5084
485 511 540 566 t72
781 507 859 558 Liber
875 507 923 558 111.
958 508 1005 573 (rt.
1015 523 1041 557 ιι.
1051 511 1154 569 uduo.)

411 693 564 770 llapsum.
610 693 674 750 Nec
695 710 726 750 se
747 693 929 768 superstitem
951 691 1017 750 filiu
1043 691 1172 752 futurum
1199 691 1302 766 muse,
1330 694 1381 752 nisi
1405 713 1463 770 spen

441 799 610 858 ulciscenda
632 798 732 856 mortis
754 798 815 856 eius
836 798 867 854 in
888 796 997 856 auxilio
1008 797 1231 855 commilitonum
1243 798 1397 858 habuisset.
1421 799 1465 856 Illis

442 923 557 981 quoque
579 897 654 962 enim
674 905 759 977 filius,
781 921 896 964 sorores
918 903 1111 979 coniugesque
1131 919 1204 974 esse,
1224 922 1353 961 neocum
1366 903 1466 961 filicem

441 1011 586 1070 libidinem
607 1014 687 1086 App.
710 1009 824 1069 Claudii
849 1008 1021 1096 exstinctam
1052 1028 1133 1078 esse,
1166 1010 1218 1068 sed
1249 1029 1307 1085 quo
1328 1009 1468 1084 impunitior

411 1117 493 1185 8sit,
525 1136 559 1202 eo
592 1114 808 1174 effrenationem
834 1115 907 1174 fore.
960 1115 1066 1174 Aliena
1098 1115 1263 1174 calamitate
1293 1116 1467 1182 documentum

441 1223 540 1280 datum
565 1222 635 1280 illis¹
651 1223 786 1282 cavendae
814 1220 915 1280 similis
945 1222 1065 1280 iniuriae.
1120 1221 1208 1296 Quod
1234 1222 1271 1278 ad
1304 1241 1336 1280 ee
1366 1223 1468 1279 attineat

440 1347 560 1386 uxorem
583 1329 637 1386 sibi
658 1329 719 1388 fato
740 1337 880 1404 ereptam,
897 1328 997 1399 filium,
1019 1329 1164 1403 quianon
1177 1329 1254 1386 ultra
1263 1328 1370 1404 pudica
1383 1328 1469 1390 nictm

316 1473 322 1482 ι
411 1434 542 1505 iliuerit,
570 1435 722 1502 miserum,
750 1435 801 1491 sed
822 1435 974 1491 honestam
995 1443 1118 1492 mortem
1140 1434 1325 1504 occubuisse;
1354 1453 1408 1492 nou
1426 1452 1472 1489 esee

441 1540 498 1596 iam
520 1540 610 1615 Appii
630 1539 741 1597 libidini
761 1539 857 1596 locum
878 1537 908 1596 in
929 1540 1016 1598 domo
1038 1558 1105 1611 sua;
1134 1541 1171 1598 ab
1198 1539 1256 1597 alia
1276 1539 1410 1597 violentis
1428 1538 1473 1594 eiu

441 1646 542 1703 eodem
563 1665 594 1702 se
616 1646 712 1704 animo
739 1663 822 1704 suum
844 1663 949 1720 cor-‚pus
971 1645 1196 1717 vindicaturum,
1227 1663 1289 1724 quo¹
1306 1644 1472 1705 vindicarunt
1507 1666 1508 1677 ι

392 1760 427 1814 to
440 1749 518 1818 tilise3
547 1751 634 1808 ceteri
660 1752 715 1810 sibi
743 1769 779 1809 ac
807 1750 906 1808 liberis
932 1751 992 1808 suis
1016 1752 1210 1834 consulerent.
1257 1753 1330 1810 Haec
1356 1749 1472 1825 Verginio
1508 1778 1509 1781 ι

440 1855 609 1914 vociferanti
639 1857 835 1917 succlamabat
865 1856 1035 1928 multitudo,
1063 1876 1117 1914 neo
1141 1857 1217 1914 illius
1244 1857 1341 1914 dolori
1361 1876 1411 1914 neo
1431 1873 1474 1911 suc
1509 1854 1510 1861 ’

439 1961 564 2020 libertati
603 1982 634 2021 se
670 1962 827 2024 defuturos.
881 1963 922 2021 Et
959 1963 1206 2042 immixtisturbae
1238 1963 1361 2042 militum
1394 1961 1475 2036 togati.
1504 2008 1509 2051 Ι

442 2065 559 2144 [quum]
589 2070 688 2130 eodan
716 2069 767 2126 illa
793 2070 939 2144 querendo
960 2069 1163 2144 docendoque,
1191 2080 1300 2144 quanto
1321 2070 1388 2127 visa
1408 2087 1475 2142 quau

441 2174 539 2232 erudite
560 2175 723 2250 indigniora
745 2174 906 2250 oportuerit
921 2174 1022 2245 videri,
1044 2173 1129 2232 simul
1150 2175 1336 2252 profligatam
1355 2175 1412 2232 iam
1430 2193 1476 2230 ren

391 2293 423 2347 11
440 2281 598 2338 nuntiando
619 2283 721 2339 Rome
742 2299 820 2350 esso,
849 2279 1046 2354 insecutique,
1075 2280 1125 2354 qui
1146 2281 1275 2356 Appium
1296 2291 1390 2357 prope
1408 2281 1478 2337 inter·

441 2396 566 2462 emptum
589 2388 618 2444 in
639 2385 772 2444 exsilium
795 2385 891 2442 abisse
911 2384 1053 2454 dicerent,
1073 2387 1274 2462 perpulerunt,
1300 2396 1333 2444 ut
1355 2389 1394 2445 ad
1413 2403 1478 2444 arus

441 2493 682 2561 conclamaretur,
710 2489 905 2564 vellerentque
933 2490 1016 2566 signa
1042 2500 1071 2548 et
1090 2493 1214 2573 &mem
1238 2491 1480 2569 proficiscerentur.

392 2607 427 2663 12
440 2597 606 2655 Decemviri
626 2597 711 2654 simul
731 2596 790 2666 his,
820 2614 884 2670 quae
906 2595 1056 2668 videbant,
1086 2598 1193 2674 iisque,
1224 2617 1288 2675 que
1310 2609 1378 2658 acta
1398 2602 1480 2657 Rome

441 2693 606 2773 audierant,
635 2701 795 2778 perturbat-i
831 2700 905 2759 alius
935 2701 965 2758 in
1001 2702 1088 2760 aliam
1122 2713 1234 2779 purtem
1268 2713 1428 2762 castrorum
1454 2701 1481 2758 ad

440 2809 582 2866 sedandos
605 2817 699 2866 motus
722 2807 894 2866 discurrunt.
937 2806 995 2866 Sed
1018 2808 1120 2866 leniter
1145 2808 1296 2884 agentibus
1327 2827 1481 2886 responsum

440 2933 498 2970 non
519 2913 660 2983 redditum
681 2912 832 2989 imperium
856 2912 880 2969 si
902 2913 966 2987 quis
987 2913 1142 2985 inhiberet,
1164 2923 1194 2971 et
1213 2916 1292 2972 viros
1315 2925 1353 2973 etr
1371 2922 1483 2973 mustos

392 3027 427 3082 13
440 3039 472 3077 se
498 3038 575 3090 esse,
604 3019 802 3095 respondetur.
850 3019 931 3076 Eunt
953 3019 1067 3095 agmine
1088 3019 1126 3076 ad
1147 3020 1246 3077 urbem
1269 3029 1298 3077 et
1319 3020 1482 3079 Aventinum

440 3126 574 3196 insidunt,
596 3125 769 3200 utquisque
791 3135 964 3191 occurrerat,
986 3125 1098 3200 plebem
1120 3124 1158 3180 ad
1178 3125 1367 3200 repetendam
1380 3126 1483 3182 libertu-

441 3243 498 3289 tem
522 3229 719 3304 creandosque
742 3230 880 3288 tribunos
894 3231 986 3306 plebis
1008 3231 1202 3290 adhortantes.
1245 3230 1317 3288 Alia
1338 3249 1399 3288 vox
1419 3226 1483 3285 nulla

392 3345 427 3398 ts
441 3337 567 3396 violenta
587 3337 687 3398 audite
709 3346 760 3394 est
804 3336 942 3396 Senatum
965 3335 1016 3411 Sp.
1028 3335 1141 3413 Oppius
1160 3337 1258 3394 habet.
1297 3336 1382 3393 Nihil
1403 3336 1484 3411 placet

442 3462 543 3518 aspere
576 3444 638 3518 agi3
675 3444 787 3518 quippe·
813 3444 851 3500 ab
882 3441 953 3517 ipsis
988 3441 1086 3499 datum
1125 3441 1220 3499 locum
1252 3441 1387 3500 seditioni
1423 3458 1484 3498 esse.

393 3555 427 3608 15
441 3548 594 3606 Mittuntur
614 3557 672 3606 tres
694 3549 782 3624 legati
803 3548 985 3609 consulares,
1011 3546 1062 3624 Sp.
1087 3547 1246 3623 Tarpeius,
1275 3545 1309 3607 0.
1328 3540 1439 3614 Iulius,
1456 3545 1485 3602 P.

441 3653 600 3730 Sulpicius,
629 3655 679 3729 qui
705 3661 864 3730 quererent
890 3661 1020 3710 senatus·
1035 3653 1149 3723 verbis,
1185 3653 1265 3711 cuius
1292 3653 1375 3711 iussu
1400 3659 1484 3709 cesus

442 3744 646 3824 deseruissent,
668 3769 718 3818 aut
739 3759 807 3834 quid
829 3759 884 3817 sibi
904 3758 1026 3828 vellent,
1050 3759 1100 3833 qui
1121 3759 1226 3816 armati
1246 3759 1424 3816 Aventinum
1442 3758 1485 3814 ob·

441 3867 589 3934 sedissent,
610 3865 743 3937 belloque
765 3881 869 3921 averso
891 3865 929 3922 ab
950 3863 1082 3921 hostibus
1101 3865 1226 3940 petriam
1248 3883 1331 3922 suam
1343 3865 1485 3941 cepissent.

393 3981 428 4036 16
441 3972 510 4028 Non
531 3969 631 4040 deluit,
655 3968 732 4043 quod
752 3969 987 4044 responderetur3
1010 3971 1123 4041 deerat,
1142 3971 1191 4046 qui
1212 3973 1295 4030 daret
1314 3988 1485 4047 responsum.

442 4076 589 4132 nullodum
617 4083 695 4134 certo
721 4075 793 4133 duce
822 4093 875 4133 neo
902 4075 973 4132 satis
995 4055 1167 4135 audentibus
1187 4077 1307 4153 siugulis
1328 4077 1441 4136 invidiae
1460 4093 1486 4131 ss

442 4178 555 4237 offerre.
600 4181 635 4236 Id
650 4181 737 4238 modo
756 4201 774 4238 a
797 4181 977 4239 multitudine
997 4182 1208 4240 conclamatum
1230 4193 1283 4254 est,
1304 4192 1336 4241 ut
1357 4185 1392 4241 L.
1402 4181 1487 4239 Vala-

441 4285 514 4342 riom
530 4295 558 4343 at
568 4286 610 4346 M.
623 4287 775 4344 Horatium
792 4286 829 4344 ad
842 4304 874 4344 se
888 4287 1048 4355 mitterent;
1069 4287 1153 4345 iisse
1174 4288 1294 4347 daturos
1315 4305 1487 4364 responsum.
