3392 5084
453 525 514 584 aaa
568 519 571 530 ’
751 511 830 571 tue
846 519 882 570 x„
918 493 1134 583 (suana.)

363 706 538 766 livaniasat
568 703 616 762 vel
648 703 775 778 aliquem
805 723 843 762 ex
875 702 980 778 legatis
1002 702 1141 772 misisset,
1168 719 1187 758 a
1209 721 1269 776 qno
1289 703 1406 760 diseunt
1425 720 1468 758 se·

385 851 387 858 ,
411 817 507 881 natus,
529 817 669 884 quantum
691 809 724 866 in
743 806 864 866 Etruria
884 806 954 866 belli
972 817 1057 878 ascl,
1079 808 1255 883 quantisque
1276 807 1468 864 administran-

316 913 362 982 26
415 915 484 974 dum
516 913 608 989 copiis
640 921 670 972 et
705 924 778 990 quot
808 932 862 989 per
892 912 980 969 duces
1012 922 1098 968 esset
1155 913 1269 972 Fabius
1298 921 1329 968 nt
1351 913 1468 968 Romam

413 1018 514 1088 rediit,
540 1026 570 1076 at
592 1018 623 1076 in
644 1025 747 1076 senatu
769 1025 799 1075 et
819 1016 977 1093 productus
999 1016 1041 1074 ad
1058 1016 1199 1092 populum
1221 1017 1347 1073 mediam
1367 1014 1469 1072 oratiu-

413 1141 480 1182 nem
501 1122 613 1194 habuit,
634 1130 667 1180 ut
685 1140 739 1180 uec
752 1139 870 1196 augere
888 1140 944 1180 neo
963 1122 1093 1180 minuere
1112 1121 1262 1178 videratur
1282 1121 1350 1178 odi
1366 1119 1470 1177 lamam

414 1228 567 1304 magisque
587 1227 618 1284 in
640 1229 732 1286 altero
754 1227 930 1286 amumendo
959 1227 1033 1285 duce
1053 1227 1177 1284 aliorum
1204 1227 1356 1301 indulgere
1381 1222 1472 1281 timmi

384 1329 502 1408 iquam
527 1350 580 1390 suo
602 1341 654 1390 aut
673 1333 717 1390 rei
737 1333 861 1408 publicae
888 1333 1018 1408 periculo
1039 1332 1204 1402 consulere;
1231 1341 1358 1396 ceterum
1378 1329 1403 1388 si
1421 1329 1473 1385 sini

301 1427 304 1434 ¹
415 1425 577 1498 adiutorem
599 1436 667 1494 belli
688 1435 858 1510 sociumque
885 1436 1000 1511 imperii
1026 1437 1145 1507 darent,
1175 1455 1305 1511 quonam
1336 1436 1420 1493 modo
1444 1453 1473 1490 sc
1536 1514 1538 1521 Ι

384 1543 547 1602 iobiivisci
568 1544 604 1600 P.
626 1540 711 1600 Decii
733 1540 860 1622 consulis
880 1559 934 1615 per
953 1549 998 1598 tot
1018 1542 1143 1617 quilegie
1162 1540 1277 1616 experti
1294 1537 1399 1615 posse?
1417 1539 1474 1596 Nc-
1536 1568 1538 1587 ι

289 1709 293 1714 ,
415 1648 521 1710 minem
544 1648 672 1706 omnium
695 1665 792 1704 secum
815 1645 952 1721 coniungi
971 1646 1071 1716 malle;
1100 1657 1131 1704 et
1153 1645 1306 1721 copiarum
1334 1645 1404 1701 satie
1424 1627 1499 1700 siti*

414 1768 480 1812 cum
505 1753 541 1810 R.
562 1753 657 1810 Decio
688 1759 717 1809 et
743 1769 892 1825 nunquam
920 1752 1040 1810 nimium
1067 1752 1195 1810 hostium
1225 1751 1300 1808 iore.
1348 1749 1400 1808 Sin
1420 1748 1476 1805 col·

287 1889 293 1897 ·
413 1859 481 1933 lega
503 1857 573 1931 quid
596 1855 675 1914 aliud
690 1856 798 1928 mallet,
820 1864 853 1914 at
868 1857 925 1914 sibi
939 1859 975 1915 L.
986 1858 1176 1915 Volumnium
1193 1857 1299 1913 duent
1312 1854 1476 1911 adiutorem.

385 1961 553 2022 lOumium
572 1939 672 2020 ¹uerum
695 1961 847 2019 arbitrium
872 1970 903 2018 ot
922 1981 942 2020 a
961 1963 1071 2038 populo
1093 1970 1123 2019 et
1143 1981 1163 2020 a
1182 1970 1288 2018 senatu
1310 1969 1340 2017 et
1360 1959 1477 2033 abipso

416 2067 529 2142 collega
550 2067 645 2124 Fabio
666 2066 839 2142 permissum
862 2076 920 2137 est3
942 2078 971 2124 at
991 2085 1081 2142 quum
1093 2070 1129 2125 P.
1146 2067 1257 2125 Decius
1278 2084 1311 2122 se
1334 2062 1379 2141 [in
1400 2064 1477 2124 Sam·

415 2153 497 2230 niatu
517 2169 578 2248 vel]
600 2171 631 2228 iu
647 2171 796 2230 Etruriam
810 2172 956 2247 proticisci
972 2182 1108 2248 paratum
1123 2189 1187 2230 esse
1202 2171 1385 2239 ostendisset,
1403 2177 1479 2225 unta
1536 2148 1538 2253 l

416 2276 518 2334 laetitia
548 2295 584 2334 ac
618 2276 776 2351 gratulatio
810 2276 880 2347 init,
915 2287 947 2333 ut
983 2278 1189 2353 praeciperetur
1223 2275 1351 2334 victoria
1382 2275 1479 2332 animia
1536 2308 1538 2353 Ι

416 2362 645 2456 triumphusque,
666 2399 725 2437 non
749 2381 856 2440 bellum
879 2381 1028 2439 decretum
1049 2383 1215 2440 consulibus
1235 2380 1393 2439 videretur.

387 2489 403 2540 5
501 2486 624 2544 Invenio
653 2485 732 2560 apud
765 2487 924 2559 quosdam,
951 2489 1097 2570 extemplo
1127 2487 1281 2545 consulatu
1313 2486 1387 2542 inito
1417 2501 1480 2558 pro-

416 2591 508 2650 factos
538 2591 569 2648 in
598 2589 749 2648 Etruriam
777 2590 903 2646 Fabium
933 2590 1131 2665 Deciumque,
1163 2592 1227 2648 sine
1250 2591 1312 2647 nlla
1341 2588 1481 2646 mentione

325 2757 330 2762 ,
360 2758 365 2762 ,
416 2696 503 2754 sortis
536 2695 752 2770 provinciarum
786 2694 1036 2770 certaminumque
1053 2673 1139 2771 *inter
1165 2697 1311 2771 collegas,
1341 2713 1407 2769 qnae
1436 2711 1482 2749 ax·

385 2800 511 2875 tiposui.
551 2799 635 2870 Sunt,
657 2799 762 2873 quibus
783 2817 819 2855 ne
840 2800 904 2856 haec
919 2799 1041 2873 ,quidem
1064 2802 1224 2858 certamus
1244 2819 1394 2876 exponere
1415 2799 1482 2856 satis

415 2902 513 2974 fuerit,
535 2904 693 2962 adiecerint
714 2912 743 2960 et
769 2904 861 2978 Appii
889 2904 1106 2962 criminationes
1126 2904 1164 2960 de
1184 2904 1281 2961 Fabio
1303 2907 1427 2962 absente
1447 2903 1482 2960 ad

416 3007 557 3082 populum
579 3017 608 3066 et
629 3007 818 3084 pertinaciam
841 3007 982 3064 adversus
996 3017 1169 3082 presentem
1182 3010 1333 3066 consulem
1354 3009 1482 3085 praetoris

417 3113 690 3187 contentionemque
713 3113 801 3170 aliam
821 3112 898 3170 inter
918 3111 1061 3186 collegas,
1086 3113 1223 3169 tendente
1244 3114 1350 3184 Decio,
1371 3124 1405 3171 ut
1427 3132 1482 3171 suo

387 3217 541 3292 iquisque
568 3217 726 3292 provinciae
756 3225 864 3274 sortem
893 3225 1031 3277 tueretur.
1074 3215 1219 3274 Constare
1246 3237 1295 3275 res
1323 3219 1425 3294 incipit
1448 3237 1482 3275 ex

417 3340 453 3378 eo
474 3330 615 3397 tempore,
637 3340 695 3395 quo
716 3319 840 3395 proiecti
861 3322 949 3378 ambo
970 3321 1105 3378 consules
1126 3322 1165 3378 ad
1186 3322 1296 3380 ballum
1318 3332 1394 3380 stunt,

501 3424 638 3484 Ceterum
675 3434 831 3500 antequam
870 3426 1003 3482 consules
1038 3426 1069 3482 in
1104 3427 1255 3484 Etruriam
1292 3428 1480 3503 pervenirent,

418 3529 548 3588 Senones
573 3529 654 3588 Galli
675 3529 858 3588 multitudine
878 3529 989 3604 ingenti
1008 3530 1048 3586 ad
1070 3529 1199 3587 Clusium
1221 3542 1374 3604 venerunt,
1394 3532 1480 3607 legio·

388 3632 484 3692 8nem
515 3635 681 3692 Romanam
714 3642 869 3708 castraque
898 3635 1103 3709 oppugnaturi.
1160 3633 1270 3711 Scipio,
1299 3638 1352 3711 qui
1383 3636 1479 3695 caenis

318 3759 327 3768 ·
418 3748 557 3814 praerat,
585 3738 651 3797 loce
673 3738 871 3796 adiuvandam
896 3739 1073 3814 paucitatem
1100 3757 1222 3796 suorum
1248 3739 1375 3799 militnm
1395 3752 1479 3811 ratus,

387 3842 448 3902 9in
469 3843 582 3913 collem,
605 3844 655 3918 qui
675 3845 750 3901 inter
773 3845 876 3900 urbem
897 3852 926 3900 et
948 3852 1046 3901 castra
1067 3852 1139 3914 crat,
1167 3845 1262 3902 aciem
1284 3846 1393 3914 erexit3
1423 3847 1478 3912 sed,
1536 3912 1538 3915 ¹

342 4013 345 4018 ¹
417 3957 450 4006 ut
469 3949 500 4007 in
521 3967 553 4004 re
574 3949 680 4018 subita,
701 3967 805 4024 parum
827 3947 982 4022 explorato
1014 3948 1126 4019 itinere,
1147 3949 1186 4007 ad
1215 3949 1317 4024 iugum
1346 3951 1477 4026 perrexit,
1536 3970 1538 4035 ᾗ

404 4054 497 4128 ,quod
518 4054 617 4112 hostes
639 4061 776 4128 ceperant
798 4059 884 4128 parte
907 4052 967 4108 alia
983 4054 1127 4127 aggressi.
1174 4054 1224 4112 Ita
1244 4073 1322 4112 caesa
1342 4057 1381 4114 ab
1403 4065 1477 4130 tergo

417 4159 495 4234 legio
517 4166 605 4232 atque
626 4157 655 4212 in
675 4156 785 4226 medio,
815 4173 905 4230 quum
926 4157 1019 4214 hostis
1047 4157 1176 4232 undique
1202 4170 1336 4234 urgeret,
1363 4162 1477 4219 cucum-

368 4263 403 4318 lO
419 4271 514 4320 venta.
557 4261 693 4320 Deletam
717 4270 833 4334 quoque
855 4260 896 4318 ibi
917 4261 1072 4337 legionem,
1095 4263 1138 4321 ita
1159 4275 1192 4320 ut
1214 4265 1336 4324 nuntius
1357 4284 1416 4323 non
1435 4283 1476 4321 su·
