3392 5084
502 518 581 568 Liber
598 518 633 572 v.
670 517 775 582 (ech.
788 518 949 582 eor-soe.)
1158 521 1219 578 269

205 701 239 756 ita
257 716 396 776 prospere
424 707 607 776 gererentur,
636 709 669 760 ut
694 703 774 760 nullo
807 703 884 760 bello
910 703 1058 760 veniretur
1085 702 1124 758 ad
1151 701 1260 759 exitum

206 805 264 878 spei.
308 805 450 881 Namque
473 808 556 864 Veiis
581 819 693 876 eastre,
725 825 791 882 quse
821 809 936 866 amissa
960 817 1058 879 erant,
1090 814 1262 883 recuperate
1358 883 1368 896 g

205 909 316 966 castellis
336 911 541 988 presidiisque
560 907 729 979 ¹firmentum
758 905 904 987 preerant
928 913 1038 972 tribuni
1063 911 1185 969 militum
1206 909 1260 969 Μ’.

204 1015 329 1072 AEmilius
353 1024 383 1072 et
403 1015 442 1072 K.
466 1016 586 1077 Fabius.
635 1020 665 1074 A
686 1018 730 1077 Μ.
750 1016 893 1075 Furio'in
915 1017 1038 1076 Faliscis
1059 1025 1089 1074 et
1109 1015 1163 1074 Cn.
1186 1013 1291 1074 Cor-5

203 1119 267 1176 nelio
296 1121 327 1176 in
361 1119 514 1196 Capenate
546 1139 617 1196 agro
649 1124 748 1180 hostes
776 1124 847 1181 nulli
880 1108 964 1182 eitra
995 1122 1103 1181 moenie
1134 1120 1260 1187 inventi3

204 1224 295 1297 predas
322 1234 412 1296 actm,
443 1226 640 1301 incendiisque
668 1228 802 1304 villarum
829 1246 865 1285 sc
895 1227 1011 1304 frugum
1037 1226 1146 1284 vastati
1172 1227 1260 1293 fines,

205 1328 299 1402 oppida
310 1347 361 1386 uec
378 1341 549 1406 oppugnata
563 1347 616 1388 nec
636 1327 756 1389 obsessa
776 1309 853 1392 sunt.
885 1335 930 1390 At
948 1333 979 1390 in
995 1332 1111 1390 Volscis
1129 1331 1291 1406 depopu-tt

204 1433 253 1488 lato
272 1452 346 1508 agro
369 1437 479 1493 Anxur
499 1437 692 1511 nequicquam
714 1447 925 1512 oppugnatum,
945 1437 1012 1495 loco
1037 1436 1097 1495 alto
1112 1435 1209 1505 sitnm,
1230 1451 1261 1492 et

205 1546 346 1613 postquam
375 1540 420 1598 vis
447 1540 530 1598 irrita
561 1550 639 1612 erat,
676 1542 755 1600 vallo
787 1541 929 1616 fossaque
960 1542 1087 1600 obsideri
1119 1550 1258 1617 coeptum3

205 1643 310 1702 Valerio
323 1633 428 1704 Potito
441 1646 543 1704 Volsci
555 1647 707 1721 provincia
727 1656 874 1706 evenerat.
917 1649 986 1705 Hoc
999 1657 1077 1704 statu
1092 1645 1258 1703 militarium
1272 1649 1288 1704 'l

205 1767 295 1820 rerum,
316 1752 424 1810 seditio
445 1751 582 1809 intestina
605 1751 716 1809 maiore
738 1752 815 1809 mole
836 1762 952 1822 coorta,
974 1771 1063 1826 quam
1084 1751 1162 1809 balla
1183 1759 1259 1808 tree-

206 1855 348 1927 tabantur3
374 1866 403 1914 et
424 1873 513 1930 quum
535 1855 674 1914 tributum
696 1856 822 1916 conferri
842 1875 897 1932 per
916 1856 1048 1914 tribunos
1069 1875 1129 1914 non
1150 1862 1259 1931 posset,

207 1977 247 2015 neo
265 1962 440 2038 stipendium
462 1961 686 2037 imperatoribus
707 1961 879 2032 mitteretur,
899 1980 1017 2036 seraque
1030 1960 1168 2018 militarie
1175 1959 1259 2034 flagi·

206 2071 267 2120 bret
292 2067 393 2138 miles,
421 2065 500 2122 haud
527 2066 629 2141 procul
658 2075 737 2139 eret,
767 2067 837 2141 quin
869 2075 967 2124 castre
993 2084 1110 2140 quoque
1138 2066 1258 2121 urbane

206 2169 338 2229 seditionis
370 2170 545 2246 contagione
570 2173 765 2239 turbarentur.
789 2165 796 2180 ’
820 2173 902 2230 Inter
928 2174 983 2229 has
1009 2173 1070 2230 iras
1102 2169 1195 2245 plebis
1227 2167 1288 2231 in8

206 2282 302 2346 patres,
335 2284 429 2352 quum
458 2276 566 2335 tribuni
595 2277 674 2352 plebi
702 2295 778 2334 nunc
805 2276 877 2334 illud
905 2286 1020 2353 tempus
1047 2295 1112 2334 esse
1131 2274 1260 2332 dicerent

208 2378 372 2438 stabiliendae
404 2377 548 2440 libertatis
575 2392 604 2439 et
630 2381 667 2439 ab
689 2381 805 2457 ,Sergiis
832 2382 1037 2458 Verginiisque
1062 2381 1101 2438 ad
1130 2378 1259 2456 plebeios

208 2481 271 2538 siros
291 2484 385 2542 fortes
408 2504 442 2544 ee
463 2495 596 2544 strennos
617 2487 810 2545 transferendi
827 2487 933 2545 summi
942 2487 1071 2556 honoris,
1091 2490 1289 2546 sentement

208 2586 269 2644 ultre
288 2608 460 2664 processum
484 2602 544 2662 est,
567 2610 654 2666 quem
676 2601 709 2648 ut
729 2609 804 2660 upus
825 2611 864 2649 ex
883 2592 985 2667 plebe,
1006 2589 1168 2666 usurpandi
1187 2587 1259 2646 iuris

210 2707 289 2764 sauss,
309 2697 346 2754 P.
372 2697 500 2754 Licinius
522 2695 631 2754 Calvus
652 2696 785 2755 tribunus
808 2696 930 2755 militnm
952 2696 1098 2754 consulari
1114 2702 1259 2771 potestate

209 2800 351 2870 bearetur,
384 2802 473 2860 ceteri
493 2802 608 2878 patricii
629 2802 735 2873 creati,
766 2804 804 2863 P.
826 2802 972 2871 Manlius,
1000 2802 1036 2859 L.
1058 2800 1201 2869 Titinius,
1223 2799 1258 2856 P·
1269 2806 1310 2888 ,¹⁰

209 2896 317 2976 ussus,
344 2907 733 2978 L.,FuriusMedn11inus,
762 2907 798 2964 n.
826 2906 970 2964 retusus
998 2906 1135 2964 volscus.
1186 2887 1307 2979 specu
1460 2895 1478 2930 ¹

210 3005 290 3078 plebes
312 3011 487 3083 mirabatur,
508 3031 541 3068 se
560 3020 673 3069 tantem
694 3031 756 3069 rem
778 3010 947 3081 obtinuisse,
967 3010 1068 3068 nonis
1088 3011 1187 3079 modo,
1208 3009 1258 3085 qui
1270 2980 1435 3103 22:¹33ssss

211 3122 304 3172 creatus
335 3126 417 3187 erat,
451 3117 498 3174 vir
523 3117 608 3174 nullis
636 3126 703 3176 ante
729 3116 890 3174 honoribus
914 3134 1000 3186 usus,
1035 3122 1119 3172 vetus
1145 3123 1258 3171 tantum

210 3226 307 3277 tenatur
331 3231 364 3278 et
384 3231 469 3280 aetate
490 3223 549 3281 iam
569 3224 683 3299 gravis3
704 3241 758 3279 nee
779 3220 851 3278 satis
872 3229 995 3290 constet,
1019 3238 1071 3277 eur
1091 3219 1202 3293 primus
1223 3235 1258 3274 ac
1272 3219 1309 3274 12

211 3323 358 3392 potissimus
381 3327 420 3384 ad
448 3345 556 3385 novum
583 3328 767 3385 delibandum
792 3327 931 3384 bonorem
959 3325 997 3382 sit
1023 3323 1150 3380 habitus.
1196 3322 1258 3380 Alii

212 3421 250 3484 Cn.
270 3427 397 3488 Cornelii
418 3431 532 3500 fratris,
562 3433 612 3506 qni
633 3433 765 3490 tribunus
787 3431 908 3488 militum
935 3429 1033 3505 priore
1060 3445 1137 3484 anno
1161 3426 1258 3484 fuerat

212 3530 353 3611 tipleane
375 3536 550 3611 stipendium
573 3537 718 3611 equitibus
744 3537 880 3604 dederat,
907 3533 1004 3608 gretia
1028 3541 1191 3590 extractum
1218 3532 1257 3588 ad

213 3639 302 3696 unum
328 3642 471 3698 honorem
495 3641 631 3712 credunt3
664 3641 713 3698 alii
741 3641 904 3698 orationem
932 3639 1028 3714 ipsum
1054 3636 1256 3712 tempestivam

214 3736 239 3794 dc
263 3745 415 3804 concordia
445 3746 592 3816 ordinum,
628 3745 759 3821 patribus
785 3745 923 3820 plebique
950 3753 1081 3819 gratam,
1110 3742 1256 3800 habuisse.

214 3841 264 3902 Hae
273 3851 393 3910 victoria
404 3851 586 3908 comitiorum
599 3851 777 3909 exsultantes
790 3848 898 3906 tribuni
912 3848 1015 3923 plebis,
1037 3849 1116 3923 qnod
1130 3846 1258 3905 maxime
1266 3849 1310 3904 ⁴13

214 3966 259 4008 fem
283 3957 427 4030 publicam
459 3953 651 4031 impediebat,
683 3956 719 4012 de
748 3955 857 4012 tributo
882 3953 1064 4012 remiserunt.
1111 3949 1258 4010 Collatum

216 4056 358 4121 obedienter
379 4062 559 4136 missumque
580 4061 619 4118 ed
639 4059 797 4120 exercitum
820 4067 872 4117 est.
1019 4121 1022 4126 ,

278 4169 381 4226 Anxur
402 4168 433 4226 in
455 4165 571 4224 Volscis
595 4165 676 4222 brevi
697 4173 844 4238 receptum
867 4171 928 4233 est,
955 4162 1093 4237 neglectis
1114 4161 1161 4218 die
1180 4160 1256 4218 festo
1312 4155 1352 4224 13

217 4271 328 4335 custodiis
350 4273 443 4333 urbis.
492 4271 618 4345 Insignis
640 4288 733 4327 eunus
754 4261 849 4326 hieme
875 4267 971 4341 gelida
1000 4285 1036 4323 ac
1063 4265 1167 4322 nivosa
1192 4263 1257 4334 fuit,
