3392 5084
535 550 613 600 Liber
629 551 666 600 11.
713 553 761 613 (Δ.
781 551 828 601 Cb.
850 551 923 617 509.)
1183 557 1221 612 69

223 732 287 787 illum
305 731 470 789 acerrimum
492 750 593 808 regum
615 737 740 806 hostem,
763 735 859 810 ipsum
871 735 1037 810 cupiditatis
1058 735 1141 810 regni
1155 735 1262 792 crimen

223 837 357 893 subiturum
368 837 519 894 timerem?
540 840 616 915 Ego,
627 841 653 898 si
663 841 693 897 in
707 841 772 916 ipsa
788 859 855 897 arce
868 839 1073 915 Capitolioque
1087 841 1262 910 habitarem,
1279 845 1314 899 10

221 942 292 997 metui
310 961 352 998 me
375 943 522 1000 crederem
547 962 667 1018 possea
684 946 796 1003 civibus
820 945 915 1003 meis?
938 947 1013 1004 Tam
1035 946 1093 1004 levi
1114 955 1262 1002 momento

221 1065 272 1102 nea
289 1047 361 1121 apud
379 1047 528 1105 rosfema
547 1050 677 1123 pendet?
707 1051 831 1108 Adeone
853 1061 897 1107 est
914 1049 1039 1108 fundata
1062 1051 1164 1106 leviter
1180 1050 1261 1120 fides,

219 1161 252 1219 ut,
268 1152 312 1208 ubi
330 1151 392 1221 aim,
419 1171 507 1226 quarn
530 1154 579 1228 qui
609 1155 679 1224 sim,
713 1156 806 1230 magis
839 1155 973 1213 referat?
1007 1157 1077 1214 Non
1105 1156 1262 1211 obstabunt
1278 1160 1309 1214 ll

218 1256 297 1312 Publii
315 1257 423 1314 Valerii
444 1258 521 1315 tedes
543 1259 670 1317 libertati
690 1270 809 1329 vestra,
843 1260 984 1333 Quiritem
1017 1271 1080 1317 tuta
1102 1260 1156 1316 erit
1176 1261 1260 1317 vobis

217 1361 301 1430 Velia3
332 1361 462 1420 deferam
494 1383 552 1420 non
574 1365 604 1421 in
626 1366 745 1440 planum
768 1367 856 1422 modo
878 1367 971 1438 redes,
1009 1366 1060 1422 sed
1083 1363 1149 1421 colli
1173 1363 1259 1420 etium

215 1467 353 1537 sublicium,
374 1477 408 1525 ut
429 1487 483 1526 vos
504 1487 593 1545 supra
615 1480 780 1545 suspectum
803 1489 850 1527 me
872 1470 964 1527 civem
985 1471 1137 1538 habitetis3
1158 1470 1188 1527 in
1200 1469 1260 1525 Ve-

213 1573 248 1628 lia
263 1573 401 1644 edificent,
424 1575 528 1648 quibus
550 1577 651 1633 melius
666 1595 754 1650 quam
780 1579 816 1635 P.
828 1576 951 1632 Valerio
969 1576 1095 1633 creditur
1109 1575 1258 1633 libertas“.

213 1677 304 1734 Deleta
328 1678 480 1737 confestim
506 1681 627 1738 materie
649 1682 742 1739 omnis
771 1681 849 1738 infra
871 1681 987 1738 Veliam
1022 1689 1068 1751 ct,
1104 1680 1154 1737 ubi
1180 1697 1257 1736 nune
1276 1682 1311 1736 12

213 1783 350 1859 Vicepotae
384 1796 446 1856 est,
496 1787 600 1844 domus
632 1786 662 1842 in
699 1786 798 1843 infimo
832 1787 908 1843 clivo
956 1785 1105 1843 aedificata.
1176 1786 1257 1842 Latae
1330 1781 1353 1848 8

212 1887 299 1946 deinde
316 1891 404 1966 leges,
426 1910 485 1948 non
506 1892 599 1949 solum
623 1910 688 1967 quoe
702 1891 785 1965 regni
809 1891 973 1966 suspicione
991 1891 1137 1948 consulem
1161 1891 1257 1948 absol·

213 2004 310 2064 nerent,
338 1997 389 2052 sed
415 2014 480 2069 quae
502 1997 576 2054 adeo
599 1998 629 2054 in
654 1996 831 2055 contrarium
858 2005 1010 2066 verterent,
1034 2005 1065 2052 ut
1086 1996 1256 2071 popularem

212 2099 284 2156 etiarn
303 2099 446 2169 facerent-3
479 2102 547 2158 inde
568 2120 729 2178 cognomen
752 2099 862 2158 lactum
885 2101 1044 2159 Publicolae
1067 2110 1119 2160 est.
1180 2093 1288 2157 Aule2

211 2207 348 2263 enneade
368 2207 578 2281 provocatione
607 2207 747 2265 adversus
769 2206 956 2280 magistratus
980 2207 1018 2262 ad
1040 2205 1179 2280 populum
1211 2223 1258 2260 sa-

210 2312 357 2386 crandoque
381 2330 448 2369 curu
471 2313 555 2369 bonis
576 2313 672 2388 capite
693 2312 770 2381 eius,
803 2311 854 2386 qui
888 2311 969 2385 regni
997 2308 1159 2384 occupandi
1187 2327 1257 2364 con-

211 2414 263 2470 silia
283 2415 387 2485 inisset,
408 2425 500 2491 grata
529 2419 559 2475 in
588 2421 693 2494 vulgus
714 2418 793 2492 leges
819 2416 910 2473 fuere.
958 2415 1039 2489 Quas
1062 2432 1151 2488 quum
1175 2413 1288 2470 solus3

210 2521 371 2592 pertulisset,
406 2532 440 2578 ut
461 2539 514 2578 sua
536 2524 620 2580 unius
642 2523 672 2580 in
695 2523 740 2579 his
761 2521 858 2596 gratia
879 2529 964 2590 esset,
986 2531 1046 2577 tum
1071 2521 1186 2576 d'emum
1208 2537 1258 2576 oo-

209 2626 274 2682 nitia
301 2627 422 2702 collega⁴
458 2628 646 2704 subrogando
684 2627 794 2684 habuit.
869 2625 993 2682 Crestus
1026 2625 1076 2700 Sp.
1103 2625 1288 2682 Lucretius4

211 2731 309 2801 consul,
344 2732 394 2806 qui
416 2751 523 2806 magno
548 2725 637 2804 natu,
676 2752 734 2790 non
763 2730 971 2788 sufficientibus
997 2731 1056 2788 iam
1083 2731 1193 2788 viribus
1216 2730 1255 2786 ad

210 2835 353 2894 musularia
376 2855 499 2894 munera
523 2840 671 2907 obeunda,
700 2839 777 2894 intra
797 2854 907 2910 paucos
929 2835 990 2892 dies
1011 2837 1141 2893 moritur.
1190 2834 1257 2893 Suf-

211 2936 285 2997 fectus
305 2942 333 2998 in
355 2942 485 3000 Lucretii
507 2944 602 3002 locum
623 2945 665 3004 M.
689 2943 831 3001 Horatius
853 2940 1004 2998 Pulvillus.
1052 2940 1141 3015 Apud
1167 2946 1287 3014 quos-5

210 3043 262 3101 dam
281 3057 391 3104 veteres
413 3057 546 3105 auctores
567 3066 626 3105 non
647 3048 763 3105 invenio
785 3047 953 3104 Lucretium
975 3046 1140 3114 consulem3
1163 3046 1255 3102 Bruto

210 3151 286 3208 stetim
305 3152 462 3209 Horatium
484 3163 657 3228 suggerunt3
680 3154 778 3223 credo,
804 3153 875 3227 quia
894 3152 974 3208 nulla
993 3159 1077 3226 gesta
1096 3169 1144 3207 res
1165 3150 1256 3224 insig-

210 3269 259 3309 nem
278 3256 377 3314 fecerit
398 3258 591 3327 consulat-mn,
613 3258 786 3316 memoriam
810 3257 999 3314 intercidisse.

274 3361 412 3418 Nondum
434 3362 568 3420 dedicata
591 3373 655 3420 erat
675 3363 706 3419 in
727 3361 874 3436 Capitolio
896 3361 977 3418 Iovis
1002 3360 1094 3428 aedes;
1120 3360 1287 3419 Valeriusb

211 3458 388 3539 Horatiusque
398 3467 531 3524 consules
554 3467 658 3535 sortiti,
673 3475 737 3523 uter
751 3466 906 3523 dedicaret.
952 3463 1079 3522 Horatio
1096 3475 1175 3556 sorte
1190 3485 1256 3522 eve·

211 3563 255 3633 nit3
273 3570 421 3627 Publicola
442 3571 481 3626 ad
492 3572 655 3628 Veientium
677 3571 784 3628 bellum
806 3569 963 3646 profectus.
1006 3570 1148 3646 AEgrius,
1168 3577 1286 3644 quaml

212 3665 308 3741 (lignum
329 3684 403 3742 erat,
426 3675 517 3731 tulere
538 3676 651 3733 Valerii
671 3676 835 3745 necessarii,
857 3675 1066 3732 dedicationem
1083 3684 1144 3732 tem
1167 3675 1257 3732 incliti

213 3777 291 3850 ttnlpli
317 3779 442 3836 Horatio
473 3779 547 3839 dari.
614 3781 651 3837 Id
687 3781 821 3838 omnibus
853 3780 947 3837 modis
979 3780 1119 3854 impedire
1150 3780 1257 3849 eonati,

214 3888 343 3955 postquam
376 3884 435 3940 alia
463 3883 572 3941 frustra
594 3893 706 3941 tentata
725 3895 817 3956 erant,
839 3895 951 3961 postem
975 3886 1032 3941 iam
1055 3885 1164 3942 tenenti
1187 3903 1256 3941 con-

215 3981 256 4038 ruli
274 3986 386 4045 foedum
408 3989 483 4045 inter
507 3990 702 4064 precationem
724 3991 810 4046 deum
835 3991 969 4048 nuntium
990 3990 1147 4059 incutiunt,
1179 4007 1256 4046 mor·

216 4093 277 4146 mun
294 4093 352 4150 eius
373 4094 463 4150 filium
486 4113 566 4166 esse,
596 4094 770 4170 funestaque
802 4095 914 4152 familia
935 4096 1070 4152 dedicere
1095 4113 1160 4151 eum
1183 4103 1253 4150 tem·

216 4186 276 4257 llum
293 4216 348 4254 non
369 4216 465 4274 posse.
511 4201 582 4257 Non
603 4201 758 4258 crediderit
776 4200 904 4271 factum,
941 4219 979 4257 an
1007 4208 1119 4257 tantum
1157 4198 1285 4257 animo8

217 4293 306 4358 oborn
332 4302 435 4375 fuerit,
463 4323 518 4361 nec
538 4305 665 4362 traditur
684 4315 794 4364 certum
834 4325 889 4365 neo
917 4306 1119 4380 interpretatio
1144 4315 1188 4362 est
1210 4303 1254 4360 fa-
