3392 5084
478 523 537 582 228
785 521 864 573 Liber
880 523 914 572 X.
952 522 1030 586 (Aa
1040 537 1062 599 c.
1072 506 1146 585 41111.)

406 709 421 763 7
436 718 524 777 stem;
546 708 634 764 biduo
653 707 725 765 nihil
748 707 867 781 dignum
882 708 960 764 dictu
975 716 1087 774 actum3
1110 707 1197 780 pauci
1212 707 1350 780 utrinqne
1363 703 1487 768 occidue,

436 812 588 886 magisque
618 811 723 870 irritati
752 822 819 868 sunt
851 812 888 868 ad
909 810 1016 867 iustum
1044 820 1190 868 certamen
1218 812 1308 867 animi
1342 827 1428 882 quam
1456 807 1486 862 ad

437 916 590 974 discrimen
617 933 731 974 samma
757 935 854 974 rerum
880 918 1013 974 adducta.
1064 917 1167 974 Tertio
1195 917 1244 973 dia
1272 916 1439 971 descensum
1462 912 1487 966 in

406 1022 570 1096 Scampum
594 1020 728 1078 omnibus
749 1020 840 1095 copiis
867 1028 920 1076 est.
970 1021 1066 1093 Quum
1093 1023 1240 1078 instruct-re
1269 1019 1362 1104 acies!
1378 1025 1486 1079 starent,

437 1146 524 1184 cerva
537 1126 651 1202 fugiens
672 1124 774 1202 lupum
796 1143 812 1180 1
834 1125 981 1182 montibus
1002 1136 1109 1182 exacta
1128 1144 1182 1201 per
1195 1143 1318 1199 campos
1338 1125 1411 1179 inter
1424 1123 1487 1178 dues

436 1233 513 1290 aries
528 1232 668 1299 decurrit3
689 1230 757 1288 inde
770 1231 893 1287 diverso
907 1230 985 1302 iera,
999 1249 1087 1288 cerva
1102 1231 1141 1288 ad
1155 1230 1270 1298 Gallos,
1286 1231 1371 1304 lupus
1384 1229 1423 1284 ed
1436 1229 1489 1284 Ro·

436 1355 538 1394 manos
554 1355 670 1394 cursum
692 1337 819 1400 deflexit,
868 1337 953 1410 Lupo
975 1337 1044 1392 data
1065 1338 1140 1393 inter
1161 1335 1278 1392 ordines
1299 1335 1362 1403 via3
1382 1351 1488 1389 cervam

405 1442 518 1504 9Galli
544 1443 699 1503 confixere.
748 1443 826 1500 Tum
854 1461 891 1498 ax
913 1441 1110 1516 antesignanis
1133 1443 1284 1498 Romanus
1305 1440 1387 1498 miles
1409 1438 1490 1506 „Illac

348 1547 354 1556 '
436 1547 526 1622 fuga“
542 1547 635 1622 inquit
652 1557 700 1616 „et
714 1545 917 1615 credes'vertit,
937 1547 989 1603 ubi
1002 1564 1116 1602 sacram
1131 1547 1237 1602 Dianae
1251 1544 1345 1602 feram
1359 1545 1488 1600 iacentem

437 1653 558 1721 videtis3
580 1651 647 1708 hinc
668 1652 763 1709 victor
783 1651 908 1708 Martius
929 1650 1029 1725 lupus,
1050 1652 1162 1726 integer
1190 1658 1220 1707 11
1242 1651 1377 1718 intactus,
1406 1647 1489 1722 gentis

387 1763 423 1818 10
436 1776 490 1814 nos
520 1757 635 1814 Martia
662 1765 691 1812 et
724 1755 881 1812 conditoris
911 1755 1003 1810 nostri
1033 1756 1212 1815 admonuit.“
1266 1756 1381 1811 Dextro
1409 1771 1489 1809 cornu

273 1875 299 1926 ο
437 1863 531 1931 Galli,
557 1861 674 1918 sinistro
697 1860 843 1923 Samnites
869 1859 1067 1917 constiterunt
1120 1861 1271 1918 Adversus
1294 1858 1437 1918 Samnites
1456 1856 1489 1927 Q.

436 1966 546 2024 Fabius
567 1966 691 2040 primam
714 1985 748 2022 ac
771 1964 888 2022 tertiam
907 1964 1049 2038 legionem
1071 1985 1126 2040 pro
1147 1966 1251 2022 dextro
1273 1983 1375 2033 cornu,
1395 1963 1491 2019 adver·

437 2089 485 2130 sus
508 2071 613 2130 Gallos
642 2088 697 2145 pro
725 2070 841 2126 sinistro
865 2069 974 2127 Decius
995 2070 1126 2143 quintam
1159 2080 1188 2126 et
1208 2080 1323 2126 sextam
1352 2065 1490 2131 instruxit

387 2175 420 2229 11
437 2177 564 2258 secunda
594 2185 622 2232 at
648 2182 754 2247 quarta
780 2191 845 2230 cum
873 2175 907 2232 L.
934 2175 1093 2232 Volumnio
1122 2176 1296 2250 proconsule
1323 2175 1356 2230 in
1381 2170 1489 2230 Sammo

436 2282 556 2356 gerebat
578 2280 694 2338 bellum.

520 2385 620 2442 Primo
666 2399 807 2439 concursu
851 2383 926 2440 adeo
968 2385 1058 2458 aeqnis
1094 2384 1204 2440 viribus
1245 2393 1330 2457 gesta
1362 2401 1408 2438 res
1446 2390 1491 2444 111,

436 2500 477 2557 ut,
513 2490 539 2545 si
574 2487 724 2546 affuissent
760 2487 879 2544 Etrusci
916 2498 945 2545 et
978 2489 1099 2557 Umbri,
1125 2499 1186 2544 aut
1220 2489 1252 2544 in
1287 2487 1351 2545 acia
1386 2495 1435 2543 aut
1467 2485 1492 2539 in

438 2593 557 2662 castris,
589 2611 761 2668 quocunque
793 2611 825 2650 sa
845 2592 1047 2661 inclinassent,
1082 2593 1253 2667 accipienda
1281 2591 1380 2648 clades
1406 2590 1493 2647 fuerit

340 2693 389 2764 28
439 2697 574 2756 Ceterum
602 2715 768 2772 quanquam
797 2697 958 2753 communis
979 2697 1075 2754 adhuc
1096 2699 1178 2754 Mars
1199 2698 1268 2754 belli
1288 2707 1354 2755 arat
1381 2696 1493 2752 necdum

363 2871 368 2886 Ι
437 2804 591 2860 discrimen
605 2803 724 2861 fortuna
744 2802 863 2869 lecerat,
885 2819 944 2874 qua
957 2801 1063 2858 datura
1076 2802 1153 2859 vires
1167 2814 1253 2873 esset,
1274 2793 1493 2876 haudquaquam

405 2907 536 2964 isimilis
558 2926 658 2982 pugna
684 2909 714 2964 in
736 2907 839 2963 dextro
867 2906 1000 2978 laevoque
1029 2924 1120 2962 cornu
1148 2916 1219 2962 erat.
1270 2908 1398 2964 Romani
1424 2902 1493 2977 apud

436 3011 561 3068 Fabium
590 3013 730 3068 arcebant
758 3011 852 3084 magis
880 3027 967 3082 quam
989 3009 1153 3066 inferebant
1167 3029 1309 3085 pugnam,
1330 3009 1493 3110 extraheba-

407 3118 541 3188 3turque
561 3117 590 3170 in
615 3134 702 3188 quam
725 3114 853 3170 maxime
884 3131 980 3170 serum
1009 3115 1067 3182 diei
1088 3124 1252 3184 certamen,
1285 3117 1356 3189 quie
1375 3116 1418 3171 ita
1437 3131 1493 3187 per·

437 3237 554 3277 suasum
577 3231 640 3276 erat
662 3220 736 3288 duci,
760 3229 788 3276 et
810 3217 956 3276 Samnites
978 3230 1008 3276 et
1022 3219 1127 3278 Gallos
1142 3221 1236 3295 primo
1256 3221 1371 3296 impetu
1391 3218 1493 3276 ferora

406 3330 509 3393 llesse,
536 3343 609 3398 quos
631 3323 766 3380 sustineri
789 3324 862 3379 satis
883 3325 933 3392 sit3
961 3324 1093 3398 longiore
1121 3325 1281 3381 certamine
1305 3326 1413 3381 sensim
1432 3321 1494 3379 resi·

332 3443 338 3457 ‘
438 3429 506 3484 dero
527 3427 699 3486 Samnitium
722 3428 852 3498 animos,
877 3428 1032 3486 Gallorum
1054 3429 1171 3502 quidem
1193 3430 1282 3486 etiam
1306 3448 1441 3505 corpora,
1458 3429 1494 3482 in·

438 3533 661 3590 tolerantissime
693 3533 804 3589 laboris
837 3542 1042 3605 coqueremus,
1072 3535 1179 3603 fluere,
1211 3535 1370 3609 primaque
1405 3549 1495 3591 eorum

437 3637 540 3710 proelia
560 3637 625 3710 plus
648 3617 735 3710 auam
758 3637 904 3705 virorum,
930 3635 1080 3710 postrema
1099 3639 1194 3697 minus
1215 3657 1307 3712 qnam
1331 3639 1495 3696 feminarum

408 3745 512 3798 511111.
561 3741 596 3796 In
620 3742 649 3797 id
671 3751 785 3816 tempus
814 3741 916 3814 igitur,
946 3761 1004 3816 quo
1032 3744 1110 3800 vinci
1138 3743 1254 3801 solebat
1280 3745 1391 3813 hostis,
1418 3757 1496 3816 quam

407 3844 637 3919 dintegerrimas
661 3845 738 3900 vires
767 3844 851 3900 militi
872 3847 1018 3902 servabat.
1064 3849 1206 3904 Ferocior
1226 3850 1340 3905 Decius
1367 3853 1496 3904 11111111

437 3950 581 4024 strigare
596 3949 694 4018 animi,
717 3959 971 4023 quantumcunque
985 3951 1090 4008 virium
1105 3953 1217 4023 habuit,
1238 3953 1400 4009 cartamine
1412 3951 1496 4026 primo

439 4051 547 4109 effudit.
590 4055 629 4110 Et
651 4053 719 4125 quia
742 4053 846 4110 lentior
866 4055 1187 4131 videbatnr'pedastris
1208 4075 1319 4132 pugna,
1345 4058 1496 4130 equitatum

408 4157 467 4213 lin
489 4174 615 4230 pugnam
637 4157 773 4225 concitat,
796 4167 824 4213 et
837 4159 907 4234 ipse
922 4159 1086 4217 fortissimae
1106 4162 1245 4218 iuvenum
1267 4174 1372 4218 turmae
1392 4160 1497 4219 immix-
