3392 5084
460 537 519 594 222
765 531 903 588 Liber'IV.
937 535 986 599 (Δ.
999 530 1061 583 n'c.
1075 533 1148 597 823.)

417 728 514 778 castra
542 721 667 778 consulis
697 741 758 780 rem
792 723 822 779 in
852 709 953 778 casum
983 716 1118 793 ancipitis
1142 725 1264 774 eventus
1294 717 1482 774 committunt

417 821 538 881 Clamor
565 827 661 884 subito
696 836 776 885 ortus
804 845 865 884 non
895 823 1023 882 consulis
1052 821 1140 879 modo
1169 821 1291 896 vigiles,
1329 823 1482 895 exercitum

403 927 521 999 ‘deinde
553 949 682 1002 omnem,
719 933 770 989 sed
806 932 977 989 dictatorem
1010 945 1129 1002 quoque
1160 945 1198 984 ex
1231 947 1340 986 somno
1376 928 1483 986 excivit

387 1023 477 1094 lUbi
498 1037 632 1110 prasenti
654 1056 710 1112 ope
738 1055 785 1094 res
808 1036 951 1111 egebant,
983 1008 1162 1092 conscl‘nec
1183 1020 1284 1089 animo
1305 1033 1420 1099 defecit
1439 1051 1483 1089 nec

416 1113 550 1198 consiliii:
572 1159 642 1217 pars
664 1141 786 1199 militum
801 1149 954 1217 portarum
975 1139 1116 1197 stationes
1132 1139 1264 1210 >mant
1287 1157 1364 1214 pars
1384 1131 1483 1196 corona
1529 1167 1530 1178 ι

386 1245 524 1305 8vallum
546 1246 673 1322 cingunt.
717 1249 753 1305 In
776 1246 876 1305 alteris
890 1245 970 1320 apud
990 1245 1163 1303 dictatorem
1184 1245 1290 1302 camus
1311 1263 1380 1319 quo
1399 1244 1482 1301 minus
1528 1252 1530 1285 ³

415 1351 553 1408 tumultus
586 1362 639 1422 est,
671 1371 706 1409 eo
737 1352 812 1428 plus'
830 1350 1087 1420 animadvertitur,
1121 1350 1192 1424 quid
1224 1367 1300 1426 opus
1334 1348 1422 1406 facto
1445 1350 1483 1405 sit

414 1456 538 1514 Missum
547 1456 706 1532 extemplo
729 1457 767 1513 ad
788 1465 886 1514 castra
906 1455 1076 1525 subsidium,
1098 1449 1144 1511 cui
1166 1455 1218 1530 Sp.
1236 1454 1417 1513 Postumius
1436 1454 1482 1510 Al
1529 1475 1530 1498 ι

414 1563 469 1618 bus
499 1539 613 1637 legatus
629 1591 630 1596 ι
644 1562 813 1637 praeficitur3
845 1563 909 1638 ipsc
936 1570 1021 1636 parte
1053 1558 1203 1634 copiarum
1235 1578 1331 1635 parvo
1370 1559 1483 1617 circuitu
1529 1571 1530 1576 ’

414 1667 660 1737 Ιοιιιιιιιιιιικίιιιο
682 1677 824 1725 secretum
847 1668 885 1724 ab
907 1667 1031 1723 tumultu
1049 1644 1136 1739 petit,¹
1151 1663 1228 1720 unde
1249 1681 1288 1721 ex
1309 1650 1483 1741 necopinato
1529 1677 1530 1710 1

384 1781 550 1837 traversum
585 1774 700 1830 hostem
736 1773 881 1842 invadat„
928 1771 964 1844 Q.
1002 1769 1163 1844 Sulpicium
1197 1769 1329 1843 legatum
1371 1772 1484 1847 preficit
1529 1813 1530 1816 ,

415 1863 531 1946 c'aitris3
562 1877 604 1934 Μ.
633 1878 728 1936 Fabio
760 1879 858 1954 legato
892 1876 1023 1950 assignat
1049 1872 1177 1948 equites,
1209 1892 1264 1932 neo
1294 1885 1371 1933 ante
1399 1875 1483 1933 lucem

414 2001 532 2040 movere
552 1984 634 2042 iubet
655 2003 774 2041 manum
792 1985 868 2040 inter
884 1962 1051 2038 ⁴nocturnos
1082 1978 1223 2037 tumultus
1250 1979 1416 2038 moderatu
1436 1979 1484 2036 dii·
1529 1997 1530 2030 1

414 2087 528 2144 ficilem.
577 2087 693 2158 Omnia,
716 2109 780 2163 quae
800 2090 848 2145 vel
871 2077 945 2144 alius
975 2079 1136 2161 imperator
1157 2085 1285 2160 prudens
1308 2094 1341 2142 et
1364 2085 1484 2162 impiger
1529 2103 1530 2137 ι

364 2201 401 2256 10
413 2193 444 2248 in
465 2191 517 2249 tali
531 2211 563 2248 re
577 2193 746 2269 praeciperet
761 2201 927 2268 ageretque,
948 2191 1079 2267 praecipit
1093 2191 1195 2248 ordine
1209 2201 1300 2264 atque
1315 2191 1399 2266 agit3
1421 2191 1484 2248 illud

414 2297 550 2354 eximium
566 2297 678 2355 consilii
689 2297 836 2372 animique
847 2298 994 2373 specimen
1009 2305 1039 2354 ct
1051 2297 1221 2371 neutiquam
1235 2297 1372 2372 vulgatas
1386 2297 1483 2366 laudis,
1529 2317 1530 2350 3

414 2403 493 2477 quod
507 2404 584 2459 ultro
600 2403 638 2458 ud
661 2405 859 2478 oppugnanda
874 2412 971 2460 castra
984 2400 1122 2469 hostium,
1134 2401 1222 2457 'unde
1235 2401 1354 2460 maiore
1370 2403 1481 2478 agmine
1528 2433 1530 2439 ⁴

412 2506 560 2582 profectos
584 2506 768 2582 exploratum
783 2507 889 2578 fuerat,
910 2509 953 2566 M.
969 2505 1136 2580 Geganium
1152 2523 1219 2562 oum
1239 2502 1421 2566 cohortibus
1434 2509 1480 2568 de
1529 2553 1530 2560 ι

362 2617 394 2670 11
411 2613 492 2694 lectis
507 2612 593 2668 misit.
627 2613 695 2686 ,Qui
717 2621 874 2689 postquam
895 2613 1022 2669 intentos
1036 2610 1168 2668 homines
1189 2611 1220 2666 in
1243 2621 1387 2670 eventum
1411 2613 1480 2689 peri-

411 2717 468 2774 culi
486 2717 587 2789 alieni,
608 2737 663 2793 pro
683 2737 714 2775 se
734 2719 868 2775 incautos
889 2716 1029 2792 neglectis
1049 2715 1157 2790 vigiliis
1177 2716 1420 2794 stationibusque
1443 2727 1481 2774 est
1529 2743 1530 2756 2

411 2822 539 2894 adortus,
561 2823 641 2899 prius
657 2836 739 2900 paene
761 2823 837 2900 cepit
861 2832 968 2894 castra,
990 2841 1077 2896 quam
1100 2822 1265 2896 oppugnari
1284 2824 1393 2880 hostes
1414 2823 1481 2880 satis

361 2927 396 2985 12
410 2915 524 2986 scirent.
570 2930 644 2987 Inde
665 2929 762 2999 fumo,
793 2936 826 2984 ut
847 2936 1038 2998 convenerat,
1067 2912 1167 2984 datum
1198 2926 1316 3000 signum
1338 2928 1394 2985 ubi
1415 2946 1481 2984 oon·
1528 2933 1530 2988 l

409 3043 539 3108 spectum
570 3035 607 3091 ab
637 3035 779 3090 dictatore
812 3043 870 3105 est,
886 3043 889 3048 “
904 3033 1059 3102 exclamat,
1089 3041 1180 3107 capta
1211 3031 1342 3089 hostium
1375 3042 1479 3099 castre,

313 3131 360 3202 28
408 3139 592 3214 nuntiarique
618 3139 729 3215 passim
758 3137 848 3198 iubet.
897 3139 937 3196 Et
961 3139 1021 3221 iam
1048 3129 1211 3194 luciscebat
1236 3137 1401 3212 omniaque
1431 3139 1481 3194 sub

327 3297 328 3302 ,
409 3245 500 3301 oculis
533 3251 624 3302 erant.
671 3243 711 3299 Et
731 3243 843 3301 Fabius
873 3263 939 3302 cum
966 3245 1097 3320 equitatu
1124 3234 1265 3318 impetum
1292 3242 1425 3300 dederat
1454 3252 1480 3298 et

409 3350 510 3406 consul
537 3349 716 3425 eruptionem
747 3368 762 3405 e
792 3351 895 3406 castris
924 3349 953 3405 in
980 3349 1108 3424 trepidos
1136 3348 1196 3404 iarn
1225 3348 1328 3404 hostes
1354 3347 1479 3414 ieceras

377 3452 533 3510 idiotator
554 3463 649 3510 autem
672 3463 756 3528 parte
778 3454 872 3526 altera
892 3455 1023 3531 subsidia
1043 3463 1072 3511 et
1093 3452 1251 3532 secundam
1273 3447 1369 3511 aciem
1392 3454 1479 3510 ador·

408 3566 464 3629 tus,
486 3535 693 3632 circumagenti
715 3577 746 3616 so
769 3559 807 3616 ad
829 3559 962 3617 dissonos
981 3560 1123 3616 clamores
1146 3575 1180 3615 ac
1201 3558 1315 3616 subitos
1337 3560 1478 3616 tumultus

378 3663 486 3720 3hosti
513 3663 643 3738 'undique
672 3663 818 3721 obiecerat
846 3665 985 3722 victorem
1010 3663 1137 3740 peditem
1165 3661 1362 3738 equitemque.
1413 3662 1479 3721 Cir-

409 3755 554 3826 cumventi
575 3769 667 3843 igitur·
684 3769 742 3825 iam
764 3769 793 3824 in
816 3770 912 3828 medio
935 3770 974 3826 ad
1001 3763 1089 3826 unum
1118 3787 1219 3825 omnes
1249 3784 1355 3842 poenas
1382 3767 1477 3825 rebel·

407 3871 492 3929 lionis
520 3873 680 3944 dedissent,
709 3874 738 3930 ni
759 3874 876 3933 Vettius
897 3875 1024 3933 Messius
1052 3894 1090 3932 cx
1115 3867 1248 3943 Volscis,
1273 3866 1403 3930 nobilior
1432 3872 1479 3927 vir

406 3976 493 4036 iactis
515 3997 601 4055 quam
618 3961 732 4055 genere,
754 3979 814 4036 ism
837 3978 938 4038 orbem
955 3980 1107 4037 volventes
1126 3998 1195 4037 suos
1217 3978 1374 4054 increpans
1394 3977 1478 4035 clara

375 4091 479 4146 ⁴lvoce
514 4087 600 4166 „Hic
620 4084 787 4160 praebitnri“
818 4084 912 4160 inquit
929 4101 1016 4153 ¹„vos
1046 4085 1112 4141 telis
1137 4083 1282 4143 hostiurn-
1295 4077 1366 4141 estis
1393 4083 1477 4140 inde·

405 4189 489 4261 sensi,
510 4189 615 4248 inulti?
644 4191 721 4264 Quid
743 4180 832 4265 igtur
854 4209 938 4247 arma
958 4189 1081 4260 habetis,
1103 4199 1155 4247 aut
1175 4189 1247 4266 quid
1267 4190 1346 4247 ultro
1366 4188 1475 4246 bellum

405 4285 554 4366 intulistis,
576 4297 605 4352 in
628 4296 688 4354 otio
709 4297 893 4385 tumultuosi,
922 4296 952 4353 in
973 4295 1051 4353 bello
1068 4294 1194 4371 segnes?
1224 4295 1303 4369 Quid
1323 4295 1372 4352 hio
1394 4301 1475 4355 ston-
