3392 5084
473 459 640 558 Liberum
678 507 781 566 (uon.
796 507 957 570 eor-oso.)
1093 559 1101 568 ,
1147 509 1231 567 117Δ

175 690 267 761 duni,
297 692 354 748 dux
385 693 473 750 etism
501 691 556 749 init
576 693 752 762 Fundanus,
783 693 935 750 Vitruvius
957 693 1089 762 Vaccus,
1118 694 1163 752 vir
1187 713 1246 754 non

175 794 267 853 domi
289 799 397 871 solum,
425 800 475 857 sed
497 799 584 858 etiem
606 800 707 858 Romae
723 799 841 884 ‘clerus3
874 799 950 855 aedes
972 797 1053 856 fuere
1074 799 1104 857 in
1129 801 1246 860 Palatio

177 904 257 974 eius,
283 924 346 980 qme
359 907 453 964 Vacci
467 915 562 981 prete,
584 905 679 964 diruto
692 905 813 963 {edificio
828 905 1036 980 publicatoque
1058 906 1130 978 solo,
1147 909 1246 985 eppei·

175 1009 254 1072 luta.
299 1013 451 1070 Adversus
471 1013 548 1070 hunc
568 986 730 1070 vastantem
752 1009 844 1069 effuse
865 1011 993 1070 Setinum
1015 1013 1280 1090 Norbanumqued

175 1127 204 1173 ot
228 1117 384 1176 Coranum
405 1137 508 1195 agrum
532 1120 567 1179 L.
589 1119 725 1194 Papirius
753 1117 900 1195 profectus
921 1118 1001 1176 haud
1020 1122 1123 1194 procul
1145 1124 1247 1182 cestris

173 1230 239 1286 eius
273 1229 416 1290 consedit.
476 1225 613 1283 Vitruvio
639 1243 709 1295 nec,
741 1234 774 1282 ut
802 1225 881 1282 vello
915 1243 947 1282 sc
976 1234 1086 1286 teneret
1108 1225 1278 1286 adversusd

172 1336 355 1393 validiorem
390 1336 520 1402 hostem,
553 1349 627 1388 seno
654 1339 787 1388 constare
819 1348 901 1387 meus
931 1350 999 1401 nec,
1026 1341 1058 1392 ut
1088 1333 1202 1410 longius
1230 1353 1248 1392 e

173 1443 284 1498 castris
306 1443 475 1511 dimicaret,
510 1439 624 1497 unitum
650 1446 819 1512 suppetere3
854 1437 906 1494 vix
932 1446 995 1496 tota
1022 1447 1105 1497 extre
1132 1439 1278 1516 portem'l

173 1561 347 1606 castrorum
371 1546 516 1623 explicatu
540 1544 618 1614 ocio,
648 1541 748 1616 iugum
776 1543 871 1618 megis
898 1552 977 1601 retro
1009 1565 1095 1621 quom
1114 1547 1248 1622 proelium

174 1665 223 1712 aut
248 1657 371 1713 hostem
394 1659 543 1729 spectante
569 1650 672 1721 milite,
704 1649 766 1706 sine
796 1649 932 1721 consilio,
964 1649 1026 1708 sine
1054 1652 1177 1709 audacia
1198 1649 1248 1709 de·

172 1771 328 1837 pugnat,
360 1760 403 1819 Ut
435 1767 464 1816 et
488 1757 546 1814 levi
574 1764 720 1812 momento
749 1773 802 1813 nec
832 1756 967 1831 ambigue
996 1766 1041 1814 est
1067 1757 1177 1830 victus,
1206 1753 1280 1816 itass

173 1867 326 1923 brevitate
347 1866 414 1940 ipss
435 1865 492 1922 loci
510 1862 647 1937 facilique
668 1871 786 1937 receptu
812 1861 842 1918 in
867 1873 927 1919 tam
959 1863 1124 1939 propinque
1152 1871 1249 1922 cestra

172 1971 251 2028 haud
277 1990 362 2046 aegre
385 1970 504 2027 militem
527 1987 545 2025 s
566 1969 658 2025 multe
683 1967 762 2024 coede
790 1977 834 2024 est
854 1977 980 2038 tutatus,
1012 1985 1065 2028 nec
1086 1970 1148 2028 iere
1170 1967 1280 2046 quis-9

173 2095 262 2151 qoem
289 2077 324 2134 in
345 2077 413 2151 ipso
433 2075 599 2143 certamine,
625 2074 712 2148 penei
731 2075 762 2130 in
782 2075 869 2131 turbe
893 2073 969 2150 ingre
991 2085 1136 2147 extremm,
1159 2095 1247 2152 quum

172 2183 332 2240 incastus
360 2190 491 2251 ruerent,
523 2180 604 2247 caesi3
635 2180 794 2254 primisque
826 2180 953 2238 tenebris
980 2181 1153 2238 Privernum
1181 2183 1249 2239 inde

172 2291 303 2364 petitum
337 2286 455 2363 agmine
484 2285 612 2361 trepido,
647 2292 681 2341 ut
709 2286 799 2342 muris
830 2287 928 2361 potius
957 2305 1045 2362 quam
1077 2289 1156 2346 vello
1185 2307 1249 2346 sese

174 2402 359 2455 tutarentur.
411 2397 442 2451 A
472 2393 616 2450 Priverno
643 2391 776 2449 Plautius
810 2392 885 2449 ulter
918 2393 1034 2463 consul,
1073 2393 1249 2468 pervastatis

172 2504 286 2576 passim
314 2500 398 2574 egris
417 2500 576 2574 praedaqne
597 2498 711 2568 abacto,
732 2498 762 2554 in
784 2516 887 2573 agrum
901 2497 1075 2556 Fundanum
1091 2501 1249 2559 exercitum

174 2607 298 2666 inducit.
351 2605 531 2681 Ingredienti
555 2606 627 2661 fines
655 2615 772 2660 senatus
797 2603 1006 2660 Fundanorum
1028 2606 1167 2676 occurrit3
1199 2625 1249 2662 ne·
1264 2603 1301 2658 10

175 2725 239 2788 gunt
265 2733 305 2770 se
327 2731 386 2787 pro
401 2709 538 2766 Vitruvio
559 2718 726 2784 sectamque
746 2710 808 2766 eius
829 2709 934 2765 secutis
955 2717 1104 2783 precatum
1126 2713 1249 2782 venisse,

176 2822 220 2876 sed
240 2839 309 2896 pro
324 2817 474 2875 Fundano
495 2814 614 2890 populo,
636 2833 722 2888 quem
744 2825 828 2871 extro
848 2814 965 2889 culpam
987 2815 1055 2872 belli
1077 2835 1141 2874 esse
1155 2817 1250 2893 ipsum

176 2923 353 2982 Vitruvium
388 2920 549 2989 indicasse,
588 2939 677 2994 quum
712 2919 925 2996 receptaculum
964 2919 1041 2994 fugae
1077 2923 1250 2980 Privernum

177 3028 331 3097 hebuerit,
362 3045 422 3082 non
443 3027 569 3101 patrium
589 3025 722 3085 Fundos.
768 3025 903 3082 Priverni
923 3025 1012 3101 igitur
1030 3029 1130 3086 hostes
1151 3027 1252 3103 populi
1266 3026 1300 3082 ll

178 3135 308 3192 Romani
331 3132 507 3208 quaerendos
527 3131 800 3206 persequendosque
828 3149 908 3200 esse,
942 3133 991 3206 qui
1020 3133 1106 3190 simul
1132 3153 1151 3190 s
1170 3134 1251 3190 Fun-

179 3239 254 3298 danis
290 3257 332 3296 oc
355 3237 514 3305 Romanis,
543 3237 693 3310 utriusque
718 3236 819 3310 putriae
846 3237 1046 3303 immemores,
1077 3238 1251 3309 defecerint3

179 3344 335 3403 Fundanis
359 3361 463 3417 paoem
485 3361 549 3398 esse
574 3351 605 3398 et
625 3341 738 3398 animos
758 3343 909 3398 Romanos
938 3351 967 3398 et
995 3353 1108 3417 grutem
1138 3363 1251 3401 memo-

181 3453 241 3510 u‘am
277 3457 418 3522 acceptte
446 3449 581 3505 civitatis.
637 3445 733 3504 Orsre
761 3463 794 3502 se
821 3447 987 3516 consulem,
1019 3457 1051 3504 ut
1076 3449 1182 3506 bellum
1213 3451 1251 3507 ab
1267 3445 1303 3504 ¹2

181 3556 299 3615 irnoxio
332 3555 449 3630 populo
478 3554 640 3620 abstineam
674 3569 778 3626 egros,
813 3553 933 3622 urbem,
966 3571 1091 3629 corporo
1121 3556 1251 3631 ipsorum

182 3667 403 3738 coniugumque
424 3676 460 3714 uc
480 3657 636 3713 liberorum
657 3675 775 3713 snorum
796 3657 827 3713 in
848 3667 994 3732 potestate
1014 3661 1252 3735 popnliRomaui

183 3785 230 3826 esse
253 3769 440 3838 futuraque.
496 3761 678 3819 Collaudatis
698 3763 849 3820 Fundanis
871 3759 977 3820 'consul
1005 3764 1165 3841 litterisque
1190 3769 1252 3825 Ro
1265 3765 1304 3821 ts

184 3893 247 3934 uam
276 3869 396 3939 auseis,
426 3869 456 3924 in
487 3865 586 3923 officio
605 3867 766 3924 Fundanos
796 3887 878 3936 esse,
912 3868 950 3923 sd
975 3869 1148 3927 Privernum
1171 3872 1253 3928 tlexit

185 3980 231 4038 ter,
288 3977 390 4036 Prius
419 3973 653 4030 animdvcrsum
679 3972 712 4028 iu
738 3990 806 4042 eos,
838 3973 889 4046 qui
920 3973 1019 4048 capita
1045 3975 1252 4033 oonimtionis

186 4081 303 4146 beraut.
327 4102 352 4138 a
375 4079 498 4138 eomule
517 4078 618 4134 scribit
636 4077 792 4146 (laudium
812 4079 851 4134 ad
872 4089 1017 4137 trecentos
1042 4079 1304 4154 quinquagintale

187 4207 210 4250 ιι
230 4187 408 4250 coniuratis
428 4185 543 4240 vinctos
562 4185 687 4240 Romam
715 4183 835 4252 missos,
868 4203 991 4258 eumque
1017 4183 1191 4241 deditionem
1214 4184 1253 4241 ab

188 4307 278 4355 teratu
303 4311 373 4350 non
397 4299 567 4364 mptum,
598 4289 679 4364 qnod
704 4288 849 4363 egenum
878 4298 966 4362 utque
990 4287 1142 4346 homilium
1165 4307 1255 4364 poens
