3392 5084
550 501 629 550 Liuor
646 499 680 548 11.
718 501 764 564 (A.
787 501 833 550 cu.
854 506 925 560 soe.)
1193 510 1229 564 75

227 686 341 742 incensus
365 683 409 741 ira
430 694 561 741 oratores
582 685 709 742 Romam
736 685 815 741 misit
840 687 879 742 ad
901 684 1042 744 Cloeliam
1069 686 1199 743 obsidem
1223 687 1271 744 de-

227 791 398 864 poscendam:
424 789 498 845 alias
519 789 599 845 haud
620 790 719 863 magni
739 788 850 860 facere;
875 791 977 848 deinde
998 793 1027 848 in
1050 791 1301 850 admirationemtl

226 914 324 966 versus,
357 914 447 970 supra
470 892 597 951 Coclites
617 894 790 969 Muciosque
812 896 907 952 dicere
935 896 965 953 id
993 895 1106 954 facinus
1130 915 1211 966 esse,
1243 907 1273 954 at

225 1000 426 1076 praeseferre,
447 999 702 1074 quemadmodum,
725 1001 829 1059 sinon
851 1003 973 1060 dedatur
995 1003 1090 1072 obses,
1112 1011 1271 1080 prorupta

224 1106 353 1162 foedasse
364 1106 539 1173 habiturum,
554 1105 596 1162 sic
615 1106 742 1164 deditam
758 1107 897 1164 intactam
910 1106 1138 1179 inviolatamque
1150 1107 1188 1162 ad
1202 1107 1271 1166 subs

225 1212 403 1270 remissurum.
446 1210 592 1285 Utdnque
602 1212 731 1268 constitit
742 1211 826 1268 fides:
842 1222 871 1268 et
885 1211 1009 1280 quani
1021 1211 1125 1286 pignus
1136 1212 1217 1286 pacis
1234 1209 1272 1270 ex'
1284 1215 1301 1270 9

223 1315 326 1372 foedere
344 1316 539 1384 restituerunt,
561 1325 591 1371 et
611 1317 690 1389 apud
711 1335 808 1391 regern
824 1317 978 1374 Etruscum
1001 1335 1060 1373 non
1082 1327 1145 1374 tuta
1166 1317 1271 1387 solum,

224 1422 267 1476 sed
286 1423 424 1478 honorata
450 1421 539 1477 etiam
564 1422 656 1478 virtus
678 1419 745 1489 fuit,
782 1421 991 1497 laudatamque
1017 1422 1158 1497 virginem
1187 1429 1271 1495 parts

223 1525 341 1582 obsidum
356 1544 387 1581 se
403 1526 514 1581 donare
535 1525 624 1594 dixit3
645 1525 719 1599 ipsu,
742 1544 816 1600 quos
837 1527 932 1596 vallet,
948 1503 1072 1602 legeret.
1115 1526 1270 1584 Productis
1288 1531 1322 1586 10

222 1630 349 1699 omnibus,
370 1630 492 1704 elegisse
504 1631 637 1704 impubes
659 1630 780 1699 dicitur;
803 1632 881 1705 quod
904 1644 932 1689 et
953 1631 1112 1708 virginitati
1134 1631 1269 1688 decorum

224 1745 248 1790 et
265 1752 399 1791 consensu
420 1735 554 1792 obsidum
575 1735 705 1810 ipsorum
727 1737 879 1810 probabile
903 1749 975 1809 erat,
997 1757 1061 1794 cam
1078 1745 1191 1793 aetatem
1216 1754 1270 1811 po·

221 1841 347 1896 tissimum
370 1840 489 1896 lrlterari
512 1841 550 1897 ab
576 1842 676 1910 hoste,
706 1860 771 1915 quas
802 1843 930 1898 maxime
965 1853 1129 1917 opportuna
1159 1842 1271 1900 iniuriae

223 1955 295 2000 essct.
340 1946 420 2001 Pace
441 1946 652 2021 redintegrata,
679 1947 806 2004 Romani
828 1967 935 2005 novam
954 1949 985 2006 in
1005 1947 1114 2006 femina
1135 1950 1268 2006 virtutem
1285 1951 1319 2005 11

221 2068 287 2105 novo
307 2068 411 2124 genere
433 2052 566 2121 honoris,
602 2061 700 2108 statua
727 2053 869 2126 equestri,
903 2055 1062 2121 donavere3
1098 2053 1128 2108 in
1155 2071 1270 2110 summa

222 2171 294 2211 sacra
313 2155 362 2211 via
383 2154 439 2212 fuir
459 2155 556 2229 posita
580 2157 663 2231 virgo
684 2157 811 2213 insidens
833 2175 918 2231 equo.

290 2262 364 2317 Huic
386 2272 446 2318 tam
468 2272 582 2335 pacatae
602 2261 775 2338 profectioni
796 2264 834 2319 ab
849 2265 919 2318 urhe
941 2262 1017 2336 regis
1033 2262 1147 2320 Etrusci
1163 2264 1270 2320 abhor·
1326 2256 1365 2324 14

221 2382 275 2420 rens
303 2385 367 2422 mos
403 2367 526 2424 traditus
556 2369 593 2423 ab
632 2367 760 2441 antiquis
801 2386 893 2441 usque
927 2368 965 2423 ad
996 2376 1125 2424 nostram
1155 2377 1268 2425 atatem

222 2469 282 2526 inter
301 2483 397 2529 cetera
417 2471 570 2528 sollemnia
593 2481 706 2539 manet,
740 2473 818 2529 bona
839 2472 991 2530 Porsinnae
1019 2470 1102 2546 regis,
1118 2472 1270 2532 vendendi.

223 2573 296 2634 Cuius
311 2579 451 2652 originem
473 2575 563 2632 moris
583 2593 702 2632 necesse
723 2587 767 2633 est
787 2588 839 2634 aut
860 2578 934 2633 inter
956 2578 1061 2633 bellum
1084 2585 1183 2634 natam
1207 2577 1301 2634 assei

222 2698 300 2754 neque
313 2683 451 2738 omissam
472 2681 502 2736 in
517 2699 599 2755 pace,
622 2690 673 2737 aut
694 2701 712 2737 a
733 2683 848 2739 mitiore
864 2683 988 2740 crevisse
1006 2683 1159 2757 principio,
1182 2701 1270 2756 quam

223 2784 259 2841 hic
280 2807 337 2861 prae
364 2807 396 2844 se
417 2787 494 2844 ferat
514 2787 613 2843 titulus
636 2788 714 2843 bona
734 2766 878 2844 hostiliter
898 2788 1050 2846 vendendi.
1097 2787 1299 2844 Proximum3

223 2906 278 2946 vero
301 2901 402 2949 estex
422 2893 474 2962 iis,
512 2910 576 2966 quae
608 2893 776 2964 traduntur,
803 2893 977 2950 Porsinnam
1005 2893 1199 2952 discedentem
1230 2893 1268 2949 ab

224 2991 335 3054 laniculo
357 3007 454 3054 castra
476 2999 629 3072 opulenta,
656 3009 796 3056 convecto
819 3019 857 3056 ex
878 2999 1048 3073 propinquis
1071 3017 1106 3055 ac
1127 2997 1268 3056 fertilibus

225 3097 330 3157 Etruria
352 3103 431 3158 arvis
462 3113 642 3170 commeatu,
675 3103 816 3162 Romanis
843 3104 921 3160 dono
944 3104 1073 3172 dedisse,
1105 3104 1184 3177 inopi
1207 3113 1268 3159 tum

225 3203 281 3258 urbe
302 3207 339 3263 ab
359 3207 520 3281 longinqua
542 3208 707 3277 obsidione;
742 3227 778 3264 ea
804 3209 917 3279 deinde,
939 3227 976 3264 ne
1005 3207 1113 3283 populo
1138 3207 1268 3264 immisso
1282 3212 1299 3264 *l

226 3304 397 3381 diriperentur
419 3313 574 3381 hostiliter,
608 3313 735 3382 venisse,
764 3314 900 3387 bonaque
929 3313 1080 3370 Porsinna
1112 3311 1269 3386 appellata,

226 3412 329 3479 gratiam
342 3418 468 3474 muneris
491 3418 584 3492 magis
606 3418 786 3492 significante
805 3419 889 3474 titulo
912 3437 999 3492 quam
1022 3417 1185 3474 auctionem
1208 3417 1268 3475 for·
1343 3421 1349 3428 '

227 3520 287 3574 luna
305 3522 398 3596 regia,
422 3540 486 3595 quae
502 3541 538 3578 ne
557 3523 587 3578 in
609 3531 753 3596 potestate
776 3523 891 3596 quidem
918 3522 1018 3596 populi
1035 3522 1161 3579 Romani
1184 3533 1269 3584 esset.

292 3624 404 3685 Omisso
431 3629 565 3684 Romano
593 3626 669 3683 bello
698 3627 858 3695 Porsinna,
891 3646 928 3683 ne
956 3625 1066 3684 frustra
1088 3629 1118 3684 iu
1140 3647 1178 3684 ea·
1202 3630 1298 3687 locat

229 3728 346 3787 exercitus
367 3732 509 3788 adductus
531 3732 691 3799 videretur,
723 3751 788 3788 cum
810 3741 894 3806 parte
925 3731 1074 3806 copiarum
1095 3734 1185 3790 lilium
1207 3738 1266 3792 Ar-

229 3839 318 3889 unum
338 3836 469 3893 Ariciam
491 3847 690 3912 oppugnatum
711 3837 806 3894 mittit.
848 3836 950 3894 Primo
974 3836 1111 3893 Aricinos
1131 3849 1178 3894 res
1199 3841 1297 3895 nec-6

231 3931 327 4002 ⁰linata
347 3943 525 4014 perculerat;
555 3942 696 3999 arcessita
724 3943 828 4000 deinde
857 3940 966 3999 auxilia
987 3951 1016 3998 et
1037 3961 1056 3998 a
1080 3941 1191 4008 Latinis
1211 3963 1264 4019 po·

232 4035 288 4103 lulis
305 4053 331 4099 et
351 4066 370 4103 a
391 4046 491 4105 Cumis
512 4056 624 4105 tantum
647 4048 710 4123 spei
730 4048 847 4115 fecere,
867 4055 898 4102 ut
920 4046 982 4104 acie
1003 4047 1157 4103 decernere
1178 4048 1267 4104 aude·

232 4152 288 4200 ¹³¹¹ss-
323 4150 437 4208 Proelia
451 4154 533 4224 inito,
549 4155 625 4240 adeo
634 4153 779 4210 concitato
800 4151 910 4226 impetu
932 4170 963 4208 se
974 4152 1130 4208 intulerant
1141 4153 1267 4221 Etrusci,

234 4250 257 4296 ¹¹3
277 4247 416 4314 funderent
445 4258 511 4333 ipso
543 4259 659 4316 incursu
687 4257 838 4325 Aricinos3
882 4254 1020 4314 Cumanae
1045 4257 1178 4313 cohortes
1205 4262 1295 4313 arte'l
