3392 5084
552 488 656 538 aaa
673 487 720 537 rx.
758 487 804 551 (n.
819 485 867 536 cu.
882 488 956 551 rer.)
1199 493 1271 552 239,
1337 459 1339 467 ’

224 671 329 730 edicto
350 671 475 730 dominis
497 670 536 730 ad
556 689 603 729 res
624 689 693 728 suas
713 671 875 729 noscendas
894 670 1133 746 recipiendasque
1146 674 1301 745 revocatis,

226 787 263 834 et
292 777 421 834 exercitu
451 777 493 834 ibi
521 775 636 845 relicto,
674 776 857 834 comitiorum
884 794 974 833 cauea
1005 779 1131 835 Romam
1159 787 1205 854 est
1231 797 1306 858 pro-¹

223 883 335 942 fectus.
382 881 438 940 Oui
460 881 496 938 de
521 879 667 954 triumpho
695 881 793 956 agenti
814 890 937 956 negatus
957 882 1052 938 honos
1075 890 1105 939 et
1132 882 1171 941 ob
1192 884 1301 942 amissa
1316 887 1352 942 19

225 997 277 1044 tot
299 987 389 1044 millia
409 987 541 1057 militum,
572 994 602 1042 et
623 986 702 1060 qnod
724 985 857 1060 captivos
882 986 945 1054 'sine
967 987 1102 1062 pactione
1123 990 1177 1046 snb
1200 990 1300 1064 iugum
1366 1012 1370 1023 ¹

224 1093 368 1153 misisset.
811 1102 816 1117 ¹

318 1197 427 1256 Consul
449 1196 522 1254 alter
543 1179 720 1267 Postumius,
743 1197 813 1272 qnia
833 1196 864 1253 in
885 1194 1064 1256 Samnitibus
1086 1197 1208 1256 materia
1229 1200 1300 1257 belli

226 1302 349 1373 deerat,
380 1305 409 1359 in
429 1302 577 1360 Etruriam
598 1301 733 1360 traducto
756 1301 894 1371 exercitu,
922 1300 1048 1376 primum
1079 1313 1301 1377 pervastaverat

225 1407 447 1464 Vulsiniensem
471 1424 589 1482 agrum3
614 1407 680 1464 dein
696 1423 761 1464 cum
777 1407 902 1481 egressis
923 1406 961 1462 ad
981 1407 1106 1463 tuendos
1128 1409 1200 1466 lines
1221 1410 1331 1467 baudi

224 1509 336 1585 procul
369 1512 512 1570 moenibus
549 1512 680 1587 ipsorum
724 1512 889 1588 depugnat3
924 1512 983 1568 duo
1017 1511 1108 1570 millia
1144 1513 1301 1588 octingenti
1380 1530 1385 1538 ·

225 1617 423 1676 Etruscorum
448 1616 531 1686 creni3
562 1627 674 1674 ceteros
703 1617 907 1692 propinquitas
934 1616 1014 1674 urbis
1040 1623 1135 1674 tutata
1165 1628 1216 1678 est.
1263 1620 1330 1678 In3

224 1719 421 1780 Rusellanum
453 1739 555 1796 agrum
581 1721 723 1780 exercitus
750 1723 915 1792 traductum
945 1720 987 1778 ibi
1013 1740 1072 1778 uon
1101 1723 1165 1796 egri
1187 1730 1299 1780 tantum

225 1827 354 1896 naemu,
382 1827 432 1884 sed
458 1827 596 1902 oppidum
625 1827 711 1884 etiam
740 1836 951 1902 expugnatum
980 1835 1069 1902 capta
1094 1827 1218 1903 amplias
1239 1828 1299 1884 duo

225 1931 324 1988 millia
350 1933 508 2001 hominum,
541 1933 635 1990 minus
664 1934 722 1991 duo
750 1933 840 1990 millia
871 1932 950 1988 circa
976 1949 1075 1988 muros
1103 1949 1188 1990 ooesa.
1232 1933 1330 1991 Paxt

225 2047 332 2092 tamen
347 2035 453 2094 clarior
467 2038 626 2113 maiorque,
649 2055 736 2112 quam
751 2037 859 2094 bellum
876 2036 906 2092 in
917 2036 1037 2093 Etruria
1051 2054 1086 2092 eo
1102 2055 1179 2093 anno
1194 2036 1300 2107 fuerat,

224 2149 318 2216 perta
340 2148 392 2198 eet.
442 2145 516 2200 Trea
537 2142 724 2201 validissime
745 2143 846 2210 urbes,
878 2139 1002 2198 Etrurine
1023 2141 1134 2216 capita,
1164 2141 1300 2211 Vulsinii,

214 2234 365 2315 Perusia,
386 2247 546 2317 Arretium,
575 2265 678 2321 pacem
699 2247 818 2322 petiere,
845 2255 875 2302 et
895 2246 1072 2302 vestimentis
1094 2246 1218 2302 militum
1237 2245 1329 2305 fra-5

225 2360 388 2426 menteque
408 2351 487 2426 pecti
508 2369 573 2408 curn
596 2353 723 2423 consule,
744 2361 776 2408 ut
797 2352 873 2408 mitti
890 2353 1014 2409 Romam
1037 2359 1169 2407 oratores
1190 2349 1299 2418 liceret,

224 2457 359 2514 indutias
380 2457 409 2513 in
432 2455 627 2532 quadraginta
651 2475 743 2514 annos
765 2457 1002 2531 impetraverunt.
1055 2453 1151 2511 Multa
1172 2470 1298 2530 proesens

226 2559 420 2636 quingentum
443 2559 562 2618 millium
585 2562 650 2618 aeris
672 2563 702 2618 in
726 2562 856 2638 singulas
876 2561 1008 2618 civitatee
1029 2560 1178 2635 imposita.

317 2663 363 2722 Ob
388 2666 476 2722 hasce
497 2685 544 2724 res
565 2675 664 2742 gestas
688 2667 789 2724 consul
817 2685 905 2739 quum
926 2665 1104 2740 triumphum
1125 2666 1164 2722 ab
1184 2669 1328 2734 senatu,6
1396 2725 1399 2731 ,

224 2770 322 2828 moris
344 2771 437 2844 magis
460 2788 549 2828 causa
572 2789 660 2846 quam
682 2789 734 2846 spe
757 2771 948 2846 impetrandi,
973 2772 1107 2847 petisset,
1129 2769 1299 2843 videretque
1392 2757 1396 2765 ’

226 2878 316 2946 alios,
339 2877 418 2951 quod
440 2875 551 2933 tardius
573 2878 610 2933 ab
626 2877 698 2934 urbe
718 2853 835 2946 exisset,
857 2877 940 2947 alios,
962 2877 1041 2951 quod
1054 2876 1166 2934 iniunt
1180 2882 1327 2936 senetus7

226 3003 268 3041 ex
281 2981 401 3040 Samnio
423 2982 453 3038 in
468 2981 616 3038 Etruriam
634 2981 794 3052 transisset,
815 2982 922 3057 partim
936 2999 1006 3038 suos
1027 2981 1168 3051 inimicos,
1191 2979 1298 3055 partim

226 3088 351 3163 collegae
384 3088 494 3144 amicos
532 3085 570 3141 ed
604 3085 740 3143 solatium
773 3097 895 3160 aquatic
928 3085 1051 3162 repulse
1087 3085 1144 3143 sibi
1181 3101 1298 3159 quoque

225 3209 340 3266 negare
353 3191 540 3266 triumphum,
564 3189 651 3259 „Non
667 3187 726 3246 ita“
750 3190 852 3264 inquit,
876 3200 993 3265 „patres
1006 3189 1172 3264 conscripti,
1193 3193 1328 3248 vestrati

227 3295 392 3353 maiestatis
413 3294 580 3365 meminero,
602 3303 635 3350 ut
655 3311 702 3350 me
723 3295 870 3353 consulem
892 3312 956 3351 esee
977 3294 1140 3354 obliviscar.
1183 3293 1296 3351 Eodem

226 3403 295 3460 iure
315 3400 442 3474 imperii,
474 3417 532 3474 quo
554 3398 631 3457 bella
656 3400 750 3474 gessi,
783 3399 867 3458 bellis
893 3398 1015 3457 feliciter
1041 3400 1146 3473 gestis,
1174 3398 1295 3457 Samnio

228 3515 321 3580 atque
342 3505 462 3562 Etruria
487 3505 630 3576 subactis,
659 3503 782 3562 victoria
809 3513 837 3560 et
867 3522 942 3580 pace
969 3512 1055 3578 parta
1079 3503 1294 3578 triumphabo.“

227 3615 280 3670 Ite
312 3617 444 3669 senatum
474 3610 599 3684 reliquit.
651 3609 724 3666 Inde
756 3609 830 3666 inter
857 3609 990 3666 tribunos
1023 3608 1116 3683 plebis
1150 3607 1326 3672 contentio9
1427 3663 1432 3675 ,

229 3725 312 3785 orte3
334 3732 403 3790 pars
424 3713 640 3785 intercessuros,
665 3732 703 3770 ne
720 3731 798 3771 novo
818 3713 953 3788 exemplo
967 3711 1168 3787 triumpharet,
1189 3713 1297 3783 aiebat,

228 3837 311 3898 pars,
333 3817 442 3877 auxilio
464 3835 497 3876 se
518 3819 657 3876 adversus
673 3817 799 3894 collegas
813 3818 1004 3893 triumphanti
1023 3817 1147 3876 futuros.
1180 3818 1297 3876 lactata
1311 3828 1347 3881 ιο

228 3942 279 3984 res
303 3924 341 3981 ad
363 3924 503 3999 populum
525 3932 577 3994 est,
598 3932 777 3996 vocatusque
799 3941 833 3980 eo
849 3925 951 3982 consul
972 3942 1060 3999 quum
1075 3924 1118 3980 M.
1129 3923 1296 3992 Horatium,

229 4034 267 4090 L.
290 4030 441 4086 Valerium
470 4027 616 4095 consules,
652 4025 686 4088 0.
709 4027 852 4085 Marcium
878 4029 1009 4086 Rutilum
1039 4047 1146 4104 nuper,
1182 4038 1295 4104 patrem

231 4137 304 4205 eiua,
326 4135 375 4209 qni
398 4143 467 4191 tunc
488 4151 590 4190 censor
612 4144 703 4206 esset,
732 4151 790 4194 non
812 4152 849 4190 ex
878 4133 1051 4190 auctoritate
1080 4142 1215 4203 senatus,
1243 4133 1295 4190 sed

229 4243 312 4300 iussn
334 4239 434 4316 populi
454 4239 648 4314 triumphasse
662 4238 779 4308 diceret,
801 4237 965 4309 adiiciebat,
985 4256 1018 4296 se
1032 4257 1149 4312 quoque
1169 4239 1295 4296 laturum
1311 4241 1343 4295 ll
