<?xml version="1.0" encoding="UTF-8"?>
<!DOCTYPE html PUBLIC "-//W3C//DTD XHTML 1.0 Transitional//EN"
    "http://www.w3.org/TR/xhtml1/DTD/xhtml1-transitional.dtd">
<html xmlns="http://www.w3.org/1999/xhtml" xml:lang="en" lang="en">
 <head>
  <title>
</title>
<meta http-equiv="Content-Type" content="text/html;charset=utf-8" />
  <meta name='ocr-system' content='tesseract 3.04.00' />
  <meta name='ocr-capabilities' content='ocr_page ocr_carea ocr_par ocr_line ocrx_word'/>
</head>
<body>
  <div class='ocr_page' id='page_1' title='image "./titiliviihistor03ussigoog_0461.png"; bbox 0 0 3392 5084; ppageno 0'>
   <div class='ocr_carea' id='block_1_1' title="bbox 553 491 1225 598">
    <p class='ocr_par' dir='ltr' id='par_1_1' title="bbox 553 491 1225 598">
     <span class='ocr_line' id='line_1_1' title="bbox 553 491 1225 598; baseline 0.018 -17"><span class='ocrx_word' id='word_1_1' title='bbox 553 533 632 582; x_wconf 68' lang='lat' dir='ltr'><strong>mse</strong></span> <span class='ocrx_word' id='word_1_2' title='bbox 648 530 708 583; x_wconf 85' lang='lat' dir='ltr'><strong>vn.</strong></span> <span class='ocrx_word' id='word_1_3' title='bbox 745 491 934 598; x_wconf 67' lang='lat' dir='ltr'><strong>(monna)</strong></span> <span class='ocrx_word' id='word_1_4' title='bbox 1191 537 1225 593; x_wconf 85' lang='lat' dir='ltr'><strong>et</strong></span> 
     </span>
    </p>
   </div>
   <div class='ocr_carea' id='block_1_2' title="bbox 179 717 1401 4391">
    <p class='ocr_par' dir='ltr' id='par_1_2' title="bbox 214 717 1401 1430">
     <span class='ocr_line' id='line_1_2' title="bbox 217 717 1323 794; baseline 0.004 -20"><span class='ocrx_word' id='word_1_5' title='bbox 217 717 421 775; x_wconf 70' lang='lat' dir='ltr'><strong>immemorem.</strong></span> <span class='ocrx_word' id='word_1_6' title='bbox 471 717 608 775; x_wconf 71' lang='lat' dir='ltr'><strong>Patricia</strong></span> <span class='ocrx_word' id='word_1_7' title='bbox 630 717 679 776; x_wconf 87' lang='lat' dir='ltr'><strong>hic</strong></span> <span class='ocrx_word' id='word_1_8' title='bbox 698 717 743 777; x_wconf 87' lang='lat' dir='ltr'><strong>vir</strong></span> <span class='ocrx_word' id='word_1_9' title='bbox 763 718 857 793; x_wconf 83' lang='lat' dir='ltr'><strong>gentis</strong></span> <span class='ocrx_word' id='word_1_10' title='bbox 884 725 960 789; x_wconf 86' lang='lat' dir='ltr'><strong>erat,</strong></span> <span class='ocrx_word' id='word_1_11' title='bbox 988 719 1033 794; x_wconf 83' lang='lat' dir='ltr'><strong>cui</strong></span> <span class='ocrx_word' id='word_1_12' title='bbox 1056 737 1142 793; x_wconf 89' lang='lat' dir='ltr'><strong>quum</strong></span> <span class='ocrx_word' id='word_1_13' title='bbox 1166 720 1273 780; x_wconf 81' lang='lat' dir='ltr'><strong>militiae</strong></span> <span class='ocrx_word' id='word_1_14' title='bbox 1288 722 1323 778; x_wconf 83' lang='lat'><strong>12</strong></span> 
     </span>
     <span class='ocr_line' id='line_1_3' title="bbox 218 823 1272 899; baseline 0.003 -19"><span class='ocrx_word' id='word_1_15' title='bbox 218 842 319 899; x_wconf 85' lang='lat' dir='ltr'><strong>magna</strong></span> <span class='ocrx_word' id='word_1_16' title='bbox 342 843 409 880; x_wconf 88' lang='lat' dir='ltr'><strong>cum</strong></span> <span class='ocrx_word' id='word_1_17' title='bbox 431 823 527 898; x_wconf 88' lang='lat' dir='ltr'><strong>gloria</strong></span> <span class='ocrx_word' id='word_1_18' title='bbox 554 831 626 879; x_wconf 83' lang='lat' dir='ltr'><strong>actae</strong></span> <span class='ocrx_word' id='word_1_19' title='bbox 652 823 738 880; x_wconf 83' lang='lat' dir='ltr'><strong>finem</strong></span> <span class='ocrx_word' id='word_1_20' title='bbox 765 842 817 899; x_wconf 88' lang='lat' dir='ltr'><strong>pes</strong></span> <span class='ocrx_word' id='word_1_21' title='bbox 838 824 913 881; x_wconf 89' lang='lat' dir='ltr'><strong>alter</strong></span> <span class='ocrx_word' id='word_1_22' title='bbox 942 843 979 881; x_wconf 90' lang='lat' dir='ltr'><strong>ex</strong></span> <span class='ocrx_word' id='word_1_23' title='bbox 1007 825 1125 882; x_wconf 87' lang='lat' dir='ltr'><strong>vulnere</strong></span> <span class='ocrx_word' id='word_1_24' title='bbox 1153 826 1272 883; x_wconf 84' lang='lat' dir='ltr'><strong>claudus</strong></span> 
     </span>
     <span class='ocr_line' id='line_1_4' title="bbox 217 929 1271 1005; baseline 0.008 -20"><span class='ocrx_word' id='word_1_25' title='bbox 217 929 342 1001; x_wconf 81' lang='lat' dir='ltr'><strong>fecisset,</strong></span> <span class='ocrx_word' id='word_1_26' title='bbox 365 931 426 988; x_wconf 90' lang='lat' dir='ltr'><strong>ruri</strong></span> <span class='ocrx_word' id='word_1_27' title='bbox 447 949 535 1004; x_wconf 82' lang='lat' dir='ltr'><strong>agere</strong></span> <span class='ocrx_word' id='word_1_28' title='bbox 556 929 645 986; x_wconf 87' lang='lat' dir='ltr'><strong>vitam</strong></span> <span class='ocrx_word' id='word_1_29' title='bbox 668 931 770 1005; x_wconf 91' lang='lat' dir='ltr'><strong>procul</strong></span> <span class='ocrx_word' id='word_1_30' title='bbox 791 929 948 988; x_wconf 81' lang='lat' dir='ltr'><strong>ambitione</strong></span> <span class='ocrx_word' id='word_1_31' title='bbox 970 949 1004 988; x_wconf 86' lang='lat' dir='ltr'><strong>ac</strong></span> <span class='ocrx_word' id='word_1_32' title='bbox 1027 931 1092 989; x_wconf 80' lang='lat' dir='ltr'><strong>toro</strong></span> <span class='ocrx_word' id='word_1_33' title='bbox 1115 931 1271 992; x_wconf 86' lang='lat' dir='ltr'><strong>constituit.</strong></span> 
     </span>
     <span class='ocr_line' id='line_1_5' title="bbox 218 1036 1323 1112; baseline 0.004 -20"><span class='ocrx_word' id='word_1_34' title='bbox 218 1037 340 1093; x_wconf 87' lang='lat' dir='ltr'><strong>Nomine</strong></span> <span class='ocrx_word' id='word_1_35' title='bbox 368 1037 468 1093; x_wconf 91' lang='lat' dir='ltr'><strong>audito</strong></span> <span class='ocrx_word' id='word_1_36' title='bbox 497 1036 642 1111; x_wconf 86' lang='lat' dir='ltr'><strong>extemplo</strong></span> <span class='ocrx_word' id='word_1_37' title='bbox 671 1054 816 1110; x_wconf 83' lang='lat' dir='ltr'><strong>agnovere</strong></span> <span class='ocrx_word' id='word_1_38' title='bbox 836 1036 930 1095; x_wconf 88' lang='lat' dir='ltr'><strong>virum</strong></span> <span class='ocrx_word' id='word_1_39' title='bbox 954 1045 991 1108; x_wconf 86' lang='lat' dir='ltr'><strong>et,</strong></span> <span class='ocrx_word' id='word_1_40' title='bbox 1015 1037 1092 1112; x_wconf 89' lang='lat' dir='ltr'><strong>quod</strong></span> <span class='ocrx_word' id='word_1_41' title='bbox 1114 1037 1188 1095; x_wconf 90' lang='lat' dir='ltr'><strong>bene</strong></span> <span class='ocrx_word' id='word_1_42' title='bbox 1208 1039 1323 1096; x_wconf 82' lang='lat' dir='ltr'><strong>ver-13</strong></span> 
     </span>
     <span class='ocr_line' id='line_1_6' title="bbox 216 1135 1401 1218; baseline 0.003 -20"><span class='ocrx_word' id='word_1_43' title='bbox 216 1150 292 1211; x_wconf 85' lang='lat' dir='ltr'><strong>teret,</strong></span> <span class='ocrx_word' id='word_1_44' title='bbox 314 1143 406 1200; x_wconf 87' lang='lat' dir='ltr'><strong>acciri</strong></span> <span class='ocrx_word' id='word_1_45' title='bbox 428 1143 580 1203; x_wconf 86' lang='lat' dir='ltr'><strong>iusserunt.</strong></span> <span class='ocrx_word' id='word_1_46' title='bbox 627 1139 687 1199; x_wconf 85' lang='lat' dir='ltr'><strong>Sed</strong></span> <span class='ocrx_word' id='word_1_47' title='bbox 708 1159 811 1216; x_wconf 90' lang='lat' dir='ltr'><strong>parum</strong></span> <span class='ocrx_word' id='word_1_48' title='bbox 832 1142 894 1217; x_wconf 89' lang='lat' dir='ltr'><strong>spei</strong></span> <span class='ocrx_word' id='word_1_49' title='bbox 917 1151 988 1214; x_wconf 89' lang='lat' dir='ltr'><strong>erat,</strong></span> <span class='ocrx_word' id='word_1_50' title='bbox 1018 1143 1167 1200; x_wconf 86' lang='lat' dir='ltr'><strong>voluntate</strong></span> <span class='ocrx_word' id='word_1_51' title='bbox 1194 1145 1273 1218; x_wconf 90' lang='lat' dir='ltr'><strong>quic·</strong></span> <span class='ocrx_word' id='word_1_52' title='bbox 1311 1135 1313 1145; x_wconf 51' lang='lat'><strong>⁴</strong></span> <span class='ocrx_word' id='word_1_53' title='bbox 1397 1205 1401 1216; x_wconf 73' lang='grc'><strong>,</strong></span> 
     </span>
     <span class='ocr_line' id='line_1_7' title="bbox 216 1247 1325 1324; baseline 0.004 -20"><span class='ocrx_word' id='word_1_54' title='bbox 216 1267 299 1322; x_wconf 92' lang='lat' dir='ltr'><strong>quam</strong></span> <span class='ocrx_word' id='word_1_55' title='bbox 314 1247 482 1318; x_wconf 82' lang='lat' dir='ltr'><strong>facturum3</strong></span> <span class='ocrx_word' id='word_1_56' title='bbox 504 1249 563 1305; x_wconf 85' lang='lat' dir='ltr'><strong>vim</strong></span> <span class='ocrx_word' id='word_1_57' title='bbox 579 1247 708 1306; x_wconf 89' lang='lat' dir='ltr'><strong>adhiberi</strong></span> <span class='ocrx_word' id='word_1_58' title='bbox 724 1256 880 1304; x_wconf 79' lang='lat' dir='ltr'><strong>acinetum</strong></span> <span class='ocrx_word' id='word_1_59' title='bbox 896 1249 1013 1324; x_wconf 76' lang='lat' dir='ltr'><strong>placuit.</strong></span> <span class='ocrx_word' id='word_1_60' title='bbox 1060 1250 1164 1323; x_wconf 87' lang='lat' dir='ltr'><strong>Itaque</strong></span> <span class='ocrx_word' id='word_1_61' title='bbox 1188 1250 1273 1306; x_wconf 89' lang='lat' dir='ltr'><strong>silen·</strong></span> <span class='ocrx_word' id='word_1_62' title='bbox 1288 1253 1325 1308; x_wconf 88' lang='grc'><strong>14</strong></span> 
     </span>
     <span class='ocr_line' id='line_1_8' title="bbox 214 1352 1272 1430; baseline 0.002 -20"><span class='ocrx_word' id='word_1_63' title='bbox 214 1355 251 1410; x_wconf 89' lang='lat' dir='ltr'><strong>tio</strong></span> <span class='ocrx_word' id='word_1_64' title='bbox 272 1355 372 1412; x_wconf 85' lang='lat' dir='ltr'><strong>noctis</strong></span> <span class='ocrx_word' id='word_1_65' title='bbox 394 1374 482 1430; x_wconf 92' lang='lat' dir='ltr'><strong>quum</strong></span> <span class='ocrx_word' id='word_1_66' title='bbox 503 1363 611 1413; x_wconf 87' lang='lat' dir='ltr'><strong>tectum</strong></span> <span class='ocrx_word' id='word_1_67' title='bbox 633 1353 723 1422; x_wconf 84' lang='lat' dir='ltr'><strong>villae,</strong></span> <span class='ocrx_word' id='word_1_68' title='bbox 755 1352 804 1427; x_wconf 90' lang='lat' dir='ltr'><strong>qui</strong></span> <span class='ocrx_word' id='word_1_69' title='bbox 826 1352 865 1409; x_wconf 90' lang='lat' dir='ltr'><strong>ad</strong></span> <span class='ocrx_word' id='word_1_70' title='bbox 892 1354 922 1410; x_wconf 94' lang='lat' dir='ltr'><strong>id</strong></span> <span class='ocrx_word' id='word_1_71' title='bbox 944 1354 1023 1411; x_wconf 83' lang='lat' dir='ltr'><strong>missi</strong></span> <span class='ocrx_word' id='word_1_72' title='bbox 1048 1363 1143 1424; x_wconf 87' lang='lat' dir='ltr'><strong>erant,</strong></span> <span class='ocrx_word' id='word_1_73' title='bbox 1167 1355 1272 1413; x_wconf 87' lang='lat' dir='ltr'><strong>intras-</strong></span> 
     </span>
    </p>

    <p class='ocr_par' dir='ltr' id='par_1_3' title="bbox 213 1458 1324 1854">
     <span class='ocr_line' id='line_1_9' title="bbox 215 1458 1274 1536; baseline 0.003 -20"><span class='ocrx_word' id='word_1_74' title='bbox 215 1470 281 1530; x_wconf 86' lang='lat' dir='ltr'><strong>sent,</strong></span> <span class='ocrx_word' id='word_1_75' title='bbox 306 1479 414 1518; x_wconf 91' lang='lat' dir='ltr'><strong>somno</strong></span> <span class='ocrx_word' id='word_1_76' title='bbox 436 1480 555 1536; x_wconf 82' lang='lat' dir='ltr'><strong>gravem</strong></span> <span class='ocrx_word' id='word_1_77' title='bbox 578 1458 743 1535; x_wconf 79' lang='lat' dir='ltr'><strong>Quinctium</strong></span> <span class='ocrx_word' id='word_1_78' title='bbox 769 1477 949 1533; x_wconf 87' lang='lat' dir='ltr'><strong>oppressum,</strong></span> <span class='ocrx_word' id='word_1_79' title='bbox 970 1460 1040 1517; x_wconf 91' lang='lat' dir='ltr'><strong>nihil</strong></span> <span class='ocrx_word' id='word_1_80' title='bbox 1062 1462 1201 1532; x_wconf 87' lang='lat' dir='ltr'><strong>medium,</strong></span> <span class='ocrx_word' id='word_1_81' title='bbox 1223 1472 1274 1519; x_wconf 92' lang='lat' dir='ltr'><strong>aut</strong></span> 
     </span>
     <span class='ocr_line' id='line_1_10' title="bbox 213 1565 1273 1642; baseline 0.002 -20"><span class='ocrx_word' id='word_1_82' title='bbox 213 1566 367 1642; x_wconf 86' lang='lat' dir='ltr'><strong>imperium</strong></span> <span class='ocrx_word' id='word_1_83' title='bbox 389 1578 479 1642; x_wconf 88' lang='lat' dir='ltr'><strong>atque</strong></span> <span class='ocrx_word' id='word_1_84' title='bbox 499 1569 638 1625; x_wconf 84' lang='lat' dir='ltr'><strong>honorem</strong></span> <span class='ocrx_word' id='word_1_85' title='bbox 662 1574 727 1635; x_wconf 87' lang='lat' dir='ltr'><strong>aut,</strong></span> <span class='ocrx_word' id='word_1_86' title='bbox 749 1565 798 1621; x_wconf 92' lang='lat' dir='ltr'><strong>ubi</strong></span> <span class='ocrx_word' id='word_1_87' title='bbox 819 1565 979 1637; x_wconf 79' lang='lat' dir='ltr'><strong>restitaret,</strong></span> <span class='ocrx_word' id='word_1_88' title='bbox 1010 1579 1146 1638; x_wconf 87' lang='lat' dir='ltr'><strong>mortem,</strong></span> <span class='ocrx_word' id='word_1_89' title='bbox 1175 1568 1205 1624; x_wconf 90' lang='lat' dir='ltr'><strong>ui</strong></span> <span class='ocrx_word' id='word_1_90' title='bbox 1226 1586 1273 1625; x_wconf 83' lang='lat' dir='ltr'><strong>se-</strong></span> 
     </span>
     <span class='ocr_line' id='line_1_11' title="bbox 215 1672 1324 1760; baseline 0 -32"><span class='ocrx_word' id='word_1_91' title='bbox 215 1680 361 1746; x_wconf 70' lang='lat' dir='ltr'><strong>queretur,</strong></span> <span class='ocrx_word' id='word_1_92' title='bbox 382 1673 593 1742; x_wconf 76' lang='lat' dir='ltr'><strong>denuntiantes,</strong></span> <span class='ocrx_word' id='word_1_93' title='bbox 613 1672 643 1729; x_wconf 93' lang='lat' dir='ltr'><strong>in</strong></span> <span class='ocrx_word' id='word_1_94' title='bbox 664 1680 761 1728; x_wconf 81' lang='lat' dir='ltr'><strong>castra</strong></span> <span class='ocrx_word' id='word_1_95' title='bbox 781 1680 993 1760; x_wconf 76' lang='lat' dir='ltr'><strong>pertraxerunt.</strong></span> <span class='ocrx_word' id='word_1_96' title='bbox 1038 1673 1203 1748; x_wconf 84' lang='lat' dir='ltr'><strong>Imperator</strong></span> <span class='ocrx_word' id='word_1_97' title='bbox 1223 1695 1274 1732; x_wconf 88' lang='lat' dir='ltr'><strong>ex·</strong></span> <span class='ocrx_word' id='word_1_98' title='bbox 1290 1675 1324 1729; x_wconf 84' lang='lat' dir='ltr'><strong>t5</strong></span> 
     </span>
     <span class='ocr_line' id='line_1_12' title="bbox 214 1777 1273 1854; baseline 0.004 -20"><span class='ocrx_word' id='word_1_99' title='bbox 214 1778 319 1854; x_wconf 83' lang='lat' dir='ltr'><strong>templo</strong></span> <span class='ocrx_word' id='word_1_100' title='bbox 339 1779 498 1835; x_wconf 83' lang='lat' dir='ltr'><strong>adveniens</strong></span> <span class='ocrx_word' id='word_1_101' title='bbox 519 1778 691 1853; x_wconf 87' lang='lat' dir='ltr'><strong>appellatus,</strong></span> <span class='ocrx_word' id='word_1_102' title='bbox 713 1777 894 1852; x_wconf 78' lang='lat' dir='ltr'><strong>insigniaque</strong></span> <span class='ocrx_word' id='word_1_103' title='bbox 915 1779 1033 1839; x_wconf 86' lang='lat' dir='ltr'><strong>honoris</strong></span> <span class='ocrx_word' id='word_1_104' title='bbox 1054 1780 1192 1836; x_wconf 87' lang='lat' dir='ltr'><strong>exterrito</strong></span> <span class='ocrx_word' id='word_1_105' title='bbox 1207 1781 1273 1838; x_wconf 90' lang='lat' dir='ltr'><strong>sub·</strong></span> 
     </span>
    </p>

    <p class='ocr_par' dir='ltr' id='par_1_4' title="bbox 211 1883 1366 2912">
     <span class='ocr_line' id='line_1_13' title="bbox 213 1883 1325 1954; baseline 0.004 -16"><span class='ocrx_word' id='word_1_106' title='bbox 213 1883 255 1939; x_wconf 85' lang='lat' dir='ltr'><strong>itae</strong></span> <span class='ocrx_word' id='word_1_107' title='bbox 280 1884 326 1941; x_wconf 87' lang='lat' dir='ltr'><strong>rei</strong></span> <span class='ocrx_word' id='word_1_108' title='bbox 355 1884 498 1941; x_wconf 87' lang='lat' dir='ltr'><strong>miraculo</strong></span> <span class='ocrx_word' id='word_1_109' title='bbox 521 1883 669 1954; x_wconf 74' lang='lat' dir='ltr'><strong>dederunt,</strong></span> <span class='ocrx_word' id='word_1_110' title='bbox 699 1883 786 1940; x_wconf 90' lang='lat' dir='ltr'><strong>etad</strong></span> <span class='ocrx_word' id='word_1_111' title='bbox 809 1885 909 1940; x_wconf 88' lang='lat' dir='ltr'><strong>urbem</strong></span> <span class='ocrx_word' id='word_1_112' title='bbox 932 1884 1036 1942; x_wconf 85' lang='lat' dir='ltr'><strong>ducere</strong></span> <span class='ocrx_word' id='word_1_113' title='bbox 1057 1886 1164 1944; x_wconf 83' lang='lat' dir='ltr'><strong>iubent.</strong></span> <span class='ocrx_word' id='word_1_114' title='bbox 1214 1885 1274 1945; x_wconf 88' lang='lat' dir='ltr'><strong>Suo</strong></span> <span class='ocrx_word' id='word_1_115' title='bbox 1290 1887 1325 1943; x_wconf 89' lang='grc'><strong>16</strong></span> 
     </span>
     <span class='ocr_line' id='line_1_14' title="bbox 214 1987 1274 2066; baseline 0.004 -21"><span class='ocrx_word' id='word_1_116' title='bbox 214 1991 302 2065; x_wconf 88' lang='lat' dir='ltr'><strong>magis</strong></span> <span class='ocrx_word' id='word_1_117' title='bbox 335 1990 408 2048; x_wconf 87' lang='lat' dir='ltr'><strong>iude</strong></span> <span class='ocrx_word' id='word_1_118' title='bbox 434 1992 545 2066; x_wconf 88' lang='lat' dir='ltr'><strong>impetu</strong></span> <span class='ocrx_word' id='word_1_119' title='bbox 574 2007 661 2065; x_wconf 88' lang='lat' dir='ltr'><strong>quam</strong></span> <span class='ocrx_word' id='word_1_120' title='bbox 683 1987 802 2045; x_wconf 86' lang='lat' dir='ltr'><strong>consilio</strong></span> <span class='ocrx_word' id='word_1_121' title='bbox 824 1988 905 2046; x_wconf 88' lang='lat' dir='ltr'><strong>ducis</strong></span> <span class='ocrx_word' id='word_1_122' title='bbox 918 1991 1070 2048; x_wconf 78' lang='lat' dir='ltr'><strong>‘convulsis</strong></span> <span class='ocrx_word' id='word_1_123' title='bbox 1107 1991 1210 2066; x_wconf 84' lang='lat' dir='ltr'><strong>signis,</strong></span> <span class='ocrx_word' id='word_1_124' title='bbox 1231 1993 1274 2049; x_wconf 93' lang='lat' dir='ltr'><strong>in·</strong></span> 
     </span>
     <span class='ocr_line' id='line_1_15' title="bbox 212 2094 1274 2174; baseline 0.003 -22"><span class='ocrx_word' id='word_1_125' title='bbox 212 2095 283 2153; x_wconf 82' lang='lat' dir='ltr'><strong>festo</strong></span> <span class='ocrx_word' id='word_1_126' title='bbox 306 2098 429 2172; x_wconf 86' lang='lat' dir='ltr'><strong>agmine</strong></span> <span class='ocrx_word' id='word_1_127' title='bbox 448 2099 484 2154; x_wconf 87' lang='lat' dir='ltr'><strong>ad</strong></span> <span class='ocrx_word' id='word_1_128' title='bbox 507 2098 632 2174; x_wconf 85' lang='lat' dir='ltr'><strong>lapidem</strong></span> <span class='ocrx_word' id='word_1_129' title='bbox 655 2103 790 2152; x_wconf 84' lang='lat' dir='ltr'><strong>octavum</strong></span> <span class='ocrx_word' id='word_1_130' title='bbox 817 2094 886 2166; x_wconf 77' lang='lat' dir='ltr'><strong>vise,</strong></span> <span class='ocrx_word' id='word_1_131' title='bbox 911 2114 975 2170; x_wconf 84' lang='lat' dir='ltr'><strong>quae</strong></span> <span class='ocrx_word' id='word_1_132' title='bbox 1003 2113 1078 2153; x_wconf 93' lang='lat' dir='ltr'><strong>nunc</strong></span> <span class='ocrx_word' id='word_1_133' title='bbox 1100 2098 1200 2172; x_wconf 86' lang='lat' dir='ltr'><strong>Appia</strong></span> <span class='ocrx_word' id='word_1_134' title='bbox 1221 2108 1274 2170; x_wconf 87' lang='lat' dir='ltr'><strong>est,</strong></span> 
     </span>
     <span class='ocr_line' id='line_1_16' title="bbox 212 2201 1323 2277; baseline 0.003 -19"><span class='ocrx_word' id='word_1_135' title='bbox 212 2203 402 2276; x_wconf 84' lang='lat' dir='ltr'><strong>perveniunt3</strong></span> <span class='ocrx_word' id='word_1_136' title='bbox 434 2204 581 2277; x_wconf 88' lang='lat' dir='ltr'><strong>issentque</strong></span> <span class='ocrx_word' id='word_1_137' title='bbox 602 2201 752 2261; x_wconf 84' lang='lat' dir='ltr'><strong>confestim</strong></span> <span class='ocrx_word' id='word_1_138' title='bbox 782 2201 820 2257; x_wconf 90' lang='lat' dir='ltr'><strong>ad</strong></span> <span class='ocrx_word' id='word_1_139' title='bbox 841 2202 956 2269; x_wconf 85' lang='lat' dir='ltr'><strong>urbem,</strong></span> <span class='ocrx_word' id='word_1_140' title='bbox 984 2203 1015 2259; x_wconf 93' lang='lat' dir='ltr'><strong>ni</strong></span> <span class='ocrx_word' id='word_1_141' title='bbox 1043 2203 1142 2260; x_wconf 89' lang='lat' dir='ltr'><strong>venire</strong></span> <span class='ocrx_word' id='word_1_142' title='bbox 1173 2213 1275 2262; x_wconf 85' lang='lat' dir='ltr'><strong>contra</strong></span> <span class='ocrx_word' id='word_1_143' title='bbox 1290 2207 1323 2261; x_wconf 87' lang='lat' dir='ltr'><strong>l&#39;l</strong></span> 
     </span>
     <span class='ocr_line' id='line_1_17' title="bbox 212 2306 1274 2388; baseline 0.004 -25"><span class='ocrx_word' id='word_1_144' title='bbox 212 2309 372 2366; x_wconf 83' lang='lat' dir='ltr'><strong>exercitum</strong></span> <span class='ocrx_word' id='word_1_145' title='bbox 406 2309 634 2388; x_wconf 85' lang='lat' dir='ltr'><strong>dictatoremque</strong></span> <span class='ocrx_word' id='word_1_146' title='bbox 663 2307 802 2364; x_wconf 85' lang='lat' dir='ltr'><strong>adversus</strong></span> <span class='ocrx_word' id='word_1_147' title='bbox 833 2325 864 2364; x_wconf 88' lang='lat' dir='ltr'><strong>se</strong></span> <span class='ocrx_word' id='word_1_148' title='bbox 895 2307 938 2367; x_wconf 88' lang='lat' dir='ltr'><strong>M.</strong></span> <span class='ocrx_word' id='word_1_149' title='bbox 966 2306 1116 2365; x_wconf 88' lang='lat' dir='ltr'><strong>Valerium</strong></span> <span class='ocrx_word' id='word_1_150' title='bbox 1146 2308 1274 2367; x_wconf 87' lang='lat' dir='ltr'><strong>Corvum</strong></span> 
     </span>
     <span class='ocr_line' id='line_1_18' title="bbox 213 2413 1274 2488; baseline 0.004 -19"><span class='ocrx_word' id='word_1_151' title='bbox 213 2413 320 2471; x_wconf 90' lang='lat' dir='ltr'><strong>dictum</strong></span> <span class='ocrx_word' id='word_1_152' title='bbox 344 2415 504 2484; x_wconf 87' lang='lat' dir='ltr'><strong>audissent,</strong></span> <span class='ocrx_word' id='word_1_153' title='bbox 526 2424 555 2470; x_wconf 88' lang='lat' dir='ltr'><strong>et</strong></span> <span class='ocrx_word' id='word_1_154' title='bbox 573 2413 742 2488; x_wconf 81' lang='lat' dir='ltr'><strong>magistrum</strong></span> <span class='ocrx_word' id='word_1_155' title='bbox 764 2413 892 2487; x_wconf 91' lang='lat' dir='ltr'><strong>equitum</strong></span> <span class='ocrx_word' id='word_1_156' title='bbox 914 2413 949 2472; x_wconf 87' lang='lat' dir='ltr'><strong>L.</strong></span> <span class='ocrx_word' id='word_1_157' title='bbox 972 2413 1122 2471; x_wconf 86' lang='lat' dir='ltr'><strong>AEmilium</strong></span> <span class='ocrx_word' id='word_1_158' title='bbox 1145 2415 1274 2473; x_wconf 90' lang='lat' dir='ltr'><strong>Mamer-</strong></span> 
     </span>
     <span class='ocr_line' id='line_1_19' title="bbox 211 2513 1366 2597; baseline 0.006 -21"><span class='ocrx_word' id='word_1_159' title='bbox 211 2520 315 2582; x_wconf 90' lang='lat' dir='ltr'><strong>cinum.</strong></span> <span class='ocrx_word' id='word_1_160' title='bbox 363 2520 424 2579; x_wconf 90' lang='lat' dir='ltr'><strong>Ubi</strong></span> <span class='ocrx_word' id='word_1_161' title='bbox 439 2519 562 2594; x_wconf 86' lang='lat' dir='ltr'><strong>primum</strong></span> <span class='ocrx_word' id='word_1_162' title='bbox 576 2520 608 2576; x_wconf 92' lang='lat' dir='ltr'><strong>in</strong></span> <span class='ocrx_word' id='word_1_163' title='bbox 629 2528 812 2594; x_wconf 89' lang='lat' dir='ltr'><strong>conspectum</strong></span> <span class='ocrx_word' id='word_1_164' title='bbox 833 2527 950 2576; x_wconf 87' lang='lat' dir='ltr'><strong>ventum</strong></span> <span class='ocrx_word' id='word_1_165' title='bbox 967 2527 1010 2576; x_wconf 89' lang='lat' dir='ltr'><strong>est</strong></span> <span class='ocrx_word' id='word_1_166' title='bbox 1024 2529 1050 2576; x_wconf 83' lang='lat' dir='ltr'><strong>ct</strong></span> <span class='ocrx_word' id='word_1_167' title='bbox 1070 2540 1152 2578; x_wconf 90' lang='lat' dir='ltr'><strong>arma</strong></span> <span class='ocrx_word' id='word_1_168' title='bbox 1174 2521 1271 2597; x_wconf 85' lang='lat' dir='ltr'><strong>signa·</strong></span> <span class='ocrx_word' id='word_1_169' title='bbox 1320 2513 1366 2583; x_wconf 75' lang='lat'><strong>40</strong></span> 
     </span>
     <span class='ocr_line' id='line_1_20' title="bbox 211 2625 1312 2704; baseline 0.004 -22"><span class='ocrx_word' id='word_1_170' title='bbox 211 2645 264 2700; x_wconf 91' lang='lat' dir='ltr'><strong>que</strong></span> <span class='ocrx_word' id='word_1_171' title='bbox 285 2643 449 2701; x_wconf 84' lang='lat' dir='ltr'><strong>agnovere,</strong></span> <span class='ocrx_word' id='word_1_172' title='bbox 468 2627 614 2701; x_wconf 87' lang='lat' dir='ltr'><strong>externplo</strong></span> <span class='ocrx_word' id='word_1_173' title='bbox 636 2626 768 2682; x_wconf 91' lang='lat' dir='ltr'><strong>omnibus</strong></span> <span class='ocrx_word' id='word_1_174' title='bbox 789 2625 931 2682; x_wconf 88' lang='lat' dir='ltr'><strong>memoria</strong></span> <span class='ocrx_word' id='word_1_175' title='bbox 951 2627 1052 2700; x_wconf 84' lang='lat' dir='ltr'><strong>patriae</strong></span> <span class='ocrx_word' id='word_1_176' title='bbox 1072 2628 1130 2684; x_wconf 88' lang='lat' dir='ltr'><strong>iras</strong></span> <span class='ocrx_word' id='word_1_177' title='bbox 1145 2630 1272 2704; x_wconf 88' lang='lat' dir='ltr'><strong>permul-</strong></span> <span class='ocrx_word' id='word_1_178' title='bbox 1309 2631 1312 2638; x_wconf 83' lang='lat'>&#39;</span> 
     </span>
     <span class='ocr_line' id='line_1_21' title="bbox 211 2730 1303 2806; baseline 0.002 -19"><span class='ocrx_word' id='word_1_179' title='bbox 211 2731 251 2792; x_wconf 91' lang='lat' dir='ltr'><strong>sit.</strong></span> <span class='ocrx_word' id='word_1_180' title='bbox 313 2733 459 2791; x_wconf 90' lang='lat' dir='ltr'><strong>Nondum</strong></span> <span class='ocrx_word' id='word_1_181' title='bbox 485 2740 569 2787; x_wconf 88' lang='lat' dir='ltr'><strong>erant</strong></span> <span class='ocrx_word' id='word_1_182' title='bbox 596 2739 656 2787; x_wconf 85' lang='lat' dir='ltr'><strong>tam</strong></span> <span class='ocrx_word' id='word_1_183' title='bbox 682 2730 772 2788; x_wconf 78' lang='lat' dir='ltr'><strong>fortes</strong></span> <span class='ocrx_word' id='word_1_184' title='bbox 804 2734 841 2789; x_wconf 89' lang='lat' dir='ltr'><strong>ad</strong></span> <span class='ocrx_word' id='word_1_185' title='bbox 863 2732 1032 2806; x_wconf 85' lang='lat' dir='ltr'><strong>sanguinem</strong></span> <span class='ocrx_word' id='word_1_186' title='bbox 1060 2734 1188 2804; x_wconf 86' lang='lat' dir='ltr'><strong>civilem,</strong></span> <span class='ocrx_word' id='word_1_187' title='bbox 1220 2733 1303 2794; x_wconf 81' lang='lat' dir='ltr'><strong>nec2</strong></span> 
     </span>
     <span class='ocr_line' id='line_1_22' title="bbox 211 2836 1273 2912; baseline 0.005 -18"><span class='ocrx_word' id='word_1_188' title='bbox 211 2848 314 2912; x_wconf 84' lang='lat' dir='ltr'><strong>praeter</strong></span> <span class='ocrx_word' id='word_1_189' title='bbox 348 2847 471 2894; x_wconf 82' lang='lat' dir='ltr'><strong>externa</strong></span> <span class='ocrx_word' id='word_1_190' title='bbox 497 2847 639 2894; x_wconf 84' lang='lat' dir='ltr'><strong>noverant</strong></span> <span class='ocrx_word' id='word_1_191' title='bbox 671 2837 747 2894; x_wconf 91' lang='lat' dir='ltr'><strong>bella</strong></span> <span class='ocrx_word' id='word_1_192' title='bbox 774 2836 933 2911; x_wconf 90' lang='lat' dir='ltr'><strong>ultimaque</strong></span> <span class='ocrx_word' id='word_1_193' title='bbox 961 2837 1057 2894; x_wconf 86' lang='lat' dir='ltr'><strong>rabies</strong></span> <span class='ocrx_word' id='word_1_194' title='bbox 1083 2841 1206 2898; x_wconf 88' lang='lat' dir='ltr'><strong>secessio</strong></span> <span class='ocrx_word' id='word_1_195' title='bbox 1236 2841 1273 2899; x_wconf 85' lang='lat' dir='ltr'><strong>ab</strong></span> 
     </span>
    </p>

    <p class='ocr_par' dir='ltr' id='par_1_5' title="bbox 211 2942 1304 3124">
     <span class='ocr_line' id='line_1_23' title="bbox 212 2942 1272 3020; baseline 0.004 -20"><span class='ocrx_word' id='word_1_196' title='bbox 212 2945 267 3000; x_wconf 89' lang='lat' dir='ltr'><strong>suis</strong></span> <span class='ocrx_word' id='word_1_197' title='bbox 288 2944 474 3012; x_wconf 85' lang='lat' dir='ltr'><strong>habebatur3</strong></span> <span class='ocrx_word' id='word_1_198' title='bbox 502 2942 602 3015; x_wconf 87' lang='lat' dir='ltr'><strong>itaque</strong></span> <span class='ocrx_word' id='word_1_199' title='bbox 621 2943 680 2999; x_wconf 89' lang='lat' dir='ltr'><strong>iam</strong></span> <span class='ocrx_word' id='word_1_200' title='bbox 702 2943 806 3012; x_wconf 85' lang='lat' dir='ltr'><strong>duces,</strong></span> <span class='ocrx_word' id='word_1_201' title='bbox 836 2942 895 2998; x_wconf 85' lang='lat' dir='ltr'><strong>iam</strong></span> <span class='ocrx_word' id='word_1_202' title='bbox 924 2943 1028 3000; x_wconf 90' lang='lat' dir='ltr'><strong>milites</strong></span> <span class='ocrx_word' id='word_1_203' title='bbox 1049 2945 1183 3020; x_wconf 85' lang='lat' dir='ltr'><strong>utrinque</strong></span> <span class='ocrx_word' id='word_1_204' title='bbox 1205 2965 1272 3004; x_wconf 88' lang='lat' dir='ltr'><strong>con·</strong></span> 
     </span>
     <span class='ocr_line' id='line_1_24' title="bbox 211 3047 1304 3124; baseline 0 -18"><span class='ocrx_word' id='word_1_205' title='bbox 211 3068 326 3124; x_wconf 81' lang='lat' dir='ltr'><strong>gressus</strong></span> <span class='ocrx_word' id='word_1_206' title='bbox 353 3067 482 3122; x_wconf 85' lang='lat' dir='ltr'><strong>quaerere</strong></span> <span class='ocrx_word' id='word_1_207' title='bbox 504 3065 539 3104; x_wconf 92' lang='lat' dir='ltr'><strong>ac</strong></span> <span class='ocrx_word' id='word_1_208' title='bbox 560 3048 714 3123; x_wconf 91' lang='lat' dir='ltr'><strong>colloquia,</strong></span> <span class='ocrx_word' id='word_1_209' title='bbox 736 3047 896 3122; x_wconf 81' lang='lat' dir='ltr'><strong>Quinctius,</strong></span> <span class='ocrx_word' id='word_1_210' title='bbox 918 3067 1002 3122; x_wconf 86' lang='lat' dir='ltr'><strong>quem</strong></span> <span class='ocrx_word' id='word_1_211' title='bbox 1018 3069 1164 3108; x_wconf 89' lang='lat' dir='ltr'><strong>armorum</strong></span> <span class='ocrx_word' id='word_1_212' title='bbox 1186 3051 1304 3110; x_wconf 77' lang='lat' dir='ltr'><strong>etiamd</strong></span> 
     </span>
    </p>

    <p class='ocr_par' dir='ltr' id='par_1_6' title="bbox 179 3154 1304 3547">
     <span class='ocr_line' id='line_1_25' title="bbox 179 3154 1273 3232; baseline 0.004 -20"><span class='ocrx_word' id='word_1_213' title='bbox 179 3192 180 3195; x_wconf 58' lang='lat'><em>=</em></span> <span class='ocrx_word' id='word_1_214' title='bbox 211 3175 260 3230; x_wconf 89' lang='lat' dir='ltr'><strong>pro</strong></span> <span class='ocrx_word' id='word_1_215' title='bbox 282 3155 388 3232; x_wconf 85' lang='lat' dir='ltr'><strong>patria</strong></span> <span class='ocrx_word' id='word_1_216' title='bbox 408 3154 529 3219; x_wconf 82' lang='lat' dir='ltr'><strong>satietas</strong></span> <span class='ocrx_word' id='word_1_217' title='bbox 550 3163 675 3223; x_wconf 87' lang='lat' dir='ltr'><strong>teneret,</strong></span> <span class='ocrx_word' id='word_1_218' title='bbox 705 3155 810 3211; x_wconf 89' lang='lat' dir='ltr'><strong>nedum</strong></span> <span class='ocrx_word' id='word_1_219' title='bbox 832 3154 972 3210; x_wconf 87' lang='lat' dir='ltr'><strong>adversus</strong></span> <span class='ocrx_word' id='word_1_220' title='bbox 995 3156 1129 3230; x_wconf 85' lang='lat' dir='ltr'><strong>patriam,</strong></span> <span class='ocrx_word' id='word_1_221' title='bbox 1160 3156 1273 3216; x_wconf 86' lang='lat' dir='ltr'><strong>Corvus</strong></span> 
     </span>
     <span class='ocr_line' id='line_1_26' title="bbox 212 3260 1272 3336; baseline 0.002 -19"><span class='ocrx_word' id='word_1_222' title='bbox 212 3280 310 3319; x_wconf 88' lang='lat' dir='ltr'><strong>omnes</strong></span> <span class='ocrx_word' id='word_1_223' title='bbox 341 3261 467 3318; x_wconf 83' lang='lat' dir='ltr'><strong>caritate</strong></span> <span class='ocrx_word' id='word_1_224' title='bbox 497 3260 590 3332; x_wconf 86' lang='lat' dir='ltr'><strong>cives,</strong></span> <span class='ocrx_word' id='word_1_225' title='bbox 622 3261 766 3336; x_wconf 68' lang='lat' dir='ltr'><strong>precipue</strong></span> <span class='ocrx_word' id='word_1_226' title='bbox 794 3260 898 3316; x_wconf 89' lang='lat' dir='ltr'><strong>milites</strong></span> <span class='ocrx_word' id='word_1_227' title='bbox 929 3270 957 3316; x_wconf 90' lang='lat' dir='ltr'><strong>et</strong></span> <span class='ocrx_word' id='word_1_228' title='bbox 988 3269 1055 3317; x_wconf 87' lang='lat' dir='ltr'><strong>ante</strong></span> <span class='ocrx_word' id='word_1_229' title='bbox 1081 3261 1154 3318; x_wconf 89' lang='lat' dir='ltr'><strong>alios</strong></span> <span class='ocrx_word' id='word_1_230' title='bbox 1188 3281 1272 3320; x_wconf 86' lang='lat' dir='ltr'><strong>suum</strong></span> 
     </span>
     <span class='ocr_line' id='line_1_27' title="bbox 211 3365 1304 3442; baseline -0.003 -17"><span class='ocrx_word' id='word_1_231' title='bbox 211 3368 373 3425; x_wconf 85' lang='lat' dir='ltr'><strong>exercitum</strong></span> <span class='ocrx_word' id='word_1_232' title='bbox 399 3365 578 3440; x_wconf 88' lang='lat' dir='ltr'><strong>complexus.</strong></span> <span class='ocrx_word' id='word_1_233' title='bbox 625 3367 655 3422; x_wconf 85' lang='lat' dir='ltr'><strong>Ia</strong></span> <span class='ocrx_word' id='word_1_234' title='bbox 683 3366 721 3423; x_wconf 93' lang='lat' dir='ltr'><strong>ad</strong></span> <span class='ocrx_word' id='word_1_235' title='bbox 748 3367 922 3440; x_wconf 88' lang='lat' dir='ltr'><strong>colloquium</strong></span> <span class='ocrx_word' id='word_1_236' title='bbox 950 3365 1098 3441; x_wconf 87' lang='lat' dir='ltr'><strong>processit.</strong></span> <span class='ocrx_word' id='word_1_237' title='bbox 1148 3365 1304 3442; x_wconf 85' lang='lat' dir='ltr'><strong>Cognit04</strong></span> 
     </span>
     <span class='ocr_line' id='line_1_28' title="bbox 211 3454 1273 3547; baseline 0 -17"><span class='ocrx_word' id='word_1_238' title='bbox 211 3474 235 3530; x_wconf 92' lang='lat' dir='ltr'><strong>ei</strong></span> <span class='ocrx_word' id='word_1_239' title='bbox 257 3454 411 3547; x_wconf 81' lang='lat' dir='ltr'><strong>extemplo</strong></span> <span class='ocrx_word' id='word_1_240' title='bbox 431 3472 511 3528; x_wconf 90' lang='lat' dir='ltr'><strong>haud</strong></span> <span class='ocrx_word' id='word_1_241' title='bbox 537 3472 648 3529; x_wconf 87' lang='lat' dir='ltr'><strong>minure</strong></span> <span class='ocrx_word' id='word_1_242' title='bbox 675 3474 713 3529; x_wconf 91' lang='lat' dir='ltr'><strong>ab</strong></span> <span class='ocrx_word' id='word_1_243' title='bbox 734 3471 909 3529; x_wconf 88' lang='lat' dir='ltr'><strong>adversariis</strong></span> <span class='ocrx_word' id='word_1_244' title='bbox 929 3471 1103 3528; x_wconf 87' lang='lat' dir='ltr'><strong>verecundia</strong></span> <span class='ocrx_word' id='word_1_245' title='bbox 1125 3491 1211 3546; x_wconf 93' lang='lat' dir='ltr'><strong>quam</strong></span> <span class='ocrx_word' id='word_1_246' title='bbox 1235 3475 1273 3530; x_wconf 83' lang='lat' dir='ltr'><strong>ab</strong></span> 
     </span>
    </p>

    <p class='ocr_par' dir='ltr' id='par_1_7' title="bbox 211 3576 1304 4288">
     <span class='ocr_line' id='line_1_29' title="bbox 212 3576 1274 3651; baseline -0.001 -14"><span class='ocrx_word' id='word_1_247' title='bbox 212 3582 268 3637; x_wconf 85' lang='lat' dir='ltr'><strong>suis</strong></span> <span class='ocrx_word' id='word_1_248' title='bbox 301 3578 450 3637; x_wconf 91' lang='lat' dir='ltr'><strong>silentium</strong></span> <span class='ocrx_word' id='word_1_249' title='bbox 479 3578 589 3635; x_wconf 88' lang='lat' dir='ltr'><strong>datum.</strong></span> <span class='ocrx_word' id='word_1_250' title='bbox 643 3578 762 3648; x_wconf 84' lang='lat' dir='ltr'><strong>„Deos“</strong></span> <span class='ocrx_word' id='word_1_251' title='bbox 794 3577 888 3651; x_wconf 91' lang='lat' dir='ltr'><strong>inquit</strong></span> <span class='ocrx_word' id='word_1_252' title='bbox 918 3576 1128 3648; x_wconf 76' lang='lat' dir='ltr'><strong>„immor-tales,</strong></span> <span class='ocrx_word' id='word_1_253' title='bbox 1159 3578 1274 3651; x_wconf 87' lang='lat' dir='ltr'><strong>milites,</strong></span> 
     </span>
     <span class='ocr_line' id='line_1_30' title="bbox 212 3681 1274 3759; baseline -0.001 -16"><span class='ocrx_word' id='word_1_254' title='bbox 212 3695 324 3743; x_wconf 87' lang='lat' dir='ltr'><strong>vestros</strong></span> <span class='ocrx_word' id='word_1_255' title='bbox 357 3685 490 3759; x_wconf 89' lang='lat' dir='ltr'><strong>publicos</strong></span> <span class='ocrx_word' id='word_1_256' title='bbox 523 3701 674 3758; x_wconf 87' lang='lat' dir='ltr'><strong>meosque,</strong></span> <span class='ocrx_word' id='word_1_257' title='bbox 707 3685 744 3741; x_wconf 87' lang='lat' dir='ltr'><strong>ab</strong></span> <span class='ocrx_word' id='word_1_258' title='bbox 778 3684 851 3759; x_wconf 85' lang='lat' dir='ltr'><strong>urbe</strong></span> <span class='ocrx_word' id='word_1_259' title='bbox 881 3681 1065 3757; x_wconf 87' lang='lat' dir='ltr'><strong>proficiscens</strong></span> <span class='ocrx_word' id='word_1_260' title='bbox 1086 3685 1128 3740; x_wconf 84' lang='lat' dir='ltr'><strong>itu</strong></span> <span class='ocrx_word' id='word_1_261' title='bbox 1152 3684 1274 3742; x_wconf 84' lang='lat' dir='ltr'><strong>adoravi</strong></span> 
     </span>
     <span class='ocr_line' id='line_1_31' title="bbox 211 3781 1274 3866; baseline 0.003 -21"><span class='ocrx_word' id='word_1_262' title='bbox 211 3791 389 3864; x_wconf 84' lang='lat' dir='ltr'><strong>veniamque</strong></span> <span class='ocrx_word' id='word_1_263' title='bbox 410 3790 533 3865; x_wconf 86' lang='lat' dir='ltr'><strong>supplex</strong></span> <span class='ocrx_word' id='word_1_264' title='bbox 547 3790 679 3865; x_wconf 90' lang='lat' dir='ltr'><strong>poposci,</strong></span> <span class='ocrx_word' id='word_1_265' title='bbox 701 3797 733 3846; x_wconf 92' lang='lat' dir='ltr'><strong>ut</strong></span> <span class='ocrx_word' id='word_1_266' title='bbox 753 3781 823 3846; x_wconf 82' lang='lat' dir='ltr'><strong>mihi</strong></span> <span class='ocrx_word' id='word_1_267' title='bbox 841 3788 878 3844; x_wconf 95' lang='lat' dir='ltr'><strong>de</strong></span> <span class='ocrx_word' id='word_1_268' title='bbox 895 3789 979 3844; x_wconf 90' lang='lat' dir='ltr'><strong>vobis</strong></span> <span class='ocrx_word' id='word_1_269' title='bbox 1000 3790 1162 3847; x_wconf 71' lang='lat' dir='ltr'><strong>concordiae</strong></span> <span class='ocrx_word' id='word_1_270' title='bbox 1183 3801 1274 3866; x_wconf 85' lang='lat' dir='ltr'><strong>partae</strong></span> 
     </span>
     <span class='ocr_line' id='line_1_32' title="bbox 213 3893 1304 3969; baseline 0 -18"><span class='ocrx_word' id='word_1_271' title='bbox 213 3896 347 3969; x_wconf 83' lang='lat' dir='ltr'><strong>gloriam,</strong></span> <span class='ocrx_word' id='word_1_272' title='bbox 369 3913 429 3951; x_wconf 91' lang='lat' dir='ltr'><strong>non</strong></span> <span class='ocrx_word' id='word_1_273' title='bbox 451 3895 601 3951; x_wconf 87' lang='lat' dir='ltr'><strong>victoriam</strong></span> <span class='ocrx_word' id='word_1_274' title='bbox 625 3896 737 3958; x_wconf 84' lang='lat' dir='ltr'><strong>darent.</strong></span> <span class='ocrx_word' id='word_1_275' title='bbox 785 3894 864 3954; x_wconf 77' lang='lat' dir='ltr'><strong>Satis</strong></span> <span class='ocrx_word' id='word_1_276' title='bbox 886 3893 942 3950; x_wconf 83' lang='lat' dir='ltr'><strong>tuit</strong></span> <span class='ocrx_word' id='word_1_277' title='bbox 963 3894 1087 3969; x_wconf 84' lang='lat' dir='ltr'><strong>eritque,</strong></span> <span class='ocrx_word' id='word_1_278' title='bbox 1109 3897 1186 3954; x_wconf 89' lang='lat' dir='ltr'><strong>unde</strong></span> <span class='ocrx_word' id='word_1_279' title='bbox 1207 3895 1304 3954; x_wconf 87' lang='lat' dir='ltr'><strong>belli5</strong></span> 
     </span>
     <span class='ocr_line' id='line_1_33' title="bbox 214 3999 1273 4078; baseline 0.003 -21"><span class='ocrx_word' id='word_1_280' title='bbox 214 4001 299 4059; x_wconf 87' lang='lat' dir='ltr'><strong>decus</strong></span> <span class='ocrx_word' id='word_1_281' title='bbox 321 4001 472 4078; x_wconf 81' lang='lat' dir='ltr'><strong>pariatur3</strong></span> <span class='ocrx_word' id='word_1_282' title='bbox 493 4002 561 4058; x_wconf 87' lang='lat' dir='ltr'><strong>hinc</strong></span> <span class='ocrx_word' id='word_1_283' title='bbox 574 4018 635 4076; x_wconf 86' lang='lat' dir='ltr'><strong>pax</strong></span> <span class='ocrx_word' id='word_1_284' title='bbox 656 4000 781 4075; x_wconf 87' lang='lat' dir='ltr'><strong>petenda</strong></span> <span class='ocrx_word' id='word_1_285' title='bbox 801 4009 853 4059; x_wconf 87' lang='lat' dir='ltr'><strong>est.</strong></span> <span class='ocrx_word' id='word_1_286' title='bbox 896 3999 982 4072; x_wconf 83' lang='lat' dir='ltr'><strong>Quod</strong></span> <span class='ocrx_word' id='word_1_287' title='bbox 1005 4001 1074 4058; x_wconf 88' lang='lat' dir='ltr'><strong>deos</strong></span> <span class='ocrx_word' id='word_1_288' title='bbox 1096 4001 1273 4060; x_wconf 85' lang='lat' dir='ltr'><strong>immortales</strong></span> 
     </span>
     <span class='ocr_line' id='line_1_34' title="bbox 212 4105 1273 4182; baseline 0.002 -19"><span class='ocrx_word' id='word_1_289' title='bbox 212 4107 286 4166; x_wconf 89' lang='lat' dir='ltr'><strong>inter</strong></span> <span class='ocrx_word' id='word_1_290' title='bbox 306 4107 505 4182; x_wconf 86' lang='lat' dir='ltr'><strong>nuncupanda</strong></span> <span class='ocrx_word' id='word_1_291' title='bbox 525 4116 596 4164; x_wconf 90' lang='lat' dir='ltr'><strong>vota</strong></span> <span class='ocrx_word' id='word_1_292' title='bbox 616 4106 783 4180; x_wconf 88' lang='lat' dir='ltr'><strong>expoposci,</strong></span> <span class='ocrx_word' id='word_1_293' title='bbox 804 4105 865 4162; x_wconf 87' lang='lat' dir='ltr'><strong>eius</strong></span> <span class='ocrx_word' id='word_1_294' title='bbox 887 4125 933 4162; x_wconf 88' lang='lat' dir='ltr'><strong>me</strong></span> <span class='ocrx_word' id='word_1_295' title='bbox 954 4115 1116 4182; x_wconf 87' lang='lat' dir='ltr'><strong>compotem</strong></span> <span class='ocrx_word' id='word_1_296' title='bbox 1138 4108 1200 4165; x_wconf 87' lang='lat' dir='ltr'><strong>voti</strong></span> <span class='ocrx_word' id='word_1_297' title='bbox 1220 4126 1273 4166; x_wconf 83' lang='lat' dir='ltr'><strong>vos</strong></span> 
     </span>
     <span class='ocr_line' id='line_1_35' title="bbox 213 4210 1304 4288; baseline 0.003 -21"><span class='ocrx_word' id='word_1_298' title='bbox 213 4211 310 4271; x_wconf 85' lang='lat' dir='ltr'><strong>facere</strong></span> <span class='ocrx_word' id='word_1_299' title='bbox 331 4213 469 4288; x_wconf 85' lang='lat' dir='ltr'><strong>potestis,</strong></span> <span class='ocrx_word' id='word_1_300' title='bbox 490 4212 515 4269; x_wconf 90' lang='lat' dir='ltr'><strong>si</strong></span> <span class='ocrx_word' id='word_1_301' title='bbox 536 4210 701 4268; x_wconf 87' lang='lat' dir='ltr'><strong>meminisse</strong></span> <span class='ocrx_word' id='word_1_302' title='bbox 721 4210 822 4281; x_wconf 87' lang='lat' dir='ltr'><strong>vultis,</strong></span> <span class='ocrx_word' id='word_1_303' title='bbox 851 4230 909 4268; x_wconf 92' lang='lat' dir='ltr'><strong>non</strong></span> <span class='ocrx_word' id='word_1_304' title='bbox 935 4231 989 4270; x_wconf 88' lang='lat' dir='ltr'><strong>vos</strong></span> <span class='ocrx_word' id='word_1_305' title='bbox 1019 4212 1049 4269; x_wconf 91' lang='lat' dir='ltr'><strong>in</strong></span> <span class='ocrx_word' id='word_1_306' title='bbox 1071 4213 1190 4272; x_wconf 82' lang='lat' dir='ltr'><strong>Samnio</strong></span> <span class='ocrx_word' id='word_1_307' title='bbox 1220 4215 1304 4271; x_wconf 79' lang='lat' dir='ltr'><strong>necb</strong></span> 
     </span>
    </p>

    <p class='ocr_par' dir='ltr' id='par_1_8' title="bbox 214 4316 1274 4391">
     <span class='ocr_line' id='line_1_36' title="bbox 214 4316 1274 4391; baseline 0.003 -18"><span class='ocrx_word' id='word_1_308' title='bbox 214 4317 241 4373; x_wconf 90' lang='lat' dir='ltr'><strong>in</strong></span> <span class='ocrx_word' id='word_1_309' title='bbox 262 4317 393 4388; x_wconf 79' lang='lat' dir='ltr'><strong>Volscis,</strong></span> <span class='ocrx_word' id='word_1_310' title='bbox 414 4317 466 4374; x_wconf 87' lang='lat' dir='ltr'><strong>sed</strong></span> <span class='ocrx_word' id='word_1_311' title='bbox 486 4317 516 4373; x_wconf 91' lang='lat' dir='ltr'><strong>iu</strong></span> <span class='ocrx_word' id='word_1_312' title='bbox 538 4318 673 4374; x_wconf 80' lang='lat' dir='ltr'><strong>Romarm</strong></span> <span class='ocrx_word' id='word_1_313' title='bbox 695 4316 759 4374; x_wconf 88' lang='lat' dir='ltr'><strong>solo</strong></span> <span class='ocrx_word' id='word_1_314' title='bbox 780 4325 877 4374; x_wconf 89' lang='lat' dir='ltr'><strong>castra</strong></span> <span class='ocrx_word' id='word_1_315' title='bbox 898 4317 1020 4389; x_wconf 85' lang='lat' dir='ltr'><strong>habere,</strong></span> <span class='ocrx_word' id='word_1_316' title='bbox 1044 4317 1069 4375; x_wconf 86' lang='lat' dir='ltr'><strong>si</strong></span> <span class='ocrx_word' id='word_1_317' title='bbox 1089 4317 1155 4376; x_wconf 90' lang='lat' dir='ltr'><strong>illos</strong></span> <span class='ocrx_word' id='word_1_318' title='bbox 1177 4319 1274 4391; x_wconf 85' lang='lat' dir='ltr'><strong>colles,</strong></span> 
     </span>
    </p>
   </div>
   <div class='ocr_carea' id='block_1_3' title="bbox 0 0 1700 5084">
    <p class='ocr_par' dir='ltr' id='par_1_9' title="bbox 0 0 1700 5084">
     <span class='ocr_line' id='line_1_37' title="bbox 0 0 1700 5084; baseline 0 1"><span class='ocrx_word' id='word_1_319' title='bbox 0 0 1700 5084; x_wconf 95' lang='lat' dir='ltr'><strong> </strong></span> 
     </span>
    </p>
   </div>
  </div>
 </body>
</html>
