3392 5084
486 503 545 562 tra
740 501 818 554 num
833 501 882 554 rx.
910 503 956 568 (n.
969 507 1202 570 ummo-⁴⁴4.)

443 695 510 746 ante
529 687 613 762 signa
633 687 767 762 uirosque
788 675 888 746 omne's
911 689 1083 750 oeciderunt.
1136 691 1227 750 Nullo
1247 708 1372 766 unquam
1389 693 1473 767 probe

442 793 519 869 suge
542 793 636 850 minus
657 809 710 850 nec
729 793 793 868 plus
814 795 900 852 caedis
923 795 1032 866 inisset,
1056 797 1087 854 ni
1109 797 1269 855 obstinatos
1291 797 1363 854 mori
1379 799 1475 856 Tuscos

442 917 502 957 nox
523 899 655 968 texisset,
686 899 726 958 ita
753 909 786 958 ut
806 900 930 959 victores
950 902 1030 977 prius
1052 921 1139 978 quam
1159 905 1230 962 victi
1242 905 1388 980 pugnandi
1404 907 1475 962 finon

392 1003 429 1064 '10
442 1005 578 1062 iacerent.
637 983 716 1062 'Post
745 1023 879 1064 occasum
908 1009 978 1065 solie
1006 1009 1120 1084 signum
1151 1011 1280 1085 receptui
1311 1011 1405 1067 datum
1429 1018 1476 1077 est3

392 1115 425 1170 ll
442 1121 525 1169 nocte
546 1112 584 1170 ab
609 1119 732 1186 utroque
758 1111 789 1168 iu
818 1121 915 1170 castra
940 1113 1075 1176 reditum.
1120 1117 1185 1175 Neo
1213 1116 1318 1173 deinde
1343 1117 1476 1190 quiequam

441 1237 476 1274 eo
501 1235 576 1275 anno
598 1217 640 1274 rei
661 1217 801 1274 memoria
822 1219 917 1294 dignm
942 1221 1021 1296 apud
1042 1221 1171 1280 Sutrium
1197 1232 1311 1297 gestum
1341 1230 1399 1287 est,
1422 1221 1478 1295 quia

441 1331 530 1380 etex
557 1323 697 1380 hostium‘
710 1324 838 1382 exercitu
867 1326 962 1400 pn‘ma
988 1335 1051 1384 tote
1077 1327 1155 1384 acies
1187 1327 1283 1384 deleta
1312 1345 1369 1383 uno
1393 1325 1478 1401 prelio

440 1428 551 1499 iuerat,
583 1427 762 1486 subsidiariis
792 1431 880 1488 modo
908 1431 1031 1504 relictis,
1065 1433 1116 1490 vix
1143 1433 1222 1507 qnod
1252 1432 1323 1488 sutis
1355 1443 1426 1488 esset
1450 1429 1479 1484 ed

393 1535 428 1591 12
441 1541 600 1592 castrorum
622 1533 802 1608 praesidium·
818 1544 847 1592 et
867 1538 945 1613 apud
965 1540 1115 1598 Romanos
1135 1547 1249 1596 tantum
1261 1539 1410 1595 vulnerum
1429 1536 1478 1604 fuit,

440 1648 473 1696 ut
494 1639 591 1715 plures
612 1649 679 1714 pose
695 1637 831 1716 'proelium
859 1644 949 1701 saucii
969 1642 1153 1715 decesserint,
1174 1663 1262 1719 quam
1284 1642 1478 1702 ceciderantio

346 1740 391 1810 33
442 1746 512 1804 acie.
560 1744 596 1818 Q.
619 1745 739 1815 Fabius,
760 1747 937 1823 insequentis
958 1751 1026 1808 anni
1047 1751 1157 1821 consul,
1177 1751 1285 1808 bellum
1308 1750 1347 1807 ad
1369 1747 1479 1808 Sutrium

264 1831 428 1954 {¹3³3ss
442 1851 567 1926 excepit3
591 1851 702 1928 collega
724 1855 817 1912 Fabio
840 1854 873 1914 C.
895 1855 1023 1912 Marcius
1044 1857 1158 1915 Rutilus
1181 1858 1266 1914 datus
1288 1865 1347 1925 est;
1372 1866 1480 1913 ceterum
1522 1834 1523 1843 ἵ

410 1970 469 2026 2et
491 1961 600 2018 Fabius
621 1961 852 2038 supplementum
882 1962 920 2018 ab
940 1963 1037 2020 Roma
1065 1962 1202 2034 adduxit,
1234 1973 1264 2021 et
1296 1977 1391 2018 novus
1411 1976 1480 2016 erer-

440 2067 512 2125 citus
534 2068 620 2126 domo
643 2068 750 2126 accitus
775 2067 905 2126 Etmscis
926 2065 1015 2124 venit.

406 2171 427 2228 3
521 2172 662 2231 Permulti
683 2171 751 2228 anni
772 2171 830 2228 iam
852 2182 943 2242 erant,
959 2191 1049 2246 quum
1063 2172 1139 2230 inter
1155 2171 1294 2247 patricios
1307 2171 1481 2247 magistratus

438 2278 625 2353 tribunosque
644 2275 729 2336 nulla·
744 2277 903 2334 certamina
923 2276 1052 2348 fuerant,
1079 2295 1167 2352 quum
1189 2297 1226 2334 ex
1247 2295 1283 2333 ea
1304 2277 1429 2345 familia,
1446 2275 1483 2332 cri

438 2384 517 2441 velut
539 2383 601 2441 fatu
622 2384 658 2440 lis
686 2400 750 2440 cum
782 2382 904 2440 tribunis
935 2396 970 2439 ac
1000 2383 1085 2457 plebs
1107 2393 1186 2454 erat,
1218 2393 1366 2440 certamen
1395 2382 1482 2439 oritur.
1522 2396 1524 2459 l

408 2491 426 2544 4
438 2491 518 2565 App.
535 2487 674 2547 Claudius
689 2507 800 2556 censor,
815 2487 995 2545 circumactis
1008 2489 1108 2547 decem
1121 2499 1151 2547 et
1165 2500 1231 2547 octo
1248 2489 1405 2558 mensibus,
1418 2485 1485 2562 quod
1522 2464 1524 2503 l

437 2594 560 2653 AEmilis
587 2595 651 2670 lege
675 2595 786 2652 finitum
816 2610 943 2652 censura
974 2595 1099 2669 spatium
1129 2594 1269 2670 temporis
1297 2603 1376 2662 erat,
1409 2611 1486 2668 quum
1521 2618 1522 2661 1

437 2699 471 2758 C.
494 2701 626 2759 Plautius
654 2683 766 2776 ebllega
796 2700 859 2758 eius
887 2700 1058 2774 magistratu
1084 2718 1116 2757 se
1148 2701 1328 2770 abdicasset,
1361 2701 1438 2758 nulla
1461 2698 1487 2754 vi

408 2808 585 2884 boompelli,
613 2807 832 2877 stabilirent,
861 2805 966 2880 potuit.
1012 2805 1048 2863 P.
1069 2804 1258 2880 Sempronius
1279 2815 1344 2863 erat
1367 2808 1488 2865 tnbrmus

436 2914 538 2990 plebis,
572 2913 621 2988 qni
642 2912 773 2970 finiendae
793 2929 921 2969 cursuro
941 2912 1018 2968 intra
1037 2910 1196 2986 legitimum
1217 2920 1333 2989 tempus
1354 2914 1487 2972 actionem

403 3038 409 3060 ·
438 3029 613 3094 susceperat,
634 3036 692 3075 non
715 3017 885 3092 popularem
908 3018 1002 3093 magis
1024 3035 1111 3092 quam
1132 3016 1238 3073 iustam
1266 3036 1320 3076 neo
1339 3019 1370 3075 in
1393 3018 1488 3093 vulgus

406 3129 525 3199 dquam
555 3124 664 3200 optimo
693 3123 795 3198 cuique
821 3123 988 3198 gratiorem.
1036 3123 1067 3180 Is
1098 3139 1186 3197 quum
1217 3122 1374 3180 identidem
1403 3121 1487 3199 legem

436 3231 588 3290 AEmiliam
618 3229 752 3286 recitaret
781 3239 986 3304 auctoremque
1011 3229 1072 3286 eius
1104 3229 1195 3287 Mam.
1223 3229 1376 3288 AEmilium
1405 3231 1487 3288 dicta·

437 3348 529 3395 torem
550 3336 684 3394 leudibus
709 3334 812 3405 ferret,
846 3335 895 3410 qui
919 3333 1159 3411 quinquennalem
1187 3344 1255 3391 ante
1284 3353 1436 3393 censuram
1465 3345 1488 3392 et

437 3442 646 3518 longinquitate
659 3447 830 3516 potestatem
846 3439 1041 3498 dominantem
1055 3439 1133 3496 intra
1150 3458 1202 3497 sex
1225 3457 1354 3499 mensum
1375 3454 1406 3500 et
1428 3442 1487 3499 anni
1520 3492 1521 3507 2

409 3549 578 3624 lcoegisset
588 3547 722 3624 spatium,
736 3546 820 3615 „Dim
835 3563 890 3621 age
900 3543 988 3602 dum“
1000 3545 1101 3618 inquit,
1119 3547 1218 3621 „Appi
1230 3545 1342 3616 Claudi,
1356 3549 1486 3622 quidnam

437 3653 565 3712 facturus
585 3653 685 3723 fueris,
708 3651 732 3708 si
754 3669 788 3709 eo
810 3663 950 3727 tempore,
968 3669 1028 3725 quo
1049 3649 1084 3710 C.
1106 3651 1213 3708 Furius
1235 3661 1264 3709 et
1285 3654 1326 3711 Μ.
1343 3654 1486 3730 Geganius

406 3760 568 3817 dcensores
589 3757 719 3829 fuerunt,
753 3776 856 3815 censor
875 3758 1009 3815 iuisses.“
1057 3757 1176 3833 Negare
1198 3759 1313 3835 Appius
1331 3760 1487 3836 interroga-

436 3865 542 3923 tionem
563 3864 672 3923 'tribuni
693 3881 799 3940 magno
822 3879 910 3940 opere
931 3864 970 3920 ad
991 3881 1109 3921 causam
1130 3865 1274 3941 pertinere
1295 3883 1392 3936 suam3
1416 3885 1486 3925 nam

437 3970 490 4027 etsi
511 3970 633 4027 tenuerit
654 3970 701 4027 lex
723 3970 845 4028 AEmiliu
873 3987 923 4026 eos
943 3987 1091 4042 censores,
1121 3989 1244 4046 quorum
1266 3971 1297 4028 in
1321 3971 1486 4047 magistratu

407 4075 497 4133 dlatu
518 4085 602 4147 esset,
623 4076 693 4151 quia
705 4085 773 4152 post
791 4076 858 4133 illos
879 4093 1012 4133 censores
1034 4086 1146 4134 matos
1168 4093 1234 4134 eam
1254 4076 1348 4151 legem
1368 4077 1485 4154 populos

436 4181 575 4252 iussisset,
598 4183 732 4257 quodque
753 4191 929 4257 postremum
950 4183 1087 4252 iussisset,
1107 4182 1139 4239 id
1163 4182 1209 4239 ius
1230 4191 1383 4258 ratumque
1409 4189 1484 4246 esset

437 4305 494 4342 non
516 4295 612 4342 tamen
634 4295 685 4344 aut
706 4303 737 4344 se
759 4297 809 4344 aut
831 4306 929 4344 eorum
950 4307 1135 4363 quemquam,
1157 4289 1206 4364 qni
1227 4298 1295 4365 post
1309 4309 1375 4348 eam
1397 4290 1483 4365 legem
