3392 5084
439 503 477 556 40
866 494 945 545 Liber
962 493 983 543 1.

396 683 529 742 Vulcano
551 679 627 757 erat)
648 680 758 756 ingenti
773 679 888 739 cumulo
911 678 1048 750 accensis,
1078 678 1173 755 pergit
1192 696 1280 753 porro
1301 679 1332 735 in
1352 696 1466 754 agrum

366 790 536 851 tiSabinum
566 786 724 846 exercitum
751 786 904 855 inducere3
942 794 971 843 et
997 802 1162 860 quanquam
1196 784 1271 841 male
1293 791 1375 860 gesta
1414 801 1468 840 res

396 904 467 967 erat,
498 912 551 953 neo
572 901 706 969 gesturos
728 893 830 981 molius
850 910 969 969 sperare
989 898 1133 967 poterant,
1159 898 1265 962 tamen,
1292 890 1361 964 quia
1388 908 1467 947 eon-

395 1002 508 1065 sulendi
524 1018 572 1059 res
592 1018 651 1057 non
673 1000 763 1057 dabat
779 998 915 1074 spatium,
937 998 997 1055 iere
1019 996 1135 1053 obviam
1148 995 1249 1056 Sabini
1270 996 1467 1054 tumultuario

395 1107 498 1176 milite;
530 1106 693 1181 iterumque
723 1105 765 1163 ibi
787 1103 861 1174 insi,
892 1102 1011 1179 perditis
1032 1103 1091 1161 iam
1114 1122 1205 1178 prope
1225 1104 1328 1174 rebus,
1354 1121 1467 1177 pacem

301 1218 348 1287 38
395 1212 510 1289 petiere.
553 1209 689 1284 Collatia,
711 1221 740 1268 et
760 1210 897 1285 quicquid
913 1209 985 1267 citra
996 1206 1150 1266 Collatiam
1166 1208 1230 1283 agri
1247 1207 1467 1284 erat,‚Sabinis

396 1318 577 1393 ademptum
606 1318 730 1393 Egerius
755 1316 866 1393 (fratris
888 1316 935 1374 hic
962 1304 1122 1372 filius'erat
1151 1314 1241 1391 regie)
1264 1312 1398 1372 Collatiae
1435 1314 1466 1369 in

365 1423 529 1500 2praesidio
550 1424 678 1482 relictus.
722 1423 903 1497 Deditosque
926 1419 1085 1479 Collatinos
1110 1421 1153 1479 ita
1182 1421 1309 1497 accipio,
1335 1439 1467 1497 eamque

396 1530 550 1588 deditionis
582 1528 737 1587 formulam
774 1546 847 1587 essa.
898 1529 964 1586 Rex
993 1527 1199 1603 interrogavit:
1237 1528 1373 1598 „Estisne
1407 1546 1467 1585 vos

396 1637 486 1711 legati
507 1644 697 1709 oratoresque
716 1634 796 1691 missi
817 1654 837 1692 a
857 1633 966 1711 populo
977 1631 1131 1704 Collatino,
1152 1640 1249 1690 utros
1261 1634 1466 1709 populumque

398 1742 574 1831 Collatinum
596 1739 777 1797 dederetis?“
801 1772 842 1783 -
866 1740 1019 1812 „Sumus.“
1041 1772 1081 1781 -
1098 1740 1207 1808 „Estne
1224 1737 1466 1815 populusColla·

397 1849 474 1905 tinus
498 1847 529 1903 in
553 1865 608 1904 sua
629 1844 811 1921 potestate?“
839 1876 876 1889 -
903 1846 1002 1916 „Est.“
1032 1876 1071 1888 -
1098 1845 1267 1915 „Deditisne
1289 1862 1342 1901 vos
1364 1863 1466 1920 popu-

397 1953 515 2026 lumque
538 1950 723 2024 Collatinum,
746 1954 857 2024 urbem,
886 1970 983 2028 agros,
1015 1970 1131 2026 aquam,
1159 1950 1307 2023 terminos,
1329 1950 1464 2019 delubra,

397 2058 539 2130 utensilia,
560 2058 659 2116 divina
679 2061 864 2134 humanaque
883 2058 990 2130 omnia,
1010 2058 1041 2114 in
1056 2076 1150 2115 meam
1164 2057 1322 2131 populique
1332 2056 1465 2115 Romani

396 2163 577 2223 dicionem?“
601 2196 643 2207 -
669 2165 857 2235 „Dedimus.“
882 2196 923 2207 —
947 2166 1008 2235 „At
1030 2182 1084 2239 ego
1105 2162 1243 2237 recipio.“

367 2271 384 2327 3
479 2269 562 2327 Bello
596 2270 706 2329 Sabino
740 2270 870 2346 perfecto
905 2270 1083 2346 Tarquinius
1120 2268 1301 2343 triumphans
1332 2268 1463 2325 Romam

366 2376 479 2434 tredit.
528 2376 603 2434 Inde
630 2378 739 2435 Priscis
767 2378 880 2435 Latinis
913 2376 1020 2435 bellum
1051 2375 1134 2447 fecit,
1172 2374 1221 2431 ubi
1249 2391 1394 2447 nusquam
1425 2372 1464 2427 ad

396 2482 538 2539 universae
573 2482 616 2539 rei
652 2483 865 2542 dimicationem
895 2490 1012 2540 ventum
1045 2489 1102 2550 est;
1140 2480 1178 2538 ad
1207 2479 1319 2555 singula
1352 2479 1464 2555 oppida

350 2627 358 2639 ·
398 2586 625 2645 circumferendo
638 2606 721 2644 arma
732 2606 817 2645 omne
835 2598 941 2646 nomen
953 2587 1089 2645 Latinum
1100 2587 1221 2645 domuit.
1265 2584 1465 2648 Corniculum,

397 2693 518 2751 Ficulea
537 2701 636 2765 vetus,
665 2691 815 2765 Cameria,
844 2690 1089 2766 Crustumerium,
1117 2692 1282 2762 Ameriola,
1310 2690 1462 2757 Medullia,

398 2802 590 2871 Nomentum,
618 2801 681 2857 haec
702 2802 738 2857 de
760 2800 869 2859 Priscis
892 2798 1006 2856 Latinis
1027 2808 1078 2857 aut
1103 2800 1153 2874 qui
1174 2798 1217 2855 ad‘
1234 2797 1354 2855 Latinos
1382 2795 1463 2854 defe-

370 2908 514 2974 ioerant,
545 2912 633 2980 capta
664 2905 782 2981 oppida.
823 2907 892 2963 Pax
923 2904 1025 2963 deinde
1054 2913 1098 2962 cst
1118 2904 1208 2963 iacta.
1251 2902 1366 2960 Maiore
1396 2902 1463 2959 inde

400 3011 496 3069 animo
517 3011 598 3087 pacis
620 3029 710 3086 opera
730 3011 876 3083 inchoata,
899 3030 986 3088 quam
1009 3021 1119 3087 quanta
1133 3011 1208 3068 mole
1224 3016 1354 3084 gesserat
1374 3008 1462 3075 bella,

399 3129 432 3176 ut
457 3137 516 3176 non
547 3117 672 3191 quietior
707 3118 832 3194 populus
863 3118 942 3179 domi
974 3126 1049 3174 esset
1083 3136 1170 3193 quam
1208 3114 1315 3173 militiae
1352 3112 1463 3171 finisset.

302 3277 304 3279 .
370 3228 478 3285 6Nam
507 3234 536 3283 et
564 3243 655 3285 muro.
677 3224 809 3300 lapideo,
842 3224 923 3282 cuius
955 3224 1105 3282 exordium
1134 3221 1229 3298 operis
1254 3220 1363 3279 Sabino
1385 3220 1463 3277 bello

400 3333 547 3390 turbatum
569 3340 645 3402 erat,
672 3333 788 3403 urbem,
817 3348 876 3405 qua
896 3330 1025 3386 nondum
1045 3328 1201 3397 munierat,
1232 3326 1346 3401 cingere
1367 3334 1462 3400 parat,

401 3446 430 3493 et
448 3437 548 3493 infima
569 3436 648 3495 urbis
673 3437 739 3495 loca
769 3436 846 3494 circa
872 3435 968 3493 forum
995 3434 1125 3509 aliasque
1151 3433 1314 3491 interiectas
1340 3432 1464 3489 collibus

401 3542 563 3613 convalles,
599 3544 668 3617 quia
688 3562 727 3601 ex
746 3542 841 3619 planis
869 3542 942 3599 locis
962 3541 1055 3601 haud¹
1070 3538 1156 3597 facile
1180 3539 1340 3596 evehebant
1360 3555 1462 3612 aquas,

372 3647 508 3705 loloacis
528 3645 646 3722 fastigio
666 3649 697 3706 in
719 3647 849 3707 Tiberim
872 3647 965 3705 ductis
991 3646 1096 3715 siccat,
1126 3652 1155 3701 et
1179 3662 1277 3701 aream
1306 3643 1344 3700 ad
1371 3644 1460 3701 aedem

400 3753 431 3809 in
452 3751 598 3828 capitolio
619 3754 715 3825 Iovis,
746 3772 834 3829 quam
863 3761 986 3815 voverat
1013 3750 1089 3810 bello
1112 3750 1238 3821 Sabino,
1269 3748 1328 3805 iam
1354 3766 1462 3823 prasa-

400 3859 496 3934 gicnte
518 3858 614 3916 animo
635 3851 762 3916 futuram
785 3859 854 3916 olim
879 3858 1095 3935 amplitudinem
1116 3856 1182 3927 loci,
1214 3863 1338 3930 occupat
1358 3852 1461 3911 funda·

401 3964 514 4021 mentis.

308 4065 354 4135 39
485 4071 530 4128 Εο
551 4079 683 4145 tempore
702 4069 733 4126 in
752 4068 835 4144 regia
864 4069 1029 4145 prodigium
1055 4068 1120 4125 visu
1147 4074 1308 4141 eventuque
1331 4063 1461 4122 mirabile

401 4178 464 4235 fuit
505 4178 604 4235 Puero
625 4175 792 4247 dormienti,
827 4175 874 4233 cui
896 4175 998 4235 Servio
1020 4173 1118 4233 Tullio
1144 4171 1199 4229 fuit
1224 4189 1344 4242 nomen,
1377 4178 1461 4245 eaput

371 4282 509 4342 2arsisse
529 4282 626 4340 fertmt
646 4282 802 4339 multorum
833 4281 864 4338 in
886 4289 1054 4358 conspectu;
1083 4279 1207 4355 plurimo
1228 4277 1316 4353 igitur
1336 4276 1461 4335 elamore
