3392 5084
535 533 671 600 marm.
707 533 813 600 (non.
827 536 902 600 aa)
1161 542 1216 599 tus

209 721 278 778 oleta
299 730 397 790 vaste,
426 719 630 782 comitantibus
651 721 764 796 aliquot
791 721 946 793 mannan,
975 740 1039 780 cum
1070 723 1178 798 ingenti
1206 725 1258 780 ad-

209 827 354 884 vocatione
368 827 398 883 in
412 827 509 885 forum
531 825 655 888 deducit.
699 825 858 886 Circumire
871 827 913 885 ibi
927 836 956 884 et
975 847 1113 904 prensare
1126 813 1287 890 bominac
1388 872 1390 875 -

207 933 287 1009 coepit
314 943 423 990 utnon
446 949 531 991 orare
562 933 656 990 solum
684 933 845 1007 precariam
875 953 977 1010 opem,
1005 936 1057 992 sed
1085 953 1139 1009 pro
1160 935 1258 993 debita

208 1049 313 1114 petere:
343 1058 376 1095 se
401 1057 457 1115 pro
486 1039 582 1096 liberis
608 1056 707 1096 eurum
733 1056 767 1095 ac
795 1039 965 1114 coniugibus
987 1040 1115 1115 quotidie
1141 1041 1172 1098 in
1196 1041 1257 1100 acis

208 1155 295 1215 stare,
325 1164 379 1203 nee
400 1144 489 1202 alium
510 1145 603 1202 virum
626 1163 706 1215 esse,
728 1145 809 1202 cuius
830 1154 946 1202 strenue
968 1164 1004 1213 ac
1024 1146 1160 1204 ferociter
1179 1146 1258 1206 factu
1365 1133 1368 1138 ¹

209 1251 329 1309 inbelle
353 1251 439 1327 plura
458 1250 614 1309 memorari
639 1259 771 1325 possent3
789 1232 874 1324 =quid
895 1251 1049 1326 prodesse,
1077 1252 1103 1310 si
1122 1252 1257 1320 incolumi
1285 1237 1295 1252 '⁴

208 1359 283 1428 urbe,
315 1375 379 1432 quas
400 1365 488 1433 capta
509 1356 609 1414 ultima
628 1356 797 1427 timeantur,
825 1355 922 1414 liberis
944 1357 1003 1414 suis
1025 1358 1084 1442 sint
1101 1358 1257 1433 patienda?

210 1465 274 1522 Hac
296 1483 389 1540 prope
416 1461 665 1521 contionabundus
692 1459 861 1518 circumibat
883 1461 1025 1530 homines.
1073 1453 1185 1530 Similia
1212 1464 1288 1523 nisu

209 1571 240 1625 ab
260 1569 345 1627 Icilio
376 1569 569 1628 iactabuntur.
618 1565 780 1624 Comitatus
811 1566 958 1625 muliebris
988 1568 1054 1644 plus
1075 1568 1163 1627 tacito
1189 1570 1257 1628 fletu

211 1695 292 1749 quam
320 1675 381 1732 nlla
411 1693 472 1732 vox
499 1673 643 1730 movebat.
699 1647 849 1730 Adversus
885 1691 950 1748 quae
980 1673 1079 1731 omnia
1111 1675 1287 1734 obstinato4

209 1783 300 1839 animo
320 1780 437 1856 Appius
456 1785 551 1850 (tanta
572 1763 617 1836 ris
631 1778 763 1836 amentias
776 1778 873 1836 veritas
895 1798 983 1854 quam
1004 1780 1111 1837 amoris
1132 1789 1257 1838 mentam

210 1889 383 1953 turbaverat)
414 1885 445 1941 in
479 1883 605 1943 tribuual
634 1884 774 1954 escendit,
809 1893 854 1954 et,
887 1885 963 1942 ultro
995 1896 1132 1959 quaranta
1162 1904 1257 1962 pauca

210 1993 340 2066 petitore,
373 1991 452 2066 quod
482 1989 528 2047 ius
559 1989 614 2046 sibi
640 1989 733 2065 pridie
764 2009 816 2066 per
846 1989 1032 2048 ambitionem
1062 1991 1169 2077 dictum
1197 2011 1257 2050 non

211 2107 287 2168 esset,
313 2095 483 2172 priusquam
512 2095 630 2166 autille
659 2095 834 2170 postulatum
864 2105 1016 2180 perageret
1043 2105 1098 2164 aut·
1116 2096 1260 2172 Verginio

211 2204 395 2280 respondendi
417 2203 644 2270 dareturlocus,
665 2173 780 2277 Appius
809 2200 972 2271 interfatur.
1023 2201 1286 2287 Queutfdecretob

212 2327 364 2367 sermonem
384 2309 577 2384 protenderit,
599 2306 700 2366 forsan
715 2307 846 2382 aliquem
869 2283 970 2376 verdun
992 2312 1129 2365 auctores‘
1146 2308 1256 2382 antiqui
1356 2347 1359 2350 -

213 2393 384 2484 tradiderint3
416 2415 489 2489 quia
512 2433 661 2489 nusquam
694 2412 781 2482 ullum
813 2414 844 2470 in
863 2422 958 2470 tanta
974 2411 1119 2480 ,funditate
1150 2414 1256 2472 decreti

213 2516 407 2576 verisimilem
437 2521 568 2590 invenio,
594 2521 639 2590 id,
668 2519 745 2594 quod
765 2528 905 2588 constat„
925 2519 1033 2576 nudum
1056 2519 1169 2577 videtur
1189 2538 1257 2594 pro·
1304 2566 1307 2570 Α

216 2625 381 2696 ponendum,
408 2624 540 2682 decresse
569 2624 708 2682 vindicias
739 2626 896 2684 secuudum
925 2608 1102 2682 servitutem.
1156 2622 1288 2683 Primod

216 2739 303 2804 stupor
329 2749 430 2788 omnes
459 2731 650 2788 admiratione
677 2731 719 2786 rei
746 2739 806 2786 tam
836 2731 954 2789 atrocis·
968 2731 1082 2805 defixit3
1115 2729 1257 2789 silentium

220 2834 273 2892 iude
291 2836 468 2911 aliquamdiu
499 2837 598 2895 tenuit.
644 2815 752 2922 Dein,¹
771 2854 874 2921 quum
888 2836 930 2892 M.
952 2833 1105 2905 Claudius,
1137 2838 1276 2916 circum-l

219 2943 344 3000 stantibus
366 2944 515 3015 matronis,
537 2943 592 3000 iret
616 2941 861 3017 adprendendum
883 2941 1034 3016 virginem,
1053 2943 1260 3003 lamentabilis·

219 3064 266 3118 que
283 3065 345 3116 eum
361 3048 511 3105 mulierum
534 3048 723 3124 comploratio
740 3047 909 3122 excepisset,
930 3047 1095 3123 Verginius,
1116 3051 1289 3110 intentans?

221 3151 245 3206 in
269 3154 394 3230 Appium
416 3171 527 3224 manus,
552 3153 671 3222 ,Icilio“
705 3153 812 3227 inquit,
847 3153 963 3228 „Appi,
994 3173 1053 3212 non
1086 3156 1139 3213 tibi
1170 3155 1258 3212 filiam

222 3257 357 3333 despondi,
391 3269 420 3317 et
448 3259 486 3316 ad
512 3259 642 3334 nuptias,
676 3277 733 3316 non
757 3260 793 3315 ad
823 3268 953 3334 stupnrm
980 3260 1111 3316 educavi.
1158 3260 1259 3318 Placet

224 3365 346 3435 pecudum
381 3365 583 3437 serrarumque
617 3365 672 3421 ritu
709 3364 853 3439 promisce
889 3366 918 3421 in
954 3366 1122 3422 cunctabitus
1156 3365 1258 3433 ruere?

223 3469 361 3528 Passurine
381 3472 443 3528 haec
464 3447 602 3540 isti'sint,
623 3471 733 3558 nescim
754 3489 812 3526 non
836 3489 921 3545 spero
936 3489 1006 3537 ¹esse
1026 3490 1164 3547 passuros
1185 3472 1259 3545 illos,

223 3574 263 3645 qui
290 3595 369 3633 arma
401 3579 536 3634 habent.“
586 3576 682 3649 Quum
714 3577 900 3652 repelleretur
929 3587 1056 3634 assertm
1086 3576 1206 3651 virginis
1221 3561 1225 3566 i
1241 3580 1290 3635 a8

224 3678 295 3751 globo
329 3684 478 3741 mulierum
519 3682 826 3758 ‚circumstantiumque
858 3684 1080 3754 advocatorum,
1116 3683 1258 3740 silentium

224 3781 313 3844 iactum
326 3807 378 3864 per
393 3806 565 3866 praeconem.
606 3788 770 3858 Decemvir,
792 3787 922 3846 alienato⁴
940 3789 977 3855 ad
990 3788 1136 3846 libidinem
1151 3788 1259 3858 animo,
1305 3786 1351 3855 48

225 3901 295 3964 negat
316 3914 351 3952 ex
371 3897 506 3952 hesterno
524 3903 634 3951 tantum
657 3893 787 3950 convicio
808 3893 883 3951 Icilii
903 3894 1098 3968 violentiaque
1118 3894 1259 3970 Verginii,

225 3997 288 4054 tuus
315 4009 415 4058 testem
447 4000 585 4075 populum
614 4001 779 4058 Romanum
799 4001 922 4069 habeat,
947 3999 999 4056 sed
1029 4001 1118 4064 certis,
1144 4019 1260 4076 quoque

226 4097 317 4161 iudiciis
337 4114 514 4181 compartum
529 4124 561 4162 se
581 4105 698 4176 habere,
720 4114 804 4162 nocte
827 4113 890 4162 totu
911 4114 1001 4164 coetus
1022 4106 1052 4162 in
1074 4107 1146 4164 urbe
1166 4105 1259 4164 factos

226 4220 276 4262 usse
293 4210 328 4266 ad
348 4211 520 4268 movendam
545 4209 722 4268 seditionem.
764 4211 870 4285 Itaque
892 4230 932 4281 se,
957 4212 1036 4268 haud
1056 4211 1176 4269 inscium
1198 4209 1288 4269 eiusl

227 4307 406 4386 dimicationis,
428 4334 491 4373 cum
512 4317 632 4374 mustis
651 4316 841 4404 descendisse,
862 4335 922 4374 non
935 4325 968 4374 ut
989 4333 1162 4392 quemquam
1177 4317 1259 4390 quie-
