3392 5084
536 492 616 542 unua
632 492 694 542 vu.
731 492 776 557 (a.
790 490 837 548 cu
852 494 924 556 aas.)
1167 495 1208 554 ,61

210 677 390 750 apenatibus
403 677 510 734 nostris
531 677 682 752 ablegatos
703 687 790 748 tenet,
812 696 920 752 quaeso,
942 687 973 734 ut
994 697 1039 750 ea,
1062 697 1126 754 quaa
1149 653 1253 750 didam,

208 801 257 838 non
276 801 295 838 a
315 783 455 840 militibus
475 783 644 859 imperatori
664 784 742 862 dicta
760 801 888 855 censeas,
909 784 960 841 sed
976 804 994 842 a
1011 785 1095 860 plebe
1113 786 1253 861 patribus,

208 888 327 962 (quaesi,
350 897 383 944 ut
403 907 456 946 vos
476 899 582 975 neutra¹
596 889 727 946 habeatis
748 890 877 960 consilia,
899 890 941 946 sic
962 908 994 948 se
1015 909 1068 948 sua
1089 892 1252 950 habituram

207 996 280 1062 dicat,
310 995 376 1069 quis
397 995 514 1052 taudem
536 994 738 1072 succenseatl)
766 996 870 1056 milites
897 1015 950 1054 nos
975 1015 1048 1067 esse,
1073 1016 1131 1054 non
1152 999 1282 1054 servostl

206 1111 321 1168 vestros,
355 1101 393 1158 ad
415 1101 539 1171 bellum,
563 1120 621 1159 non
641 1101 671 1158 in
693 1101 824 1159 exsilium
847 1102 968 1172 missoe;
991 1102 1016 1159 ai
1038 1103 1102 1177 quis
1124 1103 1172 1159 det
1194 1103 1252 1178 sig·

204 1225 275 1275 num,
306 1207 339 1264 iu
376 1183 485 1264 aciem'
500 1209 619 1277 educat,
659 1217 690 1264 ut
719 1208 790 1265 viris
820 1227 855 1265 ac
882 1209 1022 1266 Romanis
1057 1208 1174 1282 dignum
1205 1207 1251 1278 eit,

203 1322 388 1387 pugnaturos3
412 1313 437 1368 si
458 1313 529 1370 nihil
551 1314 639 1370 armis
660 1332 734 1388 opus
754 1314 801 1383 sit,
824 1315 914 1372 otium
937 1316 1037 1372 Romae
1052 1313 1147 1388 potius
1163 1331 1250 1387 quam

203 1419 347 1476 incastris
370 1428 495 1477 acturos.
549 1420 621 1476 Haec
647 1419 725 1476 dicta
748 1418 806 1476 siut
833 1419 964 1494 patribus
971 1437 979 1490 ;
1011 1427 1054 1488 te,
1084 1418 1251 1492 imperator,
1267 1415 1302 1470 10

203 1525 294 1582 milites
317 1526 363 1582 tui
381 1543 517 1596 oramus,
543 1535 575 1583 ut
599 1524 684 1583 uobis
707 1524 856 1600 pugnandi
884 1523 997 1598 copiam
1024 1521 1128 1594 facias3
1163 1543 1250 1598 quum

202 1632 305 1688 vincere
331 1631 475 1707 cupimus,
500 1640 560 1689 tum
582 1641 611 1690 te
632 1631 705 1688 duce
725 1631 854 1700 vincere,
886 1629 938 1686 tibi
958 1629 1086 1686 lauream
1110 1629 1250 1704 insignem

202 1735 318 1804 deferre,
359 1745 453 1792 tecum
493 1735 701 1811 triumphantes
732 1737 832 1794 urbem
866 1736 954 1807 inire,
989 1746 1068 1793 tuum
1100 1746 1250 1810 sequentes

200 1859 303 1899 currum
335 1841 418 1900 Iovis
450 1842 552 1915 optimi
584 1843 703 1900 maximi
731 1842 869 1918 templum
897 1853 1045 1917 gratantes
1075 1853 1251 1918 ovantesque

200 1948 297 2005 adire.“
351 1948 519 2006 Orationem
548 1948 638 2006 Tullii
666 1957 841 2023 exceperunt
867 1967 966 2024 preces
990 1948 1193 2019 multitudinis,
1223 1957 1251 2004 et
1266 1942 1298 1997 ll

200 2054 328 2128 undique,
357 2064 390 2111 ut
409 2054 522 2129 signum
543 2053 635 2122 daret,
657 2063 688 2109 ut
708 2071 813 2128 capere
834 2073 916 2110 arma
937 2053 1055 2125 iuberet,
1078 2055 1248 2116 clamabant.

199 2159 326 2218 Dictator
349 2177 515 2234 quanquam
537 2177 598 2214 rem
620 2159 727 2216 bonam
749 2160 883 2235 exemplo
903 2161 979 2217 haud
994 2160 1138 2236 probabili
1153 2171 1248 2218 actam
1306 2146 1345 2218 14

199 2267 336 2337 censebat,
358 2275 456 2322 tamen
471 2263 624 2334 iacturum,
639 2265 717 2339 quod
731 2265 835 2322 milites
847 2265 962 2334 vellent,
977 2284 1007 2322 se
1022 2265 1137 2341 recepit,
1158 2265 1250 2323 Tulli·

199 2388 295 2445 umque
316 2382 442 2438 secreto,
464 2389 595 2444 quaenam
617 2371 679 2428 hoec
699 2389 746 2428 res
768 2371 806 2428 sit
826 2382 877 2427 aut
900 2389 957 2444 quo
979 2381 1046 2428 acta
1059 2351 1155 2442 more,
1185 2392 1249 2448 per-

199 2487 334 2535 contatur.
393 2477 507 2534 Tullius
538 2494 646 2552 magno
675 2494 762 2550 opere
785 2495 803 2532 a
833 2476 975 2534 dictatore
1007 2486 1118 2553 petere,
1151 2497 1186 2534 ne
1218 2476 1279 2535 eei

199 2583 309 2640 oblitum
333 2581 498 2656 disciplina
512 2581 653 2653 militaris,
673 2602 710 2640 ne
731 2581 787 2665 sui*
796 2601 870 2640 neve
884 2582 1077 2657 imperatoria
1091 2584 1249 2642 maiestatis

201 2688 339 2757 crederet3
371 2685 545 2743 multitudini
565 2688 732 2759 concitatae,
763 2706 828 2762 quae
848 2687 940 2746 ferme
961 2689 1127 2746 auctoribus
1148 2690 1249 2748 similis

201 2803 278 2860 esset,
299 2811 363 2848 non
383 2791 563 2849 subtraxisse
582 2811 615 2850 se
635 2795 752 2865 ducem,
783 2814 820 2852 ne
842 2795 906 2869 quis
929 2797 1016 2865 alius,
1047 2796 1146 2870 quales
1169 2806 1249 2853 mota

201 2914 287 2955 creare
309 2896 466 2954 multitudo
491 2898 605 2968 soleret,
626 2899 790 2968 exsisteret3
819 2918 887 2956 nam
909 2919 940 2958 se
962 2901 1076 2975 quidem
1099 2900 1169 2958 nihil
1190 2905 1278 2962 nou3

199 3004 310 3061 arbitrio
344 3003 527 3077 imperatoris
556 3013 696 3063 acturum.
747 3004 795 3060 llli
827 3023 943 3080 quoque
972 3016 1068 3064 tamen
1095 3007 1249 3065 videndum

200 3125 296 3183 magno
321 3127 412 3183 opere
434 3127 510 3181 esse,
532 3119 565 3166 ut
585 3110 741 3167 exercitum
762 3109 794 3166 in
815 3119 958 3185 potestate
979 3112 1112 3180 haberem
1140 3111 1250 3170 differri

199 3229 248 3269 non
265 3233 356 3290 posse
378 3215 451 3272 adeo
475 3215 635 3274 concitatos
649 3216 776 3285 animos3
796 3215 876 3290 ipsos
898 3216 953 3273 sibi
968 3217 1061 3274 locum
1081 3235 1116 3274 ac
1136 3226 1249 3293 tempus

199 3320 341 3394 pugnandi
361 3333 541 3396 sumpturos,
570 3323 595 3380 si
617 3323 654 3380 ab
675 3322 848 3396 imperatore
869 3341 928 3378 non
946 3323 1037 3381 detur.
1089 3323 1166 3379 Dum
1187 3324 1280 3386 haeai

199 3421 358 3498 loquuntur,
379 3425 508 3483 iumenta
528 3425 605 3484 forte
625 3427 775 3502 pascentia
789 3439 874 3483 extra
889 3428 995 3485 vallum
1011 3428 1100 3487 Gallo
1123 3429 1249 3504 abigenti

200 3528 248 3586 duo
279 3532 387 3589 milites
419 3533 545 3591 Romani
581 3534 759 3592 ademerunt.
816 3533 852 3589 In
883 3551 933 3590 eos
966 3553 1039 3592 saxa
1072 3535 1202 3593 coniecta
1231 3556 1249 3594 a

201 3633 302 3708 Gallia
325 3637 430 3694 deinde
452 3639 489 3694 ab
513 3640 648 3696 Romana
676 3638 801 3696 statione
822 3637 933 3697 clamor
956 3657 1036 3724 ortus
1065 3661 1100 3699 ac
1129 3661 1248 3718 procur·

200 3756 253 3797 sum
286 3744 423 3818 utrinque
454 3754 506 3804 est.
564 3747 685 3818 lamque
720 3744 799 3802 haud
832 3747 934 3821 procul
968 3748 1043 3805 iusto
1070 3749 1172 3824 proelio
1202 3757 1278 3812 res5

201 3859 281 3920 erant,
303 3850 335 3905 ni
358 3850 488 3908 celeriter
509 3851 681 3926 diremptum
711 3861 927 3928 certamenper
956 3855 1135 3912 centuriones
1157 3865 1246 3927 esset;

202 3951 339 4011 affirmata
360 3966 438 4012 certe
461 3976 496 4013 eo
518 3975 589 4014 casu
610 3957 699 4015 Tullii
720 3959 798 4033 apud
820 3958 989 4016 dictatorem
1011 3962 1082 4018 fides
1109 3971 1168 4030 est;
1195 3979 1248 4018 neo

203 4060 347 4135 recipiente
367 4062 426 4119 iam
451 4063 616 4120 dilationem
639 4082 686 4133 re,
714 4063 744 4119 iu
771 4073 918 4138 posterum
940 4066 1013 4123 diem
1045 4066 1165 4124 edicitur
1186 4068 1249 4125 acie

202 4179 381 4240 pugnaturos.
424 4167 559 4226 Dictator
579 4176 686 4240 tamen,
709 4178 739 4242 ut
761 4169 810 4243 qui
831 4171 926 4245 magis
946 4162 1047 4230 animis
1070 4191 1157 4246 quam
1179 4170 1278 4232 viri-*ti

204 4268 249 4327 bus
283 4273 375 4330 fretus
410 4273 449 4328 ad
484 4281 630 4331 certamen
664 4274 865 4343 descenderet,
901 4275 998 4334 omnia
1031 4278 1249 4354 circumspicere
