3392 5084
522 523 602 575 nter
618 525 668 579 rv.
704 525 895 590 (amasi.)
1142 533 1202 607 ets

202 708 262 764 tibus
280 708 338 783 spei
362 707 425 766 eet?
452 709 503 766 An
526 709 611 766 deum
633 707 759 784 aliquem
782 719 979 786 protecturum
1000 730 1055 771 vos
1076 719 1242 789 rapturum·

202 833 245 888 que
267 815 328 874 hino
355 812 487 890 putetis?
519 813 611 871 Ferro
648 815 698 872 vin
728 814 864 874 iacienda
892 825 945 874 est.
1000 819 1076 890 Hac,
1109 819 1168 894 qua
1195 825 1274 879 mei

200 937 367 994 progressum
383 918 523 990 videritis,
545 918 631 994 agite,
656 921 706 995 qui
727 921 818 979 visuri
840 922 953 995 domos,
974 933 1120 999 parentes,
1141 927 1242 984 coniu·
1318 926 1327 939 “

200 1043 251 1100 ges,
275 1025 380 1082 liberos
402 1023 485 1094 estis,
517 1024 557 1081 ite
578 1019 701 1081 meeum.
743 1023 813 1082 No'u
838 1043 938 1084 murus
958 1047 1012 1085 uec
1032 1029 1157 1101 vallum,
1189 1031 1240 1088 sed

200 1131 283 1186 armati
317 1129 440 1187 armatis
478 1123 606 1188 obstant.
668 1129 786 1187 Virtute
819 1149 921 1206 pares,
954 1134 1139 1205 necessitate,
1175 1155 1241 1211 quse

198 1235 303 1292 uinum
316 1233 525 1293 acmeximum
546 1235 635 1292 telum
656 1244 709 1305 est,
731 1237 895 1310 superiores
917 1238 1016 1297 estis.“
1065 1239 1139 1297 fleo
1159 1241 1271 1306 locu-6

198 1349 242 1398 tun
264 1351 527 1416 exsequentemque
557 1341 635 1398 dicta
667 1339 864 1416 redintegrato
896 1342 1023 1400 clamore
1055 1345 1147 1401 secuti
1170 1345 1241 1404 dant

197 1446 405 1520 impressionem,
439 1441 499 1521 qua
530 1445 699 1507 Postumius
730 1445 827 1504 Albus
856 1447 991 1504 cohortes
1021 1448 1183 1522 obiecerot3
1212 1461 1241 1509 et
1282 1476 1284 1479 ·

197 1559 324 1608 novemnt
338 1551 492 1623 victorem,
515 1549 607 1610 donec
628 1550 754 1608 dictator
767 1550 872 1628 pedem
893 1552 953 1608 iam
974 1550 1166 1614 referentibus
1179 1557 1239 1614 suis

197 1657 289 1714 advenit
316 1675 412 1732 coque
443 1675 529 1715 omne
556 1657 690 1733 proelium
715 1671 831 1714 versum
857 1667 913 1718 est.
961 1659 1022 1718 Uni
1050 1659 1129 1730 viro,
1159 1661 1268 1719 Mes-7

196 1762 233 1832 sio,
250 1761 364 1820 fortuna
384 1763 512 1840 hostium
533 1761 674 1822 innititur.
721 1763 816 1820 Mults
836 1762 972 1838 utrinque
995 1763 1127 1835 vulnera,
1148 1766 1240 1823 multe

195 1868 279 1940 passim
306 1861 401 1926 caedea
433 1878 492 1940 est3
525 1864 584 1928 ie'rn
616 1885 655 1924 ne
687 1867 774 1926 duces
803 1867 920 1942 quidem
941 1870 1069 1928 Romani
1097 1870 1241 1928 incruenti

195 1983 307 2046 pugnant.
350 1973 438 2033 Unus
465 1973 634 2032 Postumius
655 1973 729 2030 ictus
750 1991 837 2042 sexo,
867 1971 1015 2048 perfracto
1036 1974 1147 2050 sepite,
1177 1977 1269 2036 aciess

194 2078 305 2150 mcessit3
337 2096 400 2137 non
433 2079 604 2138 dictatorem
637 2080 774 2136 humenis
807 2078 992 2150 vulneratus,
1022 2098 1081 2136 non
1112 2081 1239 2138 Fabium

193 2202 262 2258 prope
280 2184 403 2243 effimm
427 2203 503 2260 equo
524 2185 633 2256 femur,
662 2203 720 2242 nou
741 2183 892 2242 brachium
923 2185 1068 2242 abscisum
1091 2187 1238 2263 consulem

193 2305 219 2344 ex
234 2299 285 2347 tam
306 2290 428 2366 ancipiti
451 2291 742 2367 proeliosummcvit.
789 2289 930 2346 Messium
944 2289 1069 2364 impetus
1089 2310 1144 2366 per
1163 2300 1239 2348 stre·
1285 2291 1331 2359 29

192 2404 224 2448 tos
242 2397 311 2454 caede
340 2398 443 2454 hostes
465 2413 530 2454 eum
553 2396 641 2471 giobo
670 2393 894 2482 fortissimorum
917 2395 1054 2452 iuvenum
1076 2396 1179 2453 extulit
1199 2397 1239 2453 ad

193 2508 265 2558 outre
284 2503 478 2573 Volscorum,
500 2519 566 2576 quae
587 2499 715 2558 nondum
747 2509 835 2578 eapte
856 2509 948 2559 erent.
996 2502 1110 2558 Eodem
1141 2501 1236 2558 omnis

192 2606 248 2662 acis
267 2608 433 2668 inclinatur.
481 2606 593 2665 Consul
621 2604 729 2670 effusos
757 2606 910 2680 usquead
931 2606 1053 2664 vellum
1068 2613 1267 2682 persecutus2

191 2707 237 2782 ipsa
262 2723 359 2772 castre
394 2712 563 2786 sellumque
601 2711 789 2786 aggrediens
818 2711 921 2768 eodem
953 2721 983 2769 et
1016 2713 1142 2771 dictator
1178 2714 1237 2770 alia

191 2825 253 2886 perte
280 2821 397 2896 copiae:
416 2817 562 2875 admovet.
610 2818 680 2875 Non
708 2817 825 2892 segnior
851 2818 1032 2892 oppugnatio
1059 2827 1116 2888 est,
1147 2836 1237 2893 quam

190 2937 266 2994 pugna
283 2924 392 2984 fuerat.
450 2919 606 2980 Consulem
637 2922 751 2998 signum
782 2919 900 2997 quoque
927 2922 1005 2979 intra
1031 2921 1139 2978 vallum
1164 2922 1266 2986 mie-3

190 3023 244 3082 cisse
268 3029 381 3100 femnt‚
413 3045 472 3103 quo
499 3027 606 3086 milites
636 3026 731 3084 acrius
753 3027 891 3099 subirent,
912 3012 1130 3105 repetendoque
1150 3025 1236 3101 signo

190 3130 288 3200 prinam
309 3134 533 3210 impressionem
555 3131 673 3190 iactam.
721 3131 761 3188 Et
787 3132 914 3190 dictator
934 3139 1055 3208 proruto
1075 3131 1155 3188 vallo
1176 3131 1234 3188 iam

189 3231 312 3296 menstra
326 3239 462 3316 proelium
478 3233 623 3295 intulerat.
668 3237 746 3294 Tum
768 3237 854 3294 abiici
874 3237 985 3312 passim
1007 3255 1092 3294 erma
1111 3253 1147 3292 ac
1168 3236 1266 3300 dedit

189 3337 265 3400 hostes
284 3339 388 3421 coepti,
411 3345 574 3419 castrisque
595 3349 623 3398 et
644 3341 689 3398 his
714 3340 816 3416 captis,
837 3345 936 3400 hostes
960 3349 1066 3418 praeter
1086 3348 1235 3398 senatores

190 3459 268 3504 onnes
300 3449 463 3507 venundati
500 3455 576 3509 sunt.
641 3447 755 3504 Praedae
792 3466 863 3522 pars
901 3467 956 3505 sua
993 3446 1233 3521 cognoscentibus

189 3542 278 3610 Latinis
305 3563 397 3630 etque
426 3553 565 3612 Hernicis
597 3549 725 3623 reddita,
758 3549 871 3628 partem
906 3555 960 3611 sub
992 3555 1079 3610 haste
1110 3551 1235 3608 dictator

191 3657 306 3731 vendidit3
329 3659 548 3737 praepositoque
563 3658 681 3715 consule
696 3657 809 3728 cestris,
829 3659 892 3733 ipse
906 3658 1089 3733 triumphans
1102 3657 1233 3714 invectus

191 3761 268 3821 urbem
301 3767 450 3824 dictatura
483 3781 515 3820 se
542 3761 708 3820 'abdicavit
764 3762 901 3838 Egregiae
934 3762 1085 3819 dictaturae
1122 3763 1264 3823 tristem5

190 3873 334 3930 memoriam
348 3871 472 3942 faciunt,
497 3868 547 3945 qui
568 3867 659 3925 filium
682 3868 719 3925 eb
742 3870 783 3928 A.
799 3868 962 3937 Postumio,
984 3868 1064 3942 quod
1081 3868 1235 3925 occasione

189 3967 244 4029 bene
270 3977 420 4052 pugnandi
448 3984 551 4051 ceptus
583 3973 693 4031 iniussu
725 3972 881 4030 decesserit
911 3972 1061 4047 presidio,
1094 3973 1234 4031 victorem
1259 4053 1262 4056 Δ
1363 3989 1366 3994 ’

189 4080 262 4134 securi
280 4099 450 4155 percussum
466 4081 594 4140 trudunt,
637 4075 702 4133 Nec
722 4074 793 4132 libet
808 4077 935 4147 credere,
958 4085 987 4134 et
1006 4078 1074 4135 licet
1093 4078 1123 4134 iu
1145 4079 1264 4140 variise

189 4181 375 4266 opinionibns3¹
390 4195 421 4242 et
450 4191 623 4260 argumento
646 4177 703 4266 est,
732 4182 812 4255 quod
833 4179 957 4257 imperia
981 4179 1147 4252 Manliana,
1174 4200 1234 4242 non

190 4281 357 4348 Postumiana
378 4285 632 4366 appellassent,
657 4305 761 4362 quum,
784 4289 838 4362 qui
853 4287 936 4362 prior
957 4285 1060 4344 enetos
1080 4283 1141 4344 ta‘m
1162 4285 1232 4344 steri
