3392 5084
505 484 581 535 Liber
599 485 645 535 VI.
681 483 783 547 (acu.
796 490 954 548 esc-esa.)
1172 492 1210 549 23

218 667 281 725 bello
302 667 339 725 eis
360 668 520 729 indicendo.
578 671 628 729 Ad
652 690 748 745 quamn
767 671 897 729 militiam
926 691 983 747 quo
1005 674 1136 749 paratior
1155 676 1254 750 plebes
1266 681 1287 736 4.

219 782 295 843 esset,
324 772 530 847 quinqueviros
557 774 714 853 Pomptino
751 794 823 852 agro
853 777 1007 837 dividendo
1034 787 1064 837 et
1088 780 1254 839 triumviros

217 878 315 952 Nepete
335 877 454 935 coloniae
476 879 648 938 deducendae
669 891 847 941 creaverunt.
891 884 977 953 Tum,
999 893 1032 940 ut
1052 885 1158 943 bellum
1171 886 1282 948 iube-5

217 994 282 1055 rent,
314 984 404 1041 latum
434 984 472 1042 ad
493 985 630 1061 populum
660 996 718 1055 est,
750 996 778 1045 et
805 989 997 1063 nequicquam
1024 990 1253 1050 dissuadentibus

217 1090 321 1147 tribunis
341 1090 434 1165 plebis
456 1108 555 1148 omnes
576 1091 666 1149 tribus
686 1093 791 1150 bellum
812 1093 966 1151 iusserunt.
1010 1095 1196 1168 Apparatum
1218 1102 1284 1157 eod

216 1214 276 1252 enno
297 1195 403 1253 bellum
426 1204 483 1266 est,
518 1175 658 1255 exercitus
684 1206 803 1274 propter
826 1198 1019 1275 pestilentiam
1041 1216 1100 1255 non
1120 1199 1254 1270 eductus;

215 1320 290 1375 caque
311 1300 456 1359 cunctatio
483 1301 593 1359 colonis
618 1303 743 1379 spatium
769 1304 889 1361 dederat
914 1302 1088 1378 deprecandi
1108 1312 1253 1373 senatum3

214 1418 236 1462 et
252 1425 355 1482 magna
375 1405 524 1464 hominum
545 1425 615 1482 pars
636 1425 682 1477 eo,
703 1419 735 1465 ut
755 1408 862 1484 legatio
883 1407 1006 1483 supplex
1020 1408 1144 1465 Romam
1159 1408 1253 1467 mitte·

214 1522 285 1583 retur,
304 1512 475 1581 inclinabat,
506 1513 535 1569 ni
557 1514 680 1589 privato,
712 1520 744 1572 ut
764 1516 805 1587 fit,
835 1513 964 1591 periculo
990 1513 1136 1589 publicum
1159 1514 1282 1590 impu-7

214 1618 284 1675 citum
306 1628 385 1675 esset
406 1626 594 1694 auctoresque
615 1619 782 1681 deiectionis
804 1622 841 1679 ab
862 1618 1003 1678 Romanis
1025 1631 1116 1691 metu,
1140 1640 1177 1679 ne
1198 1621 1254 1679 soli
1350 1649 1352 1658 ·

212 1723 309 1781 crimini
332 1724 455 1783 subiecti
475 1724 592 1800 piacula
605 1725 655 1783 irae
670 1728 870 1785 Romanorum
883 1725 1063 1796 dederentur,
1084 1727 1255 1784 avertissent

212 1828 326 1887 colonias
349 1849 370 1887 a
392 1829 517 1887 consiliis
538 1831 628 1906 pacis.
686 1833 792 1908 Neque
822 1832 853 1889 iu
882 1841 985 1889 senatu
1012 1831 1105 1890 solum
1128 1852 1181 1909 per
1203 1841 1284 1898 eos8

211 1935 302 2011 legatio
322 1936 464 2011 impedita
485 1945 537 2006 est,
563 1936 614 1994 sed
642 1956 838 2042 magnaxpars
859 1935 952 2012 plebis
973 1935 1102 2008 incitata,
1130 1946 1160 1994 ut
1179 1956 1253 2014 prse-

210 2042 294 2099 datum
316 2042 347 2099 in
370 2060 470 2116 agrum
492 2043 656 2101 Romanum
678 2046 798 2105 exirent.
841 2044 913 2101 Hac
933 2059 1011 2099 nova
1031 2041 1136 2099 iniuria
1156 2051 1253 2101 extur-

210 2143 414 2205 bavit'omnem
435 2166 515 2224 spem
543 2149 633 2223 pacis.
684 2152 731 2209 De
750 2148 996 2209 Praenestinorum
1018 2164 1134 2221 quoque
1155 2146 1283 2214 deleo-9

209 2255 274 2311 tione
308 2272 344 2311 eo
380 2272 454 2311 anno
485 2255 610 2329 primum
646 2251 726 2311 fama
764 2265 881 2324 exorta,
930 2251 1173 2328 arguentibusque
1203 2270 1253 2311 eos

210 2358 372 2416 Tusculanis
394 2369 423 2417 et
444 2336 566 2419 Gabinis
588 2370 617 2417 et
636 2359 806 2430 Lauicanis,
841 2378 964 2435 quorum
995 2357 1025 2415 in
1057 2360 1129 2416 fines
1158 2358 1253 2416 incur·

210 2474 289 2525 satum
315 2474 395 2535 erat,
425 2465 468 2523 ita
492 2467 605 2542 placide
632 2466 669 2523 ab
695 2472 797 2523 senatu
823 2480 994 2541 responsum
1020 2474 1079 2534 est,
1111 2474 1143 2521 ut
1160 2464 1253 2521 minus

211 2572 275 2628 credi
296 2572 334 2629 de
356 2548 531 2642 criminibus,
551 2572 620 2647 quia
640 2572 748 2629 nollent
769 2590 804 2631 ea
826 2590 896 2628 vera
917 2588 989 2641 esse,
1011 2576 1172 2644 appareret.

278 2678 450 2751 Insequenti
482 2696 556 2734 anno
586 2677 639 2753 Sp.
661 2686 690 2733 et
710 2677 745 2737 L.
766 2677 880 2754 Papirii
908 2676 977 2734 novi
998 2674 1105 2733 tribuni
1132 2673 1252 2730 militum
1304 2666 1349 2739 22

212 2784 343 2841 consulari
366 2791 508 2858 potestate
528 2783 655 2841 Velitras
676 2782 804 2858 legiones
825 2784 943 2853 duxere,
970 2793 1107 2857 quattuor
1127 2779 1253 2855 collegis,
1264 2788 1296 2839 Δ.
1304 2804 1328 2838 u.
1337 2804 1359 2842 c.
1366 2794 1427 2844 872.

212 2886 262 2945 Ser.
283 2888 422 2947 Cornelio
444 2888 636 2963 Maluginensi
663 2889 794 2960 tertium,
828 2889 864 2963 Q.
886 2888 1025 2959 Servilio,
1057 2886 1092 2946 (l.
1115 2886 1253 2962 Sulpicio,
1264 2860 1301 2959 Δ,
1310 2858 1358 2913 Ch·
1367 2866 1426 2911 ³⁸²·

210 2992 238 3053 L.
256 2995 379 3053 AEmilio
402 3006 536 3069 quartum
559 2991 724 3071 [tribunis],
752 2994 791 3051 ad
815 2995 980 3071 presidium
1002 2993 1080 3051 urbis
1108 3001 1138 3050 et
1157 2992 1182 3048 si
1204 2991 1253 3066 qui

211 3084 239 3156 er
257 3102 377 3159 Etruria
398 3099 467 3156 novi
488 3111 581 3157 motus
601 3100 800 3159 nuntiarentur
822 3100 934 3176 (omnia
953 3100 1029 3158 enim
1039 3098 1107 3157 iude
1120 3108 1254 3173 suspecta

211 3218 308 3279 erant),
334 3205 453 3265 relictis.
498 3205 549 3262 Ad
571 3205 697 3263 Velitras
726 3208 864 3266 adversus
895 3206 1008 3263 maiora
1037 3222 1119 3282 pane
1145 3203 1284 3268 auxilia2

209 3312 442 3371 Praenestinoruur
464 3330 551 3387 quam
577 3311 669 3387 ipsam
696 3311 863 3371 colonorum
891 3311 1099 3369 multitudinem
1128 3307 1253 3365 secundo

211 3419 298 3491 prelio
324 3427 485 3496 pugnatum
508 3428 550 3475 est
570 3417 621 3488 ita,
642 3428 673 3475 ut
694 3418 894 3494 propinquitas
917 3418 996 3475 urbis
1017 3415 1095 3473 hosti
1115 3422 1144 3472 et
1165 3432 1253 3471 causa

211 3525 365 3584 maturimis
386 3522 462 3602 fuga
487 3531 515 3578 et
536 3541 623 3579 unum
645 3542 681 3580 ex
703 3522 774 3599 fuga
794 3521 1006 3599 receptaculum
1020 3530 1104 3578 esset.
1145 3519 1283 3596 Oppidi3

212 3631 417 3707 oppugnatione
444 3629 550 3687 tribuni
577 3628 754 3699 abstinuere,
788 3630 858 3705 quia
885 3640 914 3687 et
940 3645 1047 3705 anceps
1068 3636 1132 3684 erat
1150 3645 1204 3684 nec
1224 3626 1255 3683 in

210 3736 353 3805 perniciem
387 3735 507 3793 colonia
542 3735 726 3811 pugnandum
759 3738 923 3794 censebant
980 3735 1098 3792 Littera
1129 3734 1254 3791 Romam

212 3841 242 3897 ad
260 3853 390 3900 senatum
424 3859 488 3899 eum
523 3841 650 3899 victoria
689 3841 794 3899 nuntiis
825 3843 950 3901 acriores
981 3841 1012 3899 in
1046 3840 1267 3900 Praenestinum.

213 3962 288 4018 quam
308 3950 339 4007 in
360 3948 540 4008 Veliternum
568 3948 680 4005 hostem
708 3948 811 4007 misse.
857 3950 962 4025 Itaque
988 3938 1025 4008 ex
1046 3958 1162 4005 senatus
1186 3956 1284 4010 con-4

213 4051 276 4111 sulto
301 4055 460 4132 populique
486 4054 563 4111 iussu
589 4054 694 4113 bellum
715 4055 900 4113 Praenestinis
925 4057 1079 4125 indictum
1108 4055 1161 4131 qui
1185 4074 1253 4113 con-

213 4156 290 4217 iuncti
310 4161 426 4220 Volscis
447 4179 524 4220 anno
545 4163 712 4238 insequente
731 4161 884 4235 Satricum,
909 4164 1052 4222 coloniam
1073 4163 1172 4241 populi
1193 4164 1252 4221 Ro·
