3392 5084
548 547 626 597 niter
642 548 689 599 v1.
727 548 935 613 (11011117.)
1189 554 1228 609 ³5

208 732 329 787 Matutae
360 733 514 807 templum;
546 733 612 790 inde
643 752 693 792 eos
727 753 780 791 nec
809 754 864 791 sua
895 735 997 810 religio
1025 754 1078 793 nec
1097 733 1302 794 verecundie5

209 838 290 894 deum
316 821 443 895 arcuisse
470 838 588 909 dicitur,
620 841 671 897 sed
697 858 757 896 vox
785 841 932 898 horrenda
964 842 1042 899 edita
1067 842 1175 917 templo
1204 860 1270 899 eum

208 946 337 1002 tristibus
359 946 459 1015 minis,
491 946 521 1003 ni
541 946 683 1004 nefandos
706 946 789 1021 ignes
810 947 913 1021 procul
937 946 1064 1005 delubris
1084 948 1271 1006 amovissent.

206 1054 346 1109 Incensos
382 1070 417 1107 ea
445 1054 527 1110 rabie
560 1053 684 1129 impetus
713 1053 872 1110 Tusculum
905 1052 971 1110 tulit
1003 1054 1040 1110 ob
1072 1053 1161 1123 iram,
1191 1054 1301 1128 quod6

207 1161 321 1216 deserto
346 1158 492 1215 communi
514 1158 635 1215 concilio
656 1158 827 1215 Latinorum
850 1160 959 1215 nonin
992 1159 1158 1216 societatem
1182 1160 1269 1217 modo

206 1269 389 1334 Romanam,
426 1264 475 1321 sed
505 1264 590 1321 etiam
612 1265 641 1320 in
670 1264 813 1321 civitatem
837 1282 868 1321 se
897 1264 1050 1322 dedissent.
1097 1265 1300 1323 Patentibus7

205 1372 295 1446 portis
319 1388 411 1443 quum
442 1370 601 1445 improviso
630 1369 813 1440 incidissent,
846 1372 941 1445 primo
974 1371 1099 1427 clamore
1130 1371 1268 1446 oppidum

204 1486 309 1551 praeter
335 1495 433 1533 urcem
455 1484 570 1551 captum
594 1484 645 1533 est.
694 1477 729 1533 Iu
753 1492 848 1532 arcem
876 1477 1014 1553 oppidani
1040 1476 1174 1552 refugere
1203 1496 1268 1535 cum

204 1583 380 1658 coniugibus
409 1601 443 1639 ac
468 1583 582 1653 liberis,
615 1582 788 1656 nuntiosque
809 1583 954 1653 Romam,
989 1583 1039 1657 qui
1060 1576 1210 1640 certiorem
1233 1584 1269 1641 de

204 1710 253 1747 suo
276 1706 352 1745 casu
377 1698 506 1746 senatum
525 1667 662 1755 facerent,
683 1687 796 1746 misere.
843 1688 933 1745 Haud
955 1690 1079 1764 segnius,
1101 1706 1187 1762 quam
1211 1687 1300 1747 fidet

203 1794 304 1870 populi
338 1770 466 1853 Romani
506 1796 623 1869 dignum
660 1793 733 1861 fuit,
778 1794 921 1851 exercitus
952 1795 1110 1851 Tusculum
1149 1796 1267 1866 ductue3

202 1904 235 1961 L.
262 1900 422 1974 Quinctius
445 1908 473 1957 et
493 1900 556 1958 Ser.
581 1899 723 1974 Sulpicius
745 1899 851 1956 tribuni
873 1899 994 1956 militum
1017 1902 1133 1959 duxere.
1181 1900 1298 1959 Clau-9

202 2029 247 2066 sas
266 2018 377 2085 portas
391 1992 550 2083 [Tusduli],
568 2004 747 2079 Latinosque
761 2005 846 2062 simul
861 2004 1052 2061 obsidentium
1069 2015 1156 2081 atque
1169 2009 1269 2065 obses·

202 2114 299 2173 sorum
321 2115 421 2171 animo
437 2113 504 2169 hine
523 2110 630 2168 muenia
646 2112 766 2169 Tusculi
782 2111 856 2169 tueri
870 2109 978 2180 vident,
998 2109 1076 2168 illiue
1096 2116 1192 2169 arcem
1216 2133 1268 2189 op-

200 2242 346 2300 pugnare,
362 2229 471 2279 terrere
485 2234 542 2273 una
558 2234 593 2274 ac
605 2200 721 2291 pavere.
753 2218 907 2275 Adventus
918 2218 1118 2274 Romanorum
1135 2225 1269 2276 mutave·
1284 2218 1319 2274 10

200 2340 244 2387 rat
266 2324 535 2400 utriusquepartis
564 2322 690 2379 animos:
721 2323 904 2380 Tusculanos
937 2342 974 2379 ex
1004 2323 1114 2397 ingenti
1136 2332 1213 2381 metu
1237 2324 1268 2381 in

201 2452 350 2491 summam
382 2429 576 2496 alacritatem,
609 2427 730 2486 Latinos
750 2440 800 2485 'ex
835 2447 928 2505 prope
958 2438 1039 2486 certa
1069 2431 1175 2488 fiducia
1197 2449 1268 2489 mox

201 2539 355 2617 capiendae
379 2536 462 2603 arcis,
485 2533 619 2608 quoniam
643 2530 750 2610 oppido
771 2536 941 2611 potirentur,
969 2536 999 2592 in
1021 2536 1155 2613 exiguam
1177 2538 1268 2597 dese

201 2648 270 2721 ipsis
294 2662 380 2720 spem
403 2648 538 2699 verterat.
583 2638 709 2696 Tollitur
737 2660 774 2697 ex
800 2660 868 2699 arce
889 2641 999 2699 clamor
1021 2643 1058 2699 ab
1080 2644 1267 2714 Tusculanis3
1284 2642 1314 2697 11

203 2752 313 2828 excipit
354 2750 503 2823 aliquanto
541 2744 635 2801 maior
672 2716 710 2802 alt
743 2747 870 2803 exercitu
907 2748 1051 2807 Romano.
1122 2750 1268 2825 Utrinque

203 2867 347 2935 urgentur
369 2854 484 2922 Latini3
518 2870 570 2908 nec
600 2851 724 2925 impetus
745 2851 977 2909 Tusculanorum
999 2855 1208 2914 decurrentium
1230 2876 1268 2914 ex

203 2965 357 3041 superiore
383 2962 449 3018 loco
476 2958 616 3016 sustinent
648 2972 701 3013 nec
727 2958 878 3014 Romanos
901 2960 1054 3021 subeuntes
1076 2962 1182 3019 muenia
1206 2980 1269 3018 mo·

202 3071 370 3144 lientesque
392 3066 488 3125 obices
513 3072 663 3139 portamm
686 3080 785 3119 arcere
804 3072 935 3137 possunt.
979 3065 1072 3124 Saulis
1096 3068 1176 3143 prius
1198 3088 1268 3125 moe.
1283 3057 1319 3114 12

203 3176 252 3233 nia
267 3182 370 3249 capta,
392 3172 458 3230 inde
476 3168 598 3227 effracta
612 3168 738 3225 claustra
756 3178 921 3243 portarum3
947 3179 975 3227 et
991 3191 1078 3246 quum
1095 3191 1202 3247 anceps
1215 3174 1269 3229 ho·

204 3283 255 3338 stis
271 3288 302 3337 et
321 3299 339 3335 a
354 3278 450 3335 fronte
464 3285 492 3335 et
507 3296 525 3333 a
540 3285 621 3349 tergo
643 3280 767 3349 urgeret,
788 3292 842 3331 nec
863 3276 901 3331 ad
917 3294 1049 3352 pugnam
1071 3276 1130 3333 ulla
1150 3275 1195 3332 vis
1216 3294 1269 3333 nec

205 3389 242 3443 ed
263 3386 371 3461 fugam
392 3384 449 3442 loci
470 3383 623 3457 quiequam
647 3388 826 3454 superesset,
857 3382 886 3437 in
915 3384 1010 3440 medio
1032 3381 1098 3440 eae'si
1121 3381 1159 3438 ad
1179 3400 1268 3437 unum

206 3510 320 3549 omnes.
363 3490 545 3565 Recuperato
580 3487 617 3544 ab
648 3486 780 3543 hostibus
807 3486 946 3558 Tusculo,
978 3488 1121 3546 exercitus
1143 3489 1268 3545 Romam

206 3608 249 3656 est
271 3597 422 3655 reductus.
1045 3665 1046 3668 Ἴ

291 3703 412 3777 Quanto
433 3699 524 3775 magis
547 3698 694 3775 prosperis
722 3716 756 3755 eo
787 3717 864 3755 anno
890 3697 973 3755 bellis
994 3696 1151 3770 tranquilla
1171 3697 1270 3754 omnia
1320 3685 1367 3756 34

207 3808 278 3867 foris
303 3817 404 3876 erant,
435 3815 545 3863 tantum
577 3805 606 3861 in
639 3804 710 3861 urbe
738 3805 783 3861 vis
810 3813 925 3880 patrum
949 3803 978 3860 in
1010 3803 1071 3859 dies
1090 3803 1271 3878 miseriaque

209 3916 302 3991 plebis
334 3912 518 3983 crescebaut,
551 3928 638 3986 quum
672 3928 706 3965 eo
737 3910 816 3985 ipso,
850 3910 928 3983 quod
955 3926 1071 3965 necesse
1098 3918 1162 3966 erat
1187 3910 1271 3979 solvi,

209 4020 336 4077 facultas
358 4017 488 4076 solvendi
509 4016 705 4091 impediretur.
761 4016 866 4089 Itaque
892 4033 981 4089 quum
1007 4014 1066 4070 iam
1088 4032 1125 4071 ex
1145 4034 1178 4071 re
1200 4012 1301 4072 nihil2

212 4124 272 4187 deri
291 4134 402 4201 posset,
423 4122 504 4181 fama
519 4130 547 4180 et
562 4140 693 4199 corpore,
714 4120 832 4177 iudicati
847 4129 934 4193 atque
949 4119 1065 4190 addicti,
1083 4122 1272 4179 creditoribus

212 4230 445 4301 satisfaciebant,
473 4247 618 4305 poenaque
647 4228 678 4284 in
704 4226 797 4284 vicem
822 4226 890 4283 fidei
911 4235 1046 4286 cesserat.
1094 4228 1180 4284 Adeo
1201 4224 1303 4303 ergob

213 4336 357 4393 obnoxios
385 4334 585 4391 summiserant
607 4332 719 4391 animos
740 4352 798 4390 non
819 4332 909 4389 infimi
928 4332 1031 4402 solum,
1058 4332 1109 4390 sed
1129 4332 1273 4410 principes

1041 4434 1072 4485 3,
