3392 5084
460 498 516 553 104
750 497 830 554 Liber
839 501 876 553 11.
913 499 958 554 (Δ.
977 511 1003 550 u.
1023 512 1043 546 c.
1064 495 1135 558 tib)

412 678 496 737 litum
516 681 593 738 odio.
642 683 800 746 Obtinuere
822 697 920 748 tamen
944 693 1056 762 patras,
1077 683 1110 738 'ut
1128 680 1160 738 in
1181 680 1276 738 Fabia
1297 691 1383 758 gente
1406 701 1471 740 oon-

413 784 523 842 sulatus
544 799 683 852 maneret.
731 793 775 854 M.
789 795 914 853 Fabium
936 789 1082 850 consulam
1104 795 1221 856 creant;
1242 788 1338 846 Fabio
1359 788 1471 864 collega

415 891 524 950 Gnaeus
544 895 672 954 Manlius
693 897 787 956 datur.

319 990 363 1061 44
440 986 444 998 ’
496 999 537 1057 Et
564 1001 611 1058 hic
641 1021 734 1062 annus
763 1005 910 1064 tribunum
940 1010 1087 1060 auctorem
1112 999 1185 1076 legis
1214 1000 1337 1076 mariue
1360 1000 1471 1058 habuit.

238 1082 401 1201 gfflgg·
414 1101 481 1162 Tib.
505 1105 675 1165 Pontificius
695 1107 759 1166 fuit.
806 1111 838 1167 Is
860 1110 981 1168 eandem
1002 1108 1090 1176 viam,
1112 1105 1191 1162 velut
1210 1107 1402 1182 processisset
1424 1105 1471 1181 Sp.

383 1209 543 1281 2Licinio‚
577 1211 723 1288 ingressus
751 1215 891 1272 delectum
926 1214 1072 1290 paulisper
1101 1213 1239 1289 impediit.
1290 1213 1472 1270 Perturbatis

412 1314 515 1372 iterum
536 1319 682 1393 patribus,
708 1320 824 1395 Appius
845 1317 984 1378 Claudius
1012 1319 1119 1376 victam
1140 1317 1322 1376 tribuniciam
1343 1327 1472 1395 potesta·

413 1431 470 1480 tem
491 1423 587 1482 dicero
607 1426 705 1500 priore
719 1445 805 1495 anno,
828 1426 858 1483 in
872 1425 1025 1502 praesentia
1038 1445 1078 1494 re,
1100 1424 1233 1499 exemplo
1248 1424 1472 1500 inperpetuum,

383 1529 529 1604 dquando
550 1532 697 1601 inventum
719 1532 766 1602 sit,
787 1532 847 1590 suis
868 1532 962 1607 ipsam
984 1531 1093 1588 viribus
1115 1529 1243 1589 dissolvi.
1270 1530 1376 1604 Neque
1400 1530 1471 1587 enim

412 1637 540 1709 uuquam
562 1636 737 1712 defuturum,
759 1639 809 1713 qui
830 1649 859 1695 et
880 1657 917 1696 ex
938 1637 1049 1712 collega
1070 1636 1221 1694 victoriam
1239 1634 1335 1694 sibiet
1348 1637 1471 1712 gratiam
1521 1625 1522 1714 l

413 1738 539 1797 melioris
559 1743 651 1817 partis
673 1744 750 1801 bono
769 1744 884 1819 publico
906 1744 977 1801 velit
998 1743 1161 1818 quesitam
1183 1750 1212 1798 et
1232 1741 1385 1816 plurassi
1410 1742 1472 1819 plu·
1521 1769 1522 1798 3

277 1920 281 1929 ,
412 1847 492 1904 ribus
518 1866 591 1924 opus
612 1851 665 1921 sit,
693 1850 824 1908 tribunos
851 1849 889 1906 ad
911 1850 1049 1908 auxilium
1078 1848 1227 1906 consulum
1254 1857 1375 1923 paratos
1403 1847 1472 1915 fore,
1521 1873 1522 1912 t

286 1976 289 1981 ·
383 1955 442 2009 tat
461 1971 550 2010 unum
571 1956 619 2012 vel
640 1957 779 2013 adversus
802 1973 903 2013 omnes
927 1955 997 2012 satis
1021 1971 1092 2012 esse.
1123 1955 1238 2012 Darent
1251 1953 1339 2011 modo
1362 1961 1392 2010 et
1406 1969 1472 2009 con·
1521 1983 1522 2016 a

412 2058 489 2115 sulas
510 2067 539 2116 et
559 2060 700 2135 primores
720 2071 836 2138 patrum
851 2079 979 2136 operam,
1002 2067 1042 2130 ut,
1063 2061 1088 2117 si
1110 2060 1204 2117 minus
1225 2077 1337 2136 omues,
1360 2059 1472 2133 aliquos
1521 2067 1522 2109 t

383 2167 510 2223 5tamen
538 2185 576 2224 ex
600 2167 723 2225 tribunis
748 2163 791 2225 rei
816 2167 939 2243 publica
961 2185 996 2224 ac
1019 2165 1132 2224 senatui
1153 2164 1348 2222 conciliarent.
1393 2165 1471 2222 Prae-
1521 2189 1522 2244 t

413 2271 503 2347 ceptis
525 2272 617 2349 Appii
637 2273 739 2330 moniti
759 2281 858 2348 patres
885 2281 913 2330 et
934 2273 1062 2330 universi
1082 2271 1202 2329 comiter
1221 2287 1256 2327 ac
1277 2270 1404 2346 benigne
1424 2269 1472 2326 tri·
1521 2245 1522 2318 l

413 2378 506 2434 bunos
543 2374 703 2454 appellare,
736 2388 765 2436 et
801 2380 983 2450 consulares,
1022 2389 1054 2436 ut
1081 2378 1185 2452 cuique
1211 2393 1310 2434 corum
1336 2375 1472 2450 privatim
1521 2361 1522 2366 ἵ

412 2482 521 2556 aliquid
531 2483 602 2540 iuris
623 2485 762 2541 adversus
783 2486 911 2561 singulos
934 2494 1004 2555 arat,
1025 2484 1130 2561 par-tim
1148 2483 1252 2559 gratia,
1273 2480 1382 2556 parum
1404 2497 1471 2536 ouc-

412 2589 528 2646 toritatc
551 2590 759 2661 obtinuerant
780 2591 939 2649 tribuniciae
953 2591 1103 2666 potestatis
1118 2591 1193 2648 vires
1215 2588 1345 2645 salubres
1368 2585 1472 2643 vellent

383 2695 454 2752 brai
475 2695 597 2770 publica
618 2715 695 2762 esse,
717 2686 912 2772 novemque¹)
937 2697 1117 2754 tribunorum
1139 2695 1277 2751 advorsus
1299 2711 1390 2750 unum
1412 2711 1470 2748 mo·

412 2809 538 2858 ratorem
560 2801 667 2876 publici
687 2803 831 2860 commodi
854 2803 961 2860 auxilio
984 2803 1123 2860 delectum
1146 2799 1278 2858 consulas
1300 2801 1419 2857 habent

384 2907 401 2962 7
496 2907 628 2964 Indead
650 2909 757 2965 Veiens
780 2907 884 2966 bellurn
905 2904 1041 2981 proiecti,
1065 2880 1122 2980 uuo
1146 2905 1273 2979 undique
1295 2924 1333 2962 ex
1353 2905 1471 2963 Etruria

413 3011 522 3069 auxilia
542 3024 744 3084 convenerant,
765 3022 899 3070 nontam
914 3010 1078 3069 Veientium
1092 3010 1188 3085 gratia
1208 3011 1362 3084 concitata,
1386 3027 1471 3085 quam

412 3119 490 3192 quod
511 3119 540 3176 iu
561 3138 641 3196 spem
661 3131 777 3177 ventum
800 3129 872 3190 erat,
893 3117 1037 3176 discordia
1057 3116 1192 3174 intestina
1206 3116 1325 3173 dissolvi
1336 3135 1397 3174 rem
1414 3117 1470 3174 Ro·

382 3222 528 3282 8manam
550 3244 645 3301 posse.
696 3226 905 3301 Principesque
933 3225 963 3280 in
993 3221 1119 3279 omnium
1147 3223 1271 3283 Etruria
1297 3221 1470 3298 populorum

413 3331 540 3389 conciliis
560 3331 732 3402 fremebant,
753 3340 874 3388 aeternas
896 3349 967 3406 opes
989 3346 1052 3386 esse
1073 3329 1231 3396 Romanas,
1253 3328 1309 3385 uisi
1330 3328 1469 3386 interse-

412 3445 472 3513 ¹utet
491 3437 548 3512 ipsi
568 3437 755 3494 seditionibus
777 3437 910 3506 scviant3
945 3436 975 3494 id
996 3453 1084 3492 uuum
1106 3451 1268 3503 venenum,
1290 3451 1355 3490 sam
1377 3433 1468 3489 labem

411 3542 575 3600 civitatibus
596 3542 739 3616 opulentis
759 3551 918 3618 repertam,
942 3551 975 3598 ut
995 3558 1102 3616 magna
1126 3538 1247 3614 imperia
1268 3537 1405 3595 mortalia
1429 3554 1469 3592 es·

381 3646 482 3708 docnt.
539 3649 599 3705 Diu
626 3657 816 3706 sustentatum
844 3649 875 3705 id
902 3647 1029 3717 malum,
1061 3645 1166 3722 partim
1193 3651 1309 3721 patrum
1336 3641 1469 3706 consiliis,
1521 3641 1522 3710 l

412 3754 516 3829 partim
534 3754 673 3830 patientia
693 3754 799 3829 plebis,
830 3753 891 3809 iam
914 3753 951 3808 ad
972 3760 1104 3808 extrema
1124 3751 1247 3808 venisse.
1297 3749 1382 3806 Duas
1403 3747 1470 3806 civi·

412 3868 487 3916 tates
508 3877 546 3915 ex
566 3878 625 3916 una
638 3858 751 3929 factas3
772 3877 841 3917 suos
864 3859 967 3932 cuique
988 3857 1064 3932 parti
1086 3856 1283 3932 magistratus,
1305 3873 1374 3912 suas
1395 3853 1468 3928 leges
1521 3828 1522 3922 l

361 3941 399 4018 1⁴0
412 3983 484 4027 esse.
543 3965 676 4022 Primum
696 3965 725 4023 in
747 3966 904 4024 delectibus
928 3964 1029 4022 sarire
1057 3963 1176 4031 solitos,
1204 3961 1320 4018 eosdem
1345 3961 1375 4018 iu
1396 3953 1468 4018 bello

411 4080 508 4126 tamen
537 4070 668 4145 paruisse
696 4071 826 4131 ducibus.
880 4069 1080 4144 Qualicunque
1106 4068 1186 4126 urbis
1215 4075 1306 4132 statu,
1338 4073 1468 4124 manente
1521 4071 1522 4110 3

412 4174 562 4250 disciplina
583 4175 713 4246 militari,
740 4177 803 4234 sisti
816 4176 965 4252 potuisss3
994 4174 1054 4231 iam
1082 4191 1141 4231 uon
1171 4172 1293 4248 parendi
1318 4171 1467 4246 magistra·

411 4279 487 4365 tibus
521 4299 630 4337 morem
666 4283 696 4338 in
731 4294 827 4339 castra
862 4299 978 4355 quoque
1014 4281 1179 4336 Romanum
1217 4277 1335 4339 militam
1381 4273 1466 4350 sequi.

446 4409 469 4478 ¹)
487 4414 575 4464 Livius
593 4414 704 4463 scribere
721 4414 810 4463 debuit
827 4417 1060 4476 quattuorque.

480 4532 484 4540 ι
