3392 5084
482 464 539 520 110
717 457 794 507 tiber
810 455 886 510 vm.
923 457 1003 520 (Δ.ιι,
1015 473 1037 510 c.
1049 459 1210 522 tlt-416.)

439 645 478 702 ab
499 652 600 701 senatu
621 643 758 702 AEmilius
779 641 922 702 seditiosis
943 643 1134 700 tribunatibus
1158 642 1278 700 similem
1297 642 1400 700 deinde
1419 660 1477 698 cou-

390 754 422 810 ll
439 749 563 806 sulatum
592 749 690 824 gessit.
741 749 820 808 Nam
845 767 954 824 neque,
969 749 1081 823 -quoad
1110 747 1165 805 fuit
1197 747 1313 822 consul,
1346 748 1478 806 criminari

439 855 518 931 apud
537 853 675 930 populum
693 865 791 931 patres
805 854 922 925 destitit,
944 855 1055 930 collega
1069 854 1294 929 haudquaquam
1309 853 1479 922 adversante,

389 963 425 1022 12
439 959 508 1035 quia
529 968 558 1016 et
577 959 640 1036 ipso
661 960 698 1017 de
718 960 801 1036 plebe
823 969 887 1017 erat
917 960 1080 1032 (materiam
1110 969 1206 1018 autem
1228 959 1379 1036 prebebat
1397 958 1480 1016 crimi-

437 1066 521 1124 nibus
543 1083 613 1140 ager
633 1066 664 1123 iu
679 1067 784 1124 Latino
799 1066 982 1140 Falernoque
1004 1081 1075 1142 agro
1098 1066 1223 1140 maligne
1243 1065 1341 1140 plebei
1363 1063 1480 1140 divisus).

438 1181 467 1229 et
486 1180 642 1248 postquam
663 1182 788 1243 senatus,
808 1171 891 1228 linire
908 1171 1058 1246 imperium
1073 1170 1238 1230 consulibus
1252 1170 1384 1245 cupiens,
1404 1170 1482 1228 dicta·

391 1282 425 1337 13
438 1287 529 1336 torem
551 1279 690 1336 adversus
712 1278 884 1336 rebellantes
907 1278 1027 1336 Latinos
1049 1277 1107 1334 diei
1126 1277 1217 1348 iussit,
1239 1276 1391 1346 AEmilius,
1414 1275 1481 1332 cuius

437 1396 498 1442 tum
521 1384 616 1443 fasces
637 1393 735 1454 eraut,
765 1383 905 1459 collegam
927 1383 1096 1441 dictatorem
1118 1383 1204 1453 dixit3
1234 1383 1273 1440 ab
1296 1401 1334 1440 eo
1357 1381 1482 1457 magister

390 1496 424 1550 14
438 1491 565 1567 equitum
593 1490 692 1547 Iunius
717 1491 824 1548 Brutus
848 1491 949 1548 dictus.
1007 1489 1162 1547 Dictatura
1189 1488 1343 1564 popularis
1370 1496 1399 1544 et
1429 1506 1483 1544 ora·

423 1583 563 1653 'tionibus
584 1595 613 1652 in
634 1603 732 1670 patres
753 1594 913 1652 criminosis
934 1593 1002 1664 fuit,
1033 1602 1062 1652 et
1090 1594 1168 1668 quod
1196 1602 1255 1651 tres
1285 1594 1370 1670 leges
1396 1612 1484 1651 secuu-

438 1703 571 1760 dissimas
591 1701 695 1778 plebei,
723 1701 862 1758 adversas
882 1700 1025 1759 nobilitati
1052 1699 1126 1769 tulit,
1156 1719 1253 1770 unam,
1282 1709 1316 1756 ut
1345 1699 1484 1776 plebiscita

390 1813 425 1867 15
439 1826 538 1864 omnes
550 1807 675 1880 Quirites
689 1813 827 1875 tenerent,
849 1805 979 1876 alteram,
1001 1814 1033 1862 ut
1047 1804 1152 1880 legum,
1175 1825 1239 1881 quae
1253 1808 1385 1864 comitiis
1400 1816 1485 1864 centu·

437 1913 518 1972 riatis
530 1912 681 1982 ferrentur,
702 1921 769 1968 ante
788 1911 891 1968 initum
912 1908 1080 1986 suffragium
1102 1920 1199 1987 patres
1221 1921 1362 1970 auctores
1384 1914 1485 1980 liereut3

389 2023 425 2079 16
439 2020 563 2089 tertiam,
583 2028 615 2075 ut
636 2019 709 2076 alter
729 2017 827 2091 utique
849 2035 887 2074 cx
915 2017 1012 2093 plebe,
1038 2036 1103 2075 cum
1128 2037 1173 2089 eo,
1201 2027 1234 2075 ut
1254 2027 1417 2093 utrumque
1436 2017 1485 2091 ple·

389 2129 424 2184 li
437 2125 533 2183 beium
564 2124 627 2182 fieri
652 2124 764 2193 liceret,
799 2141 901 2181 censor
929 2131 1084 2183 crearetur.
1140 2122 1212 2181 Plus
1242 2142 1277 2180 eo
1307 2142 1392 2182 anno
1420 2119 1486 2180 doni

436 2239 584 2305 acceptum
607 2229 696 2288 cladis
718 2230 756 2286 ab
776 2229 940 2287 consulibus
962 2247 996 2286 ac
1017 2229 1171 2300 dictatore,
1200 2248 1289 2304 quam
1312 2249 1356 2288 ex
1377 2229 1488 2288 victoria

437 2355 535 2393 eorum
578 2336 743 2410 bellicisque
783 2335 868 2392 rebus
910 2333 981 2392 foris
1023 2344 1139 2394 auctum
1177 2336 1354 2412 imperium,
1401 2345 1487 2412 patres
1524 2387 1525 2390 ,

437 2440 599 2498 credebant.

342 2543 382 2614 13
518 2547 607 2603 Αιιιιο
627 2544 797 2619 insequenti,
820 2545 855 2601 L.
870 2544 961 2602 Furio
982 2543 1115 2617 Camillo,
1136 2544 1170 2604 C.
1186 2547 1295 2604 Maeuio
1317 2546 1490 2614 consulibus,
1523 2597 1524 2600 ,

264 2630 424 2752 2323}
437 2671 494 2728 quo
522 2650 684 2726 insignitius
708 2652 815 2708 omissa
841 2669 888 2708 res
915 2651 1053 2723 AEmilio,
1084 2653 1241 2728 superioris
1274 2654 1348 2710 anni
1380 2651 1489 2714 consuli
1523 2697 1524 2708 ,

436 2759 668 2833 exprobraretur,
689 2757 801 2815 Pedum
823 2756 911 2814 armis
932 2757 1058 2831 virisque
1080 2764 1109 2814 et
1127 2756 1206 2812 omni
1219 2757 1249 2814 vi
1265 2761 1489 2836 expugnandum
1521 2781 1524 2808 ι

436 2881 471 2921 ao
492 2863 642 2919 delendum
664 2873 780 2920 senatus
801 2862 912 2933 fremit,
944 2863 1093 2938 coactique
1114 2863 1182 2920 novi
1204 2865 1341 2922 consules
1365 2866 1490 2923 omuibus
1522 2909 1523 2922 ι

405 2971 501 3028 2eam
520 2989 582 3028 rem
607 2967 741 3044 praverti
766 2968 994 3043 proficiscuntur.
1052 2970 1117 3027 Iam
1139 2969 1225 3028 Latio
1249 2969 1275 3026 is
1306 2979 1407 3030 status
1438 2981 1490 3028 eret
1522 2987 1523 3030 l

434 3095 540 3145 rerum,
560 3084 593 3132 ut
612 3093 705 3150 neque
725 3073 832 3132 bellum
853 3093 946 3148 neque
966 3094 1068 3150 pacem
1089 3075 1151 3151 pati
1171 3085 1305 3151 possent:
1328 3078 1370 3134 ad
1391 3077 1489 3135 bellum

436 3199 505 3258 opes
527 3182 659 3248 deerant3
679 3197 781 3254 pacem
803 3181 841 3237 ob
865 3180 928 3254 agri
950 3181 1076 3256 adempti
1097 3181 1226 3240 dolorem
1249 3185 1490 3257 aspernabantur.

405 3287 540 3345 3Mediis
561 3285 687 3345 consiliis
708 3286 841 3344 standum
865 3286 1027 3358 videbatur,
1051 3296 1084 3344 ut
1105 3287 1219 3363 oppidis
1240 3305 1272 3345 se
1295 3297 1441 3362 tenerent,
1461 3308 1490 3346 ue

436 3391 585 3450 lacessitus
606 3393 755 3450 Romanus
776 3411 894 3451 oausam
916 3392 984 3449 belli
1004 3393 1139 3464 haberet,
1169 3403 1212 3466 et,
1239 3393 1266 3452 si
1286 3396 1372 3453 cuius
1398 3393 1489 3471 oppidi
1520 3441 1521 3448 ,

436 3497 548 3554 obsidio
570 3496 701 3554 nuntiata
721 3506 811 3569 esset,
841 3493 967 3572 undique
995 3517 1031 3555 ex
1060 3499 1192 3558 omnibus
1214 3501 1331 3576 populis
1354 3503 1488 3560 auxilium

404 3602 563 3659 lobsessis
583 3600 714 3660 ferretur.
754 3603 859 3677 Neque
881 3612 977 3662 tamen
1006 3604 1062 3661 nisi
1088 3605 1244 3664 admodum
1275 3627 1294 3664 a
1315 3610 1423 3684 paucis
1443 3625 1488 3683 po·

375 3763 378 3772 ,
434 3706 510 3782 pulis
538 3706 650 3764 Pedani
677 3707 767 3766 adiuti
797 3717 872 3766 sunt
930 3709 1065 3767 Tiburtes
1091 3712 1335 3788 Praenestinique,
1370 3731 1488 3790 quorum
1519 3735 1520 3744 ¹

406 3816 507 3887 fragor
527 3812 647 3888 propior
671 3822 742 3884 erat,
768 3814 880 3872 Pedum
902 3833 1059 3890 pervenere
1066 3835 1075 3886 ;
1107 3817 1243 3876 Aricinos
1264 3819 1488 3892 Lanuvinosque

436 3927 466 3976 et
485 3917 658 3989 Veliternos,
689 3919 856 3978 Antiatibus
879 3921 995 3978 Volscis
1013 3940 1045 3978 se
1066 3920 1280 3996 coniungentes,
1312 3925 1351 3982 ad
1375 3927 1487 3983 Astura

406 4021 541 4081 bflumen
561 4023 683 4080 Manius
703 4022 861 4099 improviso
884 4026 1002 4085 adortus
1029 4026 1113 4084 fudit.
1157 4025 1297 4086 Camillus
1319 4030 1359 4088 ad
1379 4031 1485 4090 Pedum

436 4148 501 4187 oum
538 4128 722 4198 Tiburtibus,
764 4131 892 4190 maxime
929 4132 1026 4189 valido
1067 4132 1207 4222 exercitu,
1257 4135 1370 4195 maiore
1408 4136 1485 4197 mola

406 4233 601 4308 lquauquam
623 4251 703 4309 aeque
726 4253 867 4311 prospero
889 4246 1001 4307 eventu,
1023 4247 1141 4313 puguat.
1178 4238 1349 4298 Tumultum
1365 4241 1485 4300 maxime
