3392 5084
484 500 540 558 162
777 497 855 568 Liber
871 497 917 548 IX
954 497 1000 562 (Δ.
1011 513 1069 550 mc,
1081 498 1153 563 4³5.)

439 682 489 751 cis,
510 662 567 756 ‘qui
594 682 769 740 Parthorum
803 701 919 758 qnoque
940 692 1041 740 contra
1072 702 1179 740 nomen
1200 685 1361 741 Romarm
1388 683 1469 758 glorie

439 787 547 856 favent,
579 786 710 845 dictitare
742 787 849 858 solent,
884 807 922 844 ne
952 789 1133 847 maiestatem
1168 790 1294 846 nominis
1324 789 1472 858 Alexandri,
1519 806 1521 869 ξ

440 912 524 969 quem
545 893 682 951 nasama
713 895 828 969 quidam
856 893 913 950 illis
942 903 1042 952 notum
1073 895 1200 952 arbitror
1220 893 1323 962 fnisse,
1353 895 1471 951 maduere
1519 884 1521 931 !

410 1007 497 1059 lnon
524 999 651 1074 potuerit
676 1000 801 1076 populus
822 1001 987 1070 Romanus,
1008 1008 1050 1069 et,
1081 1001 1221 1058 adversus
1255 1019 1340 1075 quem
1359 1002 1472 1072 Amnis,
1519 996 1521 1063 ξ

438 1105 605 1162 incivitate
632 1103 726 1162 fracta
752 1105 947 1163 Macedonum
973 1106 1076 1176 armis,
1108 1115 1243 1164 cernente
1275 1117 1337 1163 tum
1366 1107 1474 1163 maxime

437 1232 529 1289 prope
548 1210 693 1268 fumantes
715 1211 884 1268 Thebarum
912 1212 1026 1283 ruinas,
1053 1212 1216 1270 contionari
1242 1212 1333 1270 utere
1353 1213 1411 1269 ausi
1428 1214 1474 1269 siut
1519 1240 1521 1363 p

437 1318 578 1386 homines,
597 1316 628 1374 id
650 1317 728 1390 quod
757 1335 794 1381 ex
817 1319 1010 1376 monumentis
1037 1317 1200 1375 orationum
1233 1328 1329 1394 patet,
1355 1319 1474 1375 adversm
1519 1368 1521 1433 p

438 1443 504 1482 enm
525 1441 609 1480 nemo
632 1441 668 1478 ex
689 1432 733 1480 tot
754 1424 923 1498 proceribus
937 1425 1078 1482 Romanis
1098 1441 1200 1480 vocem
1219 1424 1341 1482 liberam
1354 1425 1475 1482 musanus
1519 1452 1521 1529 p

409 1531 425 1586 8
437 1528 542 1588 fuerit?
564 1528 752 1601 Quantalibet
767 1530 936 1610 magnitudo
951 1530 1075 1588 hominis
1090 1529 1270 1605 concipiatur
1282 1531 1393 1600 animm
1406 1531 1476 1587 unius
1519 1538 1521 1543 '

436 1645 533 1694 tamen
555 1653 590 1691 ea
608 1634 777 1709 magnitudo
798 1635 923 1692 hominis
944 1635 1012 1705 erit,
1039 1636 1160 1693 collecta
1188 1637 1277 1711 paulo
1307 1637 1373 1712 plus
1392 1637 1476 1692 decem

407 1745 577 1800 danaorum
600 1739 753 1809 felicitate3
774 1759 866 1815 ¹quarn
888 1740 939 1814 qui
959 1759 994 1797 eo
1016 1742 1167 1813 extollunt,
1189 1743 1268 1816 quod
1288 1743 1409 1819 populns
1427 1744 1477 1799 Ro·

437 1865 548 1917 manus,
570 1846 623 1904 etsi
643 1847 723 1904 nullo
744 1847 830 1918 bello,
858 1846 955 1904 multis
976 1856 1074 1904 tamen
1093 1847 1202 1923 proeliis
1222 1849 1317 1906 victus
1337 1850 1382 1919 sit,
1399 1848 1477 1906 Alex·

437 1954 527 2011 andro
549 1951 653 2009 nullius
674 1972 778 2029 pugnae
799 1927 859 2010 non
879 1954 1007 2027 secunda
1035 1953 1152 2012 fortuna
1174 1954 1276 2024 fuerit,
1305 1974 1364 2011 non
1390 1953 1478 2010 intelli·

436 2069 516 2134 gunt,
538 2077 569 2116 se
589 2059 714 2116 hominis
738 2077 784 2117 res
806 2068 914 2134 gestas,
937 2069 966 2116 et
987 2060 1048 2116 eius
1068 2059 1197 2130 iuvenis,
1226 2079 1293 2117 cum
1314 2061 1411 2136 populi
1431 2060 1478 2116 iam

387 2171 423 2225 10
436 2164 700 2240 octingentesimum
733 2164 866 2222 bellantis
898 2183 1005 2222 annum
1033 2166 1120 2222 rebus
1146 2165 1287 2223 conferre
1346 2168 1479 2233 Miremur,

435 2272 470 2342 si,
499 2291 586 2346 quum
618 2290 654 2330 ex
681 2272 737 2328 hae
766 2279 849 2346 parte
876 2271 983 2328 saecula
1012 2271 1096 2345 plura
1127 2281 1313 2330 numerentur
1345 2291 1429 2347 quam
1451 2291 1482 2328 er

362 2371 366 2383 ’
435 2379 486 2436 illa
507 2377 584 2447 anni,
605 2377 670 2454 plus
690 2377 720 2434 in
741 2385 802 2434 tem
829 2375 917 2450 longo
950 2377 1045 2452 spatio
1074 2395 1162 2450 quam
1190 2378 1220 2433 in
1246 2387 1334 2435 aetate
1360 2378 1481 2436 tredecim
1519 2366 1521 2415 ³

387 2486 419 2541 11
437 2503 577 2541 annorum
604 2484 721 2541 fortuna
754 2482 930 2540 variaverit?
957 2482 1039 2569 *Quin
1070 2492 1101 2540 tn
1134 2484 1259 2541 hominis
1287 2503 1354 2540 cum
1379 2484 1482 2540 homine

387 2591 423 2648 12
436 2598 464 2646 et
485 2589 564 2646 ducis
593 2607 657 2646 cum
687 2590 759 2646 duce
792 2588 939 2646 fortunam
971 2587 1050 2666 [oum
1077 2587 1209 2666 fortuna]
1241 2588 1377 2646 confere?
1415 2589 1484 2661 Quot

434 2697 584 2754 Romanos
612 2696 698 2752 duces
726 2695 885 2765 nominem,
920 2696 1024 2770 quibus
1050 2713 1198 2768 nunquam
1228 2694 1356 2751 adversa
1377 2693 1485 2751 fortune

434 2820 538 2878 pugnae
558 2799 630 2857 fuit?
653 2801 781 2877 Paginas
803 2801 832 2858 in
856 2801 1007 2858 annalibus
1028 2801 1248 2876 magistratuum
1270 2801 1410 2876 fastisque
1427 2819 1485 2875 per·

400 2958 403 2966 .
436 2924 549 2962 currere
570 2906 638 2964 licet
660 2907 809 2964 consulum
831 2907 1070 2982 dictatorumque,
1093 2925 1216 2981 quorum
1236 2925 1291 2963 nec
1306 2908 1418 2965 rimatis
1438 2924 1485 2963 neo

386 3010 557 3068 infortuna
578 3011 636 3069 ullo
662 3012 709 3068 die
739 3013 878 3088 populum
901 3015 1064 3070 Romanum
1092 3012 1231 3087 paenituit.
1286 3013 1328 3070 Et
1355 3032 1410 3088 quo
1436 3013 1486 3069 sint

434 3116 627 3176 mirabiliores
654 3137 740 3192 quam
766 3119 937 3176 Alexander
958 3129 1009 3176 aut
1030 3119 1183 3193 quisquam
1203 3137 1273 3188 rex,
1298 3118 1390 3176 denos
1415 3119 1484 3176 vioe·

434 3241 544 3299 nosque
567 3224 627 3282 dies
649 3225 767 3299 quidam
790 3223 971 3294 dictaturam,
993 3243 1078 3282 nemo
1099 3223 1165 3298 plus
1186 3241 1275 3296 quam
1297 3242 1405 3282 annum
1424 3243 1485 3281 con·

386 3328 422 3382 14
434 3325 558 3386 sulatum
579 3331 683 3404 gessit3
707 3332 744 3388 ab
766 3331 888 3389 tribunis
909 3331 1002 3408 plebis
1023 3330 1144 3387 dilectus
1165 3328 1298 3403 impediti
1318 3339 1398 3401 sunt;
1425 3339 1484 3406 post

434 3442 546 3508 tempus
572 3436 609 3491 ad
633 3435 717 3494 bella·
730 3435 840 3507 ierunt,
869 3435 937 3494 aute
957 3447 1071 3512 tempus
1093 3433 1274 3492 comitiorum
1296 3453 1388 3492 causa
1407 3454 1484 3492 revo-

386 3521 421 3595 1¹5
435 3539 492 3596 cati
513 3549 592 3612 sunt3
612 3541 643 3598 in
663 3541 727 3616 ipso
750 3551 856 3600 conatu
876 3561 972 3599 rerum
994 3541 1162 3616 circumegit
1182 3559 1215 3597 se
1236 3559 1345 3612 annus;
1375 3542 1483 3616 collega

434 3663 509 3702 nnnc
535 3647 698 3718 temeritas,
723 3667 798 3705 nuno
823 3647 954 3722 pravitas
974 3646 1180 3723 impedimento
1202 3657 1255 3704 aut
1283 3648 1391 3706 damno
1420 3647 1483 3714 firit3

434 3751 509 3807 male
540 3753 629 3827 gestis
661 3755 747 3811 rebus
777 3752 895 3810 alterins
917 3770 1081 3811 successum
1103 3762 1160 3822 est;
1188 3753 1313 3810 tironem
1342 3764 1393 3810 aut
1412 3751 1484 3809 mule

386 3855 421 3911 16
434 3856 584 3932 disciplina
604 3859 764 3916 institutum
793 3859 950 3916 exercitum
976 3867 1156 3934 acceperunt.
1206 3861 1251 3916 At
1270 3859 1388 3916 hercule
1407 3875 1483 3932 reges

433 3981 492 4020 uon
516 3963 599 4020 liberi
627 3964 720 4020 solum
746 3963 957 4040 impedimentis
987 3962 1134 4035 omnibus,
1171 3966 1225 4022 sed
1261 3965 1371 4022 domini
1395 3983 1483 4022 rerum

384 4069 420 4124 17
433 4077 652 4144 temporumque
667 4070 785 4128 trahunt
800 4069 925 4127 consiliis
946 4078 1058 4139 cuncta,
1078 4089 1137 4128 non
1152 4078 1318 4144 sequuntur.
1361 4071 1482 4128 Invictus

413 4193 503 4249 aergo
524 4175 693 4233 Alexander
715 4194 779 4234 curu
794 4175 908 4234 invictis
930 4177 1050 4234 ducibus
1072 4176 1149 4234 bella
1168 4177 1316 4252 gessisset,
1338 4187 1367 4236 et
1389 4179 1481 4234 eadem

385 4278 421 4334 18
433 4278 555 4338 fortunae
575 4281 699 4356 pignora
720 4283 750 4338 in
772 4282 925 4339 discrimen
947 4282 1109 4351 detulissem
1142 4284 1230 4340 immo
1252 4285 1340 4340 etiam
1368 4303 1405 4342 eo
1425 4283 1481 4359 plus
