3392 5084
456 498 494 559 60
886 496 965 547 Liber
982 496 1002 547 1.

383 682 532 741 3Elatum
552 681 640 739 domo
662 681 805 739 Lucretia
827 698 933 756 corpus
954 680 1102 739 indorum
1124 680 1266 752 deferunt,
1288 684 1485 758 concientque

382 787 566 857 dmiraculo,
587 795 619 843 ut
640 787 687 856 lit,
708 786 751 844 rei
772 803 857 844 novoe
879 794 969 861 atque
989 771 1161 861 indignitate
1181 787 1321 847 homines.
1363 789 1429 845 Pro
1452 807 1482 845 se

414 893 537 968 quisque
558 890 651 948 scelus
673 892 784 968 regium
807 910 843 949 ac
864 890 922 949 vim
946 899 1112 966 queruntur.
1148 891 1251 949 Movet
1272 911 1361 967 quum
1383 895 1482 969 patris

413 998 562 1068 maestitia,
591 1005 653 1054 tum
681 998 791 1057 Brutus
820 996 979 1071 castigator
1007 996 1192 1053 lacrimarum
1227 1005 1315 1072 atque
1342 1001 1480 1057 inertium

412 1103 612 1178 querelarum,
641 1111 817 1177 auctorque,
846 1102 925 1176 quod
951 1102 1049 1171 viros,
1078 1100 1155 1176 quod
1176 1102 1328 1161 Romanos
1352 1106 1482 1175 deceret,

382 1215 496 1267 barma
517 1208 649 1283 capiendi
671 1208 812 1265 adversus
832 1206 951 1264 hostilia
975 1224 1072 1263 ausos.
1120 1207 1331 1267 Ferocissimus
1353 1211 1481 1285 quisque

412 1313 549 1371 iuvenum
560 1332 625 1372 cum
637 1314 727 1371 armis
741 1312 1034 1380 voluntariusadest3
1057 1302 1187 1386 sequitur
1209 1322 1237 1370 et
1257 1324 1354 1373 cetera
1375 1316 1481 1373 iuven·

412 1426 468 1475 tus.
501 1418 575 1475 Inde
585 1428 670 1493 parte
679 1420 816 1495 prasidio
829 1416 930 1476 relicta
946 1415 1078 1475 Collatia
1089 1417 1126 1474 ad
1138 1427 1239 1494 portas
1250 1421 1480 1495 custodibusque

412 1522 503 1593 datis,
533 1542 570 1579 ne
599 1524 664 1597 quia
690 1544 756 1583 eum
784 1532 895 1582 motum
924 1521 1041 1595 regibus
1068 1522 1229 1593 nuntiaret,
1259 1526 1346 1583 ceteri
1370 1525 1480 1583 armati

381 1625 486 1684 bduee
507 1629 600 1685 Bruto
621 1630 746 1687 Romam
768 1628 902 1705 profecti.
945 1627 1007 1687 Ubi
1028 1644 1063 1684 eo
1085 1636 1204 1686 ventum
1227 1638 1279 1699 est,
1302 1648 1479 1705 quacunque

414 1732 521 1789 incedit
538 1714 657 1791 'armata
678 1734 843 1805 multitudo,
864 1750 1003 1808 pavorem
1027 1750 1062 1789 ac
1083 1734 1235 1791 tumultum
1257 1734 1341 1805 faeit3
1363 1708 1476 1805 rursus,

411 1837 461 1894 ubi
476 1838 586 1895 anteire
606 1840 749 1914 primores
772 1839 897 1897 civitatis
919 1838 1027 1907 vident,
1049 1838 1186 1912 quicquid
1199 1839 1246 1909 sit,
1267 1840 1346 1897 haud
1367 1850 1478 1899 temere

382 1943 476 2000 ‘lesse
489 1927 597 2002 rentur.
640 1944 705 2002 Nec
726 1943 866 2001 minorem
888 1951 999 2001 motum
1018 1942 1180 2000 animorum
1194 1946 1297 2003 Romae
1311 1956 1371 2005 tam
1388 1958 1477 2005 atrox

411 2068 458 2107 res
480 2048 561 2119 iacit,
584 2068 671 2125 quam
694 2046 827 2106 Collatiae
847 2047 975 2119 fecerat3
998 2065 1068 2123 ergo
1090 2067 1128 2106 ex
1149 2050 1282 2107 omnibus
1303 2051 1374 2108 locis
1397 2051 1476 2109 urbis

409 2155 438 2213 in
459 2154 555 2213 iorum
577 2156 711 2216 curritur.
761 2154 827 2227 Quo
849 2154 935 2211 simul
963 2161 1079 2211 ventum
1111 2164 1170 2226 est,
1204 2174 1299 2231 praeco
1322 2156 1359 2212 ad
1383 2157 1474 2213 tribu-

408 2280 478 2319 num
506 2262 645 2331 celerum,
675 2262 705 2317 in
728 2279 786 2335 quo
813 2268 874 2316 tum
896 2259 1068 2333 magistratu
1092 2258 1168 2317 forte
1189 2261 1298 2319 Brutus
1321 2240 1400 2332 erat,
1423 2280 1474 2337 po·
1527 2332 1528 2337 η

301 2390 304 2395 ·
379 2362 509 2441 dpulum
531 2367 697 2423 advocavit.
741 2366 788 2423 Ibi
816 2364 911 2421 oratio
935 2363 1036 2422 habita
1056 2382 1241 2439 nequaquam
1262 2366 1325 2424 eins
1347 2368 1472 2443 pectoris

409 2471 588 2545 ingeniique,
617 2472 696 2545 quod
728 2470 894 2527 simulatum
923 2470 961 2526 ad
990 2488 1054 2526 eam
1076 2468 1151 2527 diem
1181 2470 1295 2543 fuerat,
1328 2473 1365 2530 de
1387 2474 1417 2531 vi
1439 2490 1472 2529 ac

409 2575 528 2633 libidine
551 2575 620 2636 Sex.
648 2576 818 2649 Tarquinii,
847 2574 883 2631 de
905 2583 1006 2650 stupro
1027 2572 1148 2632 infando
1172 2576 1315 2635 Lucretiae
1337 2586 1367 2635 et
1388 2578 1471 2635 mise·

378 2783 554 2859 9indignior
572 2802 607 2841 ac
629 2785 822 2843 miserabilior
845 2793 930 2847 esset.
977 2783 1089 2841 Addita
1116 2786 1254 2860 superbia
1272 2787 1365 2863 ipsius
1387 2788 1470 2863 regis,

409 2865 590 2962 miseriaque
611 2899 640 2947 et
660 2890 776 2947 labores
798 2890 891 2965 plebis
906 2890 935 2947 in
951 2889 1047 2948 fossas
1068 2888 1242 2965 cloacasque
1259 2894 1469 2951 exhauriendas

409 2994 563 3063 demersae3
584 2996 734 3053 Romanos
748 2996 890 3064 homines,
911 2995 1036 3052 victores
1052 2995 1180 3052 omnium
1196 2998 1274 3054 circa
1287 3000 1469 3075 populorum,

360 3102 396 3156 10
410 3099 527 3173 opifices
556 3118 591 3157 ac
620 3101 762 3175 lapicidas
789 3119 843 3176 pro
881 3100 1070 3160 bellatoribus
1102 3100 1207 3161 factos.
1254 3102 1381 3180 Indigna
1409 3104 1468 3163 Ser.
1525 3122 1526 3143 ÷

409 3204 499 3261 Tullii
519 3205 596 3280 regis
618 3216 780 3264 memorata
801 3206 904 3276 caedes,
926 3216 955 3262 et
975 3206 1090 3263 invecta
1106 3207 1221 3281 corpori
1236 3209 1329 3283 patris
1345 3210 1468 3267 nefando

358 3313 391 3367 1¹
409 3309 541 3367 vehiculo
563 3312 632 3382 filia,
656 3312 843 3386 invocatique
866 3311 974 3368 ultores
997 3320 1149 3386 parentum
1172 3312 1220 3369 dii.
1267 3314 1324 3371 His
1347 3315 1467 3373 atrocio-

408 3413 556 3489 ribusque,
579 3417 675 3486 credo,
698 3417 774 3488 aliia,
796 3434 861 3490 quae
882 3433 1008 3490 praesens
1029 3434 1125 3473 rerum
1148 3417 1305 3491 indignitas
1320 3420 1468 3496 haudqua-

408 3538 497 3593 quam
518 3522 612 3581 relatu
633 3521 823 3596 scriptoribus
849 3506 949 3579 facilia
977 3520 1105 3593 subiicit,
1135 3523 1303 3581 memoratis
1324 3525 1465 3583 incensam
1524 3533 1525 3604 i

408 3625 618 3685 multitudinem
640 3626 781 3703 perpulit,
804 3633 835 3683 ut
856 3625 1008 3702 imparium
1033 3628 1095 3703 regi
1117 3628 1274 3703 abrogaret
1300 3631 1466 3703 exsulesque

358 3733 394 3789 12
408 3748 472 3788 esse
503 3732 616 3791 iuberet
649 3733 684 3793 L.
717 3732 909 3806 Tarquinium
941 3752 1007 3791 cum
1040 3734 1163 3808 coniuge
1192 3752 1226 3791 ac
1252 3733 1361 3792 liberis.
1404 3734 1466 3808 lpse

407 3833 578 3909 iunioribus,
600 3838 650 3913 qui
671 3837 747 3894 ultro
769 3836 889 3895 nomina
902 3837 1020 3908 dabant,
1042 3838 1123 3897 lectis
1139 3839 1327 3914 armatisque,
1350 3841 1389 3897 ad
1403 3854 1465 3896 con·

407 3939 553 3999 citandum
584 3942 651 4000 inde
683 3942 822 3999 adversus
852 3959 950 4016 regem
982 3944 1140 4002 exercitum
1170 3945 1301 4002 Ardeam
1323 3944 1354 4001 in
1377 3952 1465 4003 castra
1523 3962 1524 3969 ¹

409 4055 453 4102 est
473 4046 636 4121 profectum
657 4046 808 4121 imperium
829 4047 860 4103 in
882 4047 954 4104 urbe
977 4048 1129 4121 Lucretio,
1150 4049 1288 4125 praefecto
1310 4050 1391 4107 urbis
1411 4049 1463 4105 iam

359 4149 393 4204 13
407 4160 476 4209 ante
497 4153 535 4209 ab
557 4170 627 4227 rege
646 4151 787 4222 instituto,
808 4152 954 4226 relinquit.
1002 4154 1083 4210 Inter
1103 4154 1179 4211 bunc
1197 4153 1353 4211 tumultum
1374 4151 1465 4213 Tullia
