3392 5084
471 545 550 594 Liber
568 546 614 595 1v.
658 545 703 609 (A.
720 545 945 608 (11.416-414.)
1026 604 1031 612 ,
1146 548 1205 638 213

206 730 322 804 oppidum
350 741 379 786 et
410 731 482 786 fines
513 729 643 788 amisere.
696 731 853 788 Tentatum
885 733 923 788 ab
953 732 988 792 L.
1010 731 1104 790 Decio
1132 731 1280 787 tribunob

208 834 288 908 plebis,
308 843 338 890 ut
357 835 540 909 rogationem
562 834 660 905 ferret,
683 854 742 910 que
762 835 854 892 Bolas
876 855 1001 911 qnoque,
1023 839 1097 895 siout
1112 836 1248 903 Levites,

208 939 281 994 coloni
301 939 489 1011 mitterentur,
510 959 564 1014 per
586 941 820 999 intercessionem
842 940 1038 1016 collegarum,
1067 943 1117 1017 qui
1138 942 1248 998 nnllnm

207 1045 363 1117 plebiscitum
396 1046 452 1102 nisi
485 1065 521 1102 ex
551 1046 724 1104 auctoritate
755 1057 873 1104 senatus
901 1065 1040 1122 passuros
1067 1066 1099 1104 se
1126 1046 1249 1121 perferri

208 1149 379 1218 ostenderunt,
402 1151 562 1206 discussum
585 1161 637 1207 est.
1022 1136 1025 1142 ⁴

241 1239 244 1244 ¹
271 1254 347 1310 Bolis
376 1255 545 1328 insequente
576 1274 653 1312 anno
680 1256 802 1330 receptis
824 1257 919 1332 AEqui
946 1258 1119 1332 coloniaque
1141 1277 1175 1314 eo
1197 1257 1277 1313 ‹to-7

207 1357 275 1414 dueta
293 1359 376 1416 novis
398 1358 517 1421 viribus,
532 1359 670 1434 oppidum
692 1360 852 1431 firmarunt,
873 1363 996 1420 tribunis
1010 1363 1131 1420 militum
1147 1364 1250 1420 Rome
1259 1333 1426 1452 ῒιὸζῗῖἷ

207 1463 327 1520 consulari
351 1473 499 1538 potestate
520 1463 574 1524 Cn.
597 1463 733 1523 Cornelio
756 1463 860 1537 Cosso,
881 1469 915 1525 L.
937 1467 1058 1526 Valerio
1080 1466 1189 1536 Potito,
1212 1467 1248 1539 Q.

207 1566 281 1624 Fabio
301 1569 451 1626 Vibulano
472 1569 586 1640 iterum,
608 1571 651 1626 M.
663 1571 815 1628 Postumio
838 1571 1003 1647 Regillensi.
1040 1571 1118 1629 Huic
1141 1569 1279 1628 bellum8

208 1673 324 1730 adversus
344 1676 465 1748 AEquos
487 1675 659 1749 permissum
682 1687 740 1745 est,
760 1695 861 1751 prevae
882 1677 986 1734 mentis
1006 1676 1132 1748 homini,
1160 1695 1249 1750 quam
1340 1682 1346 1693 “

207 1785 281 1833 tumen
304 1778 430 1835 victoria
458 1780 552 1854 magis
582 1798 669 1853 quam
698 1781 806 1838 bellum
834 1783 967 1841 ostendit.
1013 1783 1092 1840 Nem
1122 1779 1280 1840 exercitet

207 1879 305 1956 inpigre
336 1883 447 1958 scripto
482 1884 626 1958 ductoque
661 1885 699 1941 ad
731 1885 836 1957 Bolas,
874 1906 962 1960 quum
998 1887 1111 1944 levibns
1141 1886 1250 1962 proeliis

207 1987 350 2058 AEquorum
386 1989 500 2046 animos
531 1989 681 2064 fregisset,
718 2002 867 2066 postremo
898 1993 929 2048 in
964 1993 1103 2068 oppidum
1138 1992 1251 2067 irrupit.

208 2089 299 2147 lleinde
321 2095 358 2150 ab
382 2094 515 2150 hostibus
536 2095 565 2150 in
588 2096 665 2152 cives
696 2107 842 2154 certamen
868 2098 956 2155 vertit
985 2107 1028 2167 et,
1059 2116 1149 2172 qnnm
1176 2098 1252 2155 inter

207 2199 434 2270 oppugnationem
465 2199 593 2274 praedam
625 2200 722 2258 militis
752 2200 816 2257 fore
843 2201 996 2270 edixisset,
1025 2210 1111 2274 capto
1140 2200 1250 2275 oppido

207 2299 273 2356 iden
294 2303 429 2368 mutavit.
472 2303 547 2360 Eam
570 2305 663 2378 magis
686 2305 817 2362 adducor
844 2313 877 2361 ut
905 2307 1022 2362 credam
1052 2305 1103 2361 ires
1131 2323 1250 2362 oensem
1265 2303 1302 2354 ¹0

209 2407 325 2464 exercitui
348 2408 451 2479 fuisse,
473 2427 561 2483 quam
586 2409 664 2485 quod
685 2411 714 2466 in
729 2411 808 2470 urbe
829 2429 932 2492 nuperg
944 2410 1058 2485 direpte
1079 2407 1251 2483 coloniaque

208 2525 268 2566 nova
294 2513 389 2570 minus
421 2514 625 2587 praedieetione
655 2516 762 2586 tribuni
791 2515 897 2591 pmdoe
923 2514 1019 2574 fuerit.
1062 2514 1156 2571 Auxit
1186 2532 1250 2570 eam
1266 2514 1298 2566 ll

208 2612 277 2685 iram,
305 2629 464 2692 postquam
486 2621 523 2676 ab
547 2621 664 2695 collegis
686 2620 840 2678 arcessitus
869 2628 990 2694 propter
1017 2618 1185 2693 seditiones*
1199 2617 1251 2673 tri·

209 2716 316 2778 bunicias
336 2723 368 2778 in
390 2725 491 2780 urbem
512 2725 641 2795 revertit,
665 2726 765 2782 audite
786 2744 845 2782 vox
868 2725 930 2780 eius
948 2725 979 2780 in
999 2723 1134 2780 contione
1144 2723 1252 2779 stolida

210 2839 234 2876 tc
250 2843 334 2900 prope
355 2846 471 2898 vecors,
493 2848 551 2903 qua
563 2831 605 2886 M.
619 2829 720 2889 Sextio
737 2830 853 2886 tribuno
875 2829 968 2904 plebis
989 2830 1084 2902 legem
1104 2825 1251 2901 agrariam

209 2925 303 3000 ferenti,
325 2932 423 3002 simul,
445 2934 535 2990 Bolas
557 2953 673 3009 quoque
695 2944 726 2991 ut
747 2934 928 2991 mitterentur
949 2933 1054 3002 coloni,
1072 2932 1199 2988 laturum
1221 2949 1252 2988 se

209 3031 293 3090 dicenti
314 3037 446 3110 (dignum
469 3040 544 3096 enim
567 3057 646 3110 esse,
669 3040 718 3114 qui
740 3039 829 3096 armis
851 3037 1007 3111 cepissent,
1030 3056 1130 3094 eorum
1151 3038 1253 3094 urbem

211 3154 348 3214 mumque
378 3141 524 3200 Bolanum
558 3145 633 3217 esse)
669 3144 798 3214 „Melum
837 3141 953 3216 quidem
990 3141 1127 3198 militibus
1161 3141 1251 3197 meie“

210 3237 291 3313 iuquit,
314 3245 389 3313 „nisi
402 3247 591 3320 quieverint“
640 3247 726 3322 Quod
742 3247 872 3304 auditum
894 3266 954 3304 nou
974 3245 1137 3303 contionem
1159 3245 1252 3319 megis
1314 3314 1319 3322 ι
1350 3268 1355 3274 ⁴

211 3361 280 3415 quem
300 3369 370 3406 mex
395 3360 493 3424 patres
515 3351 644 3408 offendit.
686 3352 726 3409 Et
753 3335 895 3409 tribunus*
908 3350 1015 3425 plebis,
1027 3349 1090 3436 ‘vir
1111 3367 1179 3406 acer
1199 3367 1253 3405 nec
1267 3349 1305 3403 12

211 3447 370 3526 infacundus,
392 3466 494 3512 nactus
515 3457 590 3514 inter
608 3456 793 3513 adversarios
814 3456 970 3530 superbum
989 3453 1136 3528 ingenium
1149 3454 1253 3510 immo·

212 3553 343 3632 licumque
364 3560 514 3634 linguam,
537 3579 624 3634 quam
647 3561 789 3618 irritando
811 3560 1008 3634 agitandoque
1028 3559 1059 3615 in
1080 3577 1130 3616 eas
1151 3559 1253 3633 impel-

212 3658 266 3717 leret
287 3683 387 3734 voces,
419 3683 482 3738 quse
508 3665 624 3722 invidiee
650 3685 710 3723 non
736 3667 793 3740 ipsi
814 3673 942 3733 tantum,
972 3665 1022 3720 sed
1044 3683 1140 3720 ceusae
1166 3674 1254 3737 etque

213 3767 325 3825 universo
347 3769 443 3825 ordini
462 3779 566 3838 essent,
587 3772 730 3828 neminem
752 3789 789 3827 ex
805 3769 927 3842 collegio
938 3769 1117 3825 tribunorum
1133 3770 1254 3826 militnm

214 3872 297 3944 sepius
327 3894 417 3948 quam
445 3875 629 3932 Postumium
655 3875 684 3930 in
713 3873 951 3948 disceptationem
982 3873 1126 3930 trahebat.
1177 3876 1307 3932 Tum13

214 3990 267 4032 vero
287 3981 441 4036 secundum
463 3991 525 4034 tem
547 3997 655 4035 saevum
677 3990 766 4052 atque
779 3977 1084 4034 inhumanumdictum
1099 3980 1254 4049 „Auditis“

214 4075 303 4152 inquit,
341 4083 503 4156 „Quiritem
539 4083 612 4140 sicut
648 4083 739 4139 servis
772 4082 880 4138 malum
912 4070 1068 4138 minantem
1100 4084 1257 4140 militibus?

215 4181 308 4243 Tamen
328 4190 389 4244 haec
413 4187 500 4242 belua
521 4186 637 4260 dignior
658 4188 742 4244 vobis
762 4196 845 4243 tanto
867 4187 978 4242 honore
993 4186 1146 4259 videbitur,
1168 4207 1256 4261 quam
1272 4191 1310 4244 tt
1358 4174 1366 4195 l

216 4286 321 4355 quivos
341 4293 414 4347 urbe
436 4291 571 4364 agrisque
593 4291 717 4347 donatos
738 4291 768 4346 in
790 4290 920 4346 colonias
941 4290 1065 4359 mittunt
1086 4292 1136 4364 qui
1159 4293 1258 4357 sedem
1294 4358 1296 4361 ¹
1352 4361 1360 4376 .

1013 4395 1060 4441 16*
