3392 5084
462 471 522 584 Mb
720 522 798 572 Liber
807 521 859 570 1v.
887 521 970 578 (su.
985 535 1007 570 c.
1021 521 1183 583 tte-846.)

420 727 456 766 aa
485 708 527 764 ite
553 705 624 776 sint,
652 705 760 764 liberos
786 705 938 798 tollendosx
959 721 1038 774 esse,
1066 704 1127 779 qui,
1152 704 1230 780 pulsi
1258 704 1407 762 maiorum
1427 704 1485 761 loeo

420 820 627 887 cementaque
648 811 722 870 alios
743 811 773 868 in
794 810 980 886 possessione
1000 809 1150 884 dignitatis
1171 828 1240 881 sun,
1261 809 1329 867 salii
1342 809 1485 867 flamines·

421 935 477 992 que
507 933 651 991 nusquam
684 917 742 974 alio
774 896 931 990 quemad
959 915 1181 972 sacrificandum
1207 934 1263 990 pro
1290 915 1406 990 populo
1432 915 1486 971 siue

390 1021 548 1098 8imperiis
571 1039 606 1079 ac
624 1021 816 1097 potestatibus
837 1020 1048 1094 relinquantur.
1078 1019 1206 1078 irritatis
1226 1019 1381 1094 utriusque
1402 1023 1486 1096 partis

422 1128 534 1199 animis,
557 1145 645 1202 quum
668 1134 697 1184 et
718 1127 836 1202 spiritus
857 1125 941 1199 plebs
962 1125 1134 1200 sumpsisset
1151 1134 1182 1182 et
1197 1127 1308 1182 tresad
1320 1127 1485 1201 popularem

421 1251 540 1290 causam
562 1232 741 1290 celeberrimi
762 1231 888 1288 nominis
907 1231 1029 1288 baberet
1048 1231 1146 1301 duces,
1166 1240 1278 1306 patres,
1300 1231 1405 1288 omnia
1417 1251 1486 1305 que·

421 1339 517 1398 storiis
540 1339 679 1410 comitiis,
708 1339 759 1396 ubi
781 1347 937 1410 utrumque
964 1336 1042 1410 plebi
1068 1336 1184 1405 liceret,
1215 1336 1325 1393 similia
1345 1335 1414 1394 fore
1433 1354 1487 1393 oer-

421 1455 531 1516 nentes,
553 1444 671 1501 tendere
695 1442 732 1500 ad
754 1441 905 1500 consulum
928 1440 1063 1511 comitia,
1088 1459 1153 1514 quas
1174 1441 1304 1499 nondum
1327 1442 1487 1516 promisere

390 1543 408 1601 9
422 1559 532 1618 essent3
554 1547 629 1606 Icilii
644 1555 746 1603 eontra
761 1547 894 1604 tribunos
907 1545 1030 1602 militum
1044 1545 1187 1604 creandos
1202 1546 1308 1617 dicere,
1332 1555 1363 1604 et
1377 1548 1487 1604 tandem

279 1678 285 1686 ·
326 1645 370 1714 55
422 1654 580 1731 aliquando
601 1650 808 1728 impertiendos
829 1650 909 1724 plebi
929 1651 1070 1708 honores·
1109 1650 1168 1709 Sed
1189 1625 1271 1708 nulla
1298 1660 1367 1708 erat
1392 1668 1487 1708 eoum·

421 1761 491 1818 laris
513 1757 606 1827 actio,
628 1775 716 1832 quam
737 1741 923 1830 impediendo
944 1754 990 1824 id,
1012 1756 1091 1829 quod
1112 1757 1265 1831 petebant,
1288 1758 1487 1832 exprimerent

423 1883 511 1940 quum
533 1838 622 1922 mira·
631 1859 848 1937 opportunitate
871 1859 997 1916 Volscos
1020 1869 1050 1916 ct
1069 1862 1189 1936 AEquos
1216 1861 1382 1937 praedatam
1413 1871 1487 1920 extu

392 1971 493 2028 2lines
523 1970 618 2028 exisse
646 1967 676 2024 in
706 1983 809 2041 agrum
843 1963 980 2021 Latinum
1013 1965 1230 2040 Hernicumque
1260 1964 1395 2022 effertur.
1445 1965 1487 2022 Ad

373 2067 375 2074 ’
423 2075 501 2150 quod
523 2074 629 2133 bellum
652 2071 703 2130 ubi
724 2089 762 2128 ex
787 2069 1058 2126 senatusconsulto
1075 2071 1207 2128 consules
1224 2071 1374 2151 delectum
1388 2072 1487 2128 babere

423 2181 577 2256 occipiunt,
599 2180 717 2236 obstare
737 2186 807 2232 tunc
828 2174 914 2231 enixe
932 2174 1053 2244 tribuni,
1074 2175 1130 2233 sibi
1150 2175 1288 2250 plebique
1312 2195 1382 2234 earu
1403 2175 1487 2232 ionu-

393 2286 490 2344 3nam
523 2284 650 2342 oblatam
679 2287 883 2338 memorantes.
935 2280 1011 2338 Tres
1041 2289 1138 2350 erant,
1168 2289 1198 2337 et
1228 2298 1333 2337 omnes
1363 2277 1487 2337 acerriud
1527 2312 1528 2317 κ

423 2391 478 2447 viri
499 2388 692 2465 generosique
713 2385 787 2455 iam,
812 2393 844 2440 ut
865 2382 941 2440 iuter
961 2383 1101 2458 plebeios.
1145 2386 1214 2442 Duo
1236 2385 1345 2460 singuli
1366 2384 1486 2459 singulos
1527 2415 1529 2419 ·

424 2496 479 2554 sibi
501 2493 634 2552 consules
656 2489 851 2547 asservandos
867 2487 999 2558 ‚assidua
1027 2507 1117 2564 opera
1148 2489 1321 2560 desumunt;
1349 2491 1401 2548 uui
1427 2506 1485 2545 con·

393 2599 550 2658 itionibus
580 2597 650 2653 data
678 2612 754 2652 nunc
785 2592 954 2663 detinenda,
985 2611 1063 2650 nunc
1090 2594 1250 2651 concienda
1281 2595 1379 2670 plebs.
1432 2594 1485 2651 Nec

424 2705 564 2761 delectum
588 2700 721 2758 consules
743 2717 797 2756 nec
818 2682 946 2768 comitia,
973 2716 1037 2772 quse
1057 2700 1205 2773 potebant,
1227 2699 1338 2757 tribuni
1360 2698 1485 2774 expedie-

423 2810 503 2865 bant.
550 2805 710 2863 Inclinante
734 2804 837 2884 deiude
863 2821 895 2858 se
916 2802 1035 2860 fortuna
1056 2804 1095 2860 ad
1116 2821 1235 2860 causam
1263 2804 1375 2878 plebis,
1403 2802 1485 2860 nuntii

423 2913 550 2982 veniunt,
573 2928 668 2968 arcem
681 2908 907 2977 Carventanam,
929 2907 1050 2982 dilapsis
1065 2909 1104 2964 ad
1125 2909 1252 2984 praedam
1275 2909 1424 2978 militibus,
1444 2907 1485 2981 qui

424 3019 453 3076 in
474 3016 608 3093 prasidio
630 3023 730 3083 erant,
752 3015 884 3086 AEquos,
912 3011 1072 3070 interiectis
1093 3015 1195 3088 paucis
1217 3015 1388 3071 custodibus
1410 3011 1484 3076 arsis,
1526 3050 1527 3075 ,

417 3120 578 3189 *invasisse
608 3119 681 3176 alios
703 3126 883 3176 recurrentes
905 3117 935 3172 iu
957 3135 1072 3186 arcem,
1101 3118 1176 3174 elios
1196 3119 1339 3194 palantes
1365 3119 1395 3175 in
1417 3116 1484 3190 agris
1526 3154 1527 3183 ,

394 3233 523 3285 bessos.
567 3225 612 3282 Ea
635 3225 761 3281 adverse
782 3221 893 3279 civitati
915 3239 962 3278 res
984 3222 1060 3278 vires
1082 3223 1241 3281 tribuniciae
1249 3222 1367 3281 actioni
1380 3221 1484 3278 adiecit.
1526 3254 1528 3283 ,

424 3330 627 3406 Nequicquanr
644 3329 718 3386 enim
735 3329 847 3396 tentati,
871 3336 902 3384 ut
917 3337 978 3384 tum
993 3327 1117 3402 denique
1128 3327 1300 3384 desisterent
1310 3325 1484 3402 impediendo
1526 3360 1528 3389 r

424 3437 517 3509 bello,
547 3443 703 3510 postquam
733 3447 791 3490 non
819 3450 931 3488 cessere
954 3450 1007 3488 nec
1029 3432 1153 3506 publicae
1175 3433 1344 3507 tempestati
1362 3450 1414 3489 nec
1433 3447 1484 3487 sua

424 3541 549 3611 invidiae,
571 3538 751 3616 pervincunt,
773 3547 805 3594 ut
825 3547 944 3595 senatus
966 3537 1127 3594 consultum
1149 3538 1202 3594 fiat
1222 3536 1259 3593 de
1280 3525 1402 3595 iribunis
1419 3535 1482 3592 mili·

394 3653 486 3706 itum
508 3644 649 3713 creandis,
672 3653 751 3700 certo
773 3651 871 3700 tamen
892 3652 989 3716 pacto,
1012 3662 1049 3700 uc
1070 3642 1151 3700 cuius
1164 3641 1241 3698 ratio
1255 3643 1421 3712 haberetur,
1441 3639 1483 3715 qui

425 3770 460 3808 eo
483 3767 559 3806 anno
581 3748 714 3805 tribunus
738 3748 830 3823 plebis
853 3758 943 3817 esset,
965 3767 1038 3806 neve
1060 3749 1126 3823 quis
1146 3748 1313 3804 reficeretur
1335 3749 1365 3804 in
1386 3765 1482 3805 meum
1525 3816 1526 3825 ἵ

395 3855 557 3916 itribunus
578 3853 680 3928 plebis,
702 3853 782 3910 haud
797 3853 885 3910 dubie
897 3853 996 3911 Icilios
1011 3854 1169 3911 denotante
1188 3825 1302 3922 senatu,
1324 3870 1397 3926 quos
1417 3869 1483 3908 roer-

424 3959 524 4018 cedem
562 3958 692 4016 seditiosi
727 3957 891 4014 tribunatus
924 3966 1023 4033 petere
1058 3958 1241 4015 consulatum
1277 3957 1482 4014 insimulabant.

425 4066 502 4123 Tum
536 4065 663 4122 delectus
694 4063 797 4119 heberi
828 4062 994 4137 bellumque
1026 4063 1154 4120 omnium
1185 4063 1320 4120 ordinum
1352 4077 1481 4119 consessu

395 4170 565 4246 8spperari
593 4179 728 4244 coeptum.
786 4165 928 4224 Consules
959 4169 1046 4224 ambo
1077 4167 1202 4243 profecti
1235 4167 1292 4224 sint
1327 4167 1364 4224 ud
1397 4181 1480 4224 meam

426 4273 652 4344 Carventanam,
675 4291 712 4328 an
735 4272 809 4328 elter
830 4271 869 4328 ad
883 4272 1002 4328 comitia
1015 4272 1151 4328 habenda
1164 4271 1335 4340 substiterit,
1353 4271 1480 4327 incertum
