3392 5084
548 545 626 594 Lner
642 543 691 596 lv.
729 545 773 607 (Α.
788 542 920 606 ch.⁴so.)
1164 547 1225 604 233

215 727 284 798 lueis,
304 729 417 784 hostem
439 729 538 795 tenuit.
582 729 654 786 Nox
673 727 800 786 insertos
822 728 951 796 diremit3
977 737 1134 802 tantusque
1154 730 1193 786 ab
1213 729 1298 790 iro-b

215 831 355 906 prudentia
377 842 496 890 eventus
520 840 644 908 utraque
665 843 762 890 oestro
783 835 875 890 tenuit
896 852 999 908 pavor,
1020 843 1061 902 ot,
1082 833 1190 891 relictis
1200 851 1268 890 sau·

215 937 256 992 uiis
275 945 303 994 et
320 955 432 1012 magna
451 947 536 1014 purte
547 939 828 1014 impedimentorum,
850 940 939 996 ambo
955 958 1010 1014 pro
1025 939 1110 996 vietis
1124 939 1268 996 exercitus

215 1041 283 1098 sein
308 1052 423 1100 montes
449 1044 601 1120 proximos
629 1023 800 1118 reciperent.
850 1044 994 1101 Tumulus
1021 1054 1119 1102 tamen
1146 1045 1297 1104 eroum-7

213 1163 296 1204 sessus
318 1148 398 1204 ultra
420 1148 544 1206 mediam
566 1157 680 1205 nostem
703 1157 763 1216 est3
791 1167 849 1223 quo
880 1167 968 1224 quum
992 1150 1296 1207 circumsedentibus.

213 1253 361 1310 nuntiatum
385 1262 474 1323 esset,
501 1262 599 1310 cestre
621 1253 738 1310 deserto
759 1271 839 1324 esse,
860 1254 954 1324 victos
975 1255 1032 1310 reti
1053 1273 1123 1312 suos
1152 1264 1182 1312 et
1201 1255 1267 1329 ipsi,

214 1371 427 1432 quaqueusque
455 1359 486 1414 in
517 1359 643 1415 tenebris
671 1377 766 1433 pavor
790 1359 870 1429 tulit,
899 1359 1044 1435 sugerunt.
1087 1358 1297 1433 Tempanius8

212 1473 277 1520 metu
297 1465 469 1522 insidiarum
493 1483 563 1522 suos
585 1465 622 1521 ed
643 1464 736 1521 lucem
758 1465 859 1520 tenuit.
893 1465 1057 1539 Degressus
1079 1463 1183 1536 deiude
1203 1464 1267 1538 ipse

212 1586 266 1626 eum
285 1570 388 1646 pausis
410 1570 607 1645 speculatum,
637 1588 725 1645 quum
753 1571 790 1626 eb
813 1569 919 1626 sauciis
939 1570 1071 1628 hostibus
1093 1569 1265 1626 scissitando

213 1677 403 1750 comperisset,
426 1685 524 1732 oestro
546 1674 721 1732 Volscorum
743 1676 859 1733 deserta
880 1692 960 1744 esse,
991 1675 1073 1731 loetus
1095 1676 1133 1731 ab
1155 1675 1266 1747 tumulo

212 1798 268 1838 suos
289 1782 415 1840 devocat
437 1785 466 1837 et
486 1779 517 1835 in
538 1787 635 1835 eostre
649 1781 784 1837 Romane
805 1790 947 1854 penetrat.
987 1781 1048 1842 Ubi
1071 1799 1159 1855 quum
1182 1787 1297 1842 vested

212 1885 372 1962 desertaque
392 1885 493 1944 omnis
517 1893 605 1958 atque
617 1886 758 1955 eandem,
781 1900 868 1959 quern
884 1886 961 1961 opud
976 1887 1085 1956 hostes,
1106 1886 1265 1944 foeditetem

212 1991 363 2064 invenisset,
385 1991 556 2067 priusquam
580 1991 706 2048 Volscos
728 1991 860 2068 cognitus
879 2009 962 2048 error
982 1992 1140 2061 reduceret,
1163 1994 1267 2067 quibus

212 2105 322 2168 poterat,
344 2097 453 2154 sauciis
476 2096 569 2153 dnetis
591 2115 704 2166 seeum,
726 2097 862 2171 ignarus,
884 2114 971 2170 quom
996 2096 1143 2171 regionem
1166 2100 1267 2156 consul

211 2201 325 2272 petisset,
351 2200 390 2258 ed
412 2201 514 2256 urbem
537 2201 679 2275 proximis
700 2201 851 2258 itineribus
871 2202 976 2276 pergit

281 2307 346 2363 Iam
375 2326 411 2364 eo
436 2304 519 2362 fama
545 2323 650 2380 pugnus
680 2306 809 2363 adversae
838 2316 1060 2380 uestros-umque
1087 2306 1266 2364 desertorum
1314 2315 1362 2383 40

211 2411 311 2482 perlata
332 2421 406 2482 eret,
430 2420 459 2468 et
481 2423 548 2468 onte
572 2411 670 2469 omnis
691 2411 834 2486 deplorati
856 2419 939 2468 erent
953 2411 1064 2486 equites
1078 2430 1136 2468 non
1150 2413 1266 2488 privato

213 2517 292 2590 magis
320 2537 411 2593 quam
439 2518 556 2594 publico
585 2517 680 2587 luctu,
716 2518 884 2591 Fabiusque
913 2518 1030 2587 consul,
1061 2528 1173 2575 terrore
1202 2519 1297 2580 urbib

213 2639 315 2696 quoque
340 2623 466 2694 iniecto,
496 2624 650 2680 stationem
678 2631 746 2679 ente
766 2633 869 2698 portas
890 2624 1010 2697 agebat,
1041 2642 1130 2698 quum
1156 2625 1268 2697 equites

212 2730 299 2798 procul
320 2727 378 2785 visi
399 2747 458 2784 non
481 2729 542 2785 sine
571 2737 683 2785 terrore
710 2730 747 2785 ab
775 2728 884 2800 dubiis,
913 2729 1031 2803 quinam
1058 2740 1168 2799 essent,
1198 2747 1268 2785 mox

213 2833 306 2906 cogniti
327 2841 441 2890 tantam
464 2839 600 2890 ex'metu
618 2832 746 2918 Iustitiam
762 2832 872 2904 desere,
892 2843 926 2891 ut
945 2835 1056 2891 elamor
1079 2836 1180 2892 urbem
1201 2853 1267 2908 per-

212 2939 318 2995 vaderet
339 2937 559 3014 gratulantium,
581 2937 679 2995 salvos
701 2939 885 3014 victoresque
904 2941 1015 3008 redisse
1036 2941 1156 3014 equites,
1180 2951 1210 2996 et
1231 2945 1297 2999 exb
1374 3013 1380 3022 ,

212 3043 305 3100 mestis
330 3043 422 3119 paulo
448 3051 515 3100 ante
540 3043 689 3114 domibus,
719 3063 784 3120 quae
810 3045 1066 3102 conclamaverant
1087 3063 1170 3113 suos,
1199 3063 1267 3119 pro·

213 3160 364 3206 curreretur
388 3149 418 3204 in
439 3149 520 3219 vias,
542 3149 714 3223 pavidoque
736 3159 844 3206 matres
865 3168 901 3207 ae
922 3151 1068 3225 coniuges,
1090 3150 1187 3207 oblitae
1207 3168 1268 3224 prae

212 3255 306 3325 gaudio
328 3255 460 3323 decoris,
492 3254 609 3310 obviam
634 3254 744 3329 agmini
772 3264 969 3326 occurrerent,
1000 3256 1030 3312 iu
1052 3273 1121 3311 suos
1146 3272 1268 3328 quaeque

187 3357 285 3431 ,simul
307 3377 432 3435 corpore
456 3367 545 3440 atque
566 3359 673 3430 animo,
695 3359 746 3416 vix
766 3379 826 3434 prae
847 3361 956 3435 gaudio
978 3370 1136 3436 compotes,
1158 3357 1266 3415 effuse.

213 3463 337 3524 resonis
359 3463 448 3540 plebi,
471 3464 520 3539 qui
535 3446 577 3521 Mss
589 3465 742 3522 Postumio
768 3475 796 3522 et
817 3467 855 3525 u.
867 3465 1004 3538 Quinctio
1026 3466 1102 3523 uem
1124 3463 1297 3534 dixeranus

185 3641 191 3652 ι
214 3571 279 3641 quod
305 3573 344 3628 ud
374 3570 467 3626 Veios
496 3589 595 3627 eorum
626 3589 717 3646 opere
741 3571 817 3628 male
845 3580 1005 3645 pugnatum
1035 3579 1124 3639 esset,
1151 3568 1267 3626 occasio

213 3672 266 3730 visa
293 3685 334 3733 est
357 3693 412 3751 per
433 3665 533 3732 reeens
564 3675 661 3732 odium
685 3673 851 3750 Sempronii
880 3675 1006 3732 consulis
1034 3675 1211 3731 renovandus
1236 3673 1267 3729 in

214 3795 253 3835 eos
272 3781 395 3838 invidiae
438 3781 545 3855 Itaque
567 3780 711 3837 advocata
733 3781 883 3851 contione,
906 3799 993 3855 quum
1016 3780 1163 3856 proditum
1184 3778 1297 3836 Veiiso

214 3897 264 3941 rem
290 3885 436 3962 publicam
468 3905 531 3942 esse
560 3887 598 3944 eb
627 3885 763 3955 ducibus,
791 3886 938 3960 proditum
968 3886 1085 3956 deinde,
1114 3884 1184 3958 quia
1210 3883 1268 3939 illis
1339 3924 1344 3932 .

213 3985 317 4064 impuno
341 3991 445 4060 fuerit,
473 3991 503 4048 in
524 3991 641 4048 Volscis
673 3991 711 4047 ab
737 3990 855 4048 consule
878 3992 1055 4060 exereitum,
1083 3989 1207 4046 traditos
1228 3989 1267 4045 od

215 4095 308 4154 eedem
329 4096 505 4154 fortissimos
520 4096 641 4171 equites,
663 4096 779 4152 deserta
792 4095 870 4153 foede
884 4107 981 4153 eastra
995 4093 1147 4152 vociferati
1162 4101 1266 4163 essent,

215 4192 242 4251 Ο.
260 4198 366 4272 Iunius,
388 4219 463 4260 unus
486 4221 522 4258 ex
543 4201 676 4272 tribunis,
697 4201 892 4275 Tempanium
915 4201 1040 4275 equitem
1062 4199 1164 4256 vocari
1183 4199 1298 4264 iussite

216 4316 358 4380 coramque
379 4307 406 4362 ei
430 4305 519 4376 ,Sem
542 4306 706 4380 Tempeui“
734 4305 842 4380 inquit,
876 4323 993 4379 „quaero
1015 4305 1051 4361 de
1071 4311 1120 4370 te,
1144 4302 1266 4359 arbitre-
