3392 5084
506 527 586 578 Liuor
602 525 639 580 IL
675 519 972 589 (A.cn.use-4us.)'
1159 527 1211 584 tot

216 715 258 771 sed
277 725 302 772 et
320 715 437 790 publica
460 713 592 790 patribus
613 711 777 770 sollicitudo
797 712 907 783 inerat,
935 709 1089 788 largitione
1111 706 1257 766 consulem

215 819 375 895 periculosas
396 818 524 878 libertati
549 835 620 894 opes
648 827 770 877 struere.
824 819 900 875 Tmu
922 816 1048 892 primum
1070 812 1119 872 lex
1141 813 1287 889 agraria3

214 925 382 1001 promulgata
413 934 471 995 est,
503 942 652 999 nunquam
682 924 787 981 deinde
814 941 906 998 usque
934 923 970 981 ad
992 923 1067 980 hene
1088 917 1257 978 memoriam

214 1034 264 1088 sine
283 1030 418 1088 maximis
438 1031 566 1089 motibus
587 1047 683 1088 rerum
705 1030 825 1106 agitata.
874 1026 984 1086 Consul
1012 1026 1085 1084 alter
1111 1023 1288 1100 largitioni4

213 1139 365 1208 resistebat,
399 1137 567 1194 auctoribus
602 1135 734 1212 petmbus
767 1155 820 1194 nec
849 1135 928 1193 omni
964 1133 1049 1209 plebe
1076 1131 1257 1198 adremante,

214 1263 266 1316 que
284 1243 379 1319 primo
402 1250 540 1319 coeperat
559 1239 693 1299 fastidire
713 1259 817 1299 munus
838 1240 1003 1317 vulgatum:
1030 1258 1050 1298 e
1070 1237 1180 1297 civibus
1201 1236 1258 1294 isse

212 1349 235 1405 ir
252 1350 358 1419 socios;
383 1367 462 1425 sepe
490 1347 595 1405 deinde
616 1357 642 1405 et
664 1347 835 1423 Verginium
858 1345 1004 1404 consulem
1025 1343 1056 1404 in
1077 1342 1286 1404 contionibus5

212 1456 278 1512 velut
307 1455 515 1512 vaticinantem
547 1451 697 1523 audiebat,
714 1453 863 1529 pestilens
897 1452 1015 1528 collegse
1042 1467 1146 1508 munus
1179 1465 1257 1516 esse;

213 1580 285 1636 agros
304 1561 371 1618 illos
392 1559 562 1618 servitutem
583 1558 629 1628 iis,
653 1560 702 1634 qui
723 1559 897 1634 acceperint,
919 1559 1046 1630 laturos3
1068 1571 1158 1631 regno
1179 1552 1258 1610 viem

211 1668 270 1724 fieri
306 1667 385 1742 Quid
406 1666 450 1724 ita
470 1664 545 1724 enirn
568 1665 678 1722 aeeund
698 1665 795 1722 socios
816 1673 847 1722 et
866 1683 971 1724 nomen
986 1660 1141 1723 Latinum?
1181 1658 1289 1733 Quidd

212 1773 358 1843 attinuisse,
386 1772 536 1843 Hernicis,
564 1771 653 1848 paulo
680 1780 749 1828 ante
775 1770 921 1841 hostibus,
950 1771 1028 1846 capti
1061 1768 1124 1844 egri
1144 1776 1257 1844 partem

212 1879 312 1936 tertiam
333 1878 428 1949 reddi,
457 1879 515 1936 nisi
533 1888 567 1936 ut
586 1895 630 1935 ete
651 1886 752 1953 gentes
772 1896 827 1954 pro
848 1875 1007 1934 Coriolano
1028 1876 1102 1933 duee
1124 1872 1257 1934 Casuum

212 1983 346 2042 babeant?
394 1985 551 2061 Popularia
571 1986 632 2043 ium
654 2001 719 2041 esse
731 1983 894 2068 ‚dissuasor
925 1990 954 2039 et
979 1981 1154 2040 intercessor
1184 1980 1288 2057 logici

213 2091 320 2164 αςπατίω
341 2100 489 2167 coeperat
530 2091 663 2165 Uterque
683 2089 786 2146 deinde
813 2087 914 2146 consul
944 2087 1074 2146 certatim
1105 2087 1184 2164 plebi
1214 2088 1258 2145 in-

213 2195 326 2271 dulgere.
369 2197 527 2274 Verginius
547 2197 654 2271 dicere,
678 2213 831 2272 passurum
853 2213 886 2253 se
907 2194 1049 2271 assignari
1070 2211 1167 2270 agros,
1189 2194 1258 2252 dum

213 2304 303 2361 necui
320 2304 376 2362 nisi
397 2305 455 2363 civi
474 2305 610 2363 Romano
631 2302 828 2378 assignentur;
849 2302 978 2372 Cassius,
998 2300 1068 2376 quie
1088 2300 1118 2358 in
1141 2299 1289 2376 agreriass
1360 2361 1361 2366 ,

213 2405 351 2484 largitione
372 2411 544 2469 ambitiosus
564 2410 595 2466 in
616 2409 712 2500 socios
734 2427 828 2484 eoque
858 2409 969 2470 civibus
1002 2407 1088 2465 vilior
1119 2416 1196 2478 eret,
1226 2415 1260 2466 ut

216 2514 261 2572 elio
279 2536 397 2574 munere
420 2517 477 2574 eibi
495 2515 696 2574 reconciliaret
710 2515 817 2574 civium
830 2514 953 2584 animos,
970 2514 1069 2572 iubere
1093 2531 1147 2589 pro
1159 2512 1256 2573 Siculo

217 2619 342 2683 frumento
362 2622 515 2699 pecuniam
538 2623 688 2715 acceptam
717 2621 837 2679 retribui
857 2619 977 2695 populo.
1030 2621 1066 2678 Id
1087 2639 1158 2678 vero
1179 2609 1288 2678 haud9

218 2741 284 2782 secus
318 2745 406 2802 quam
437 2736 608 2801 presentem
646 2727 806 2783 mercedem
839 2725 920 2800 regni
957 2735 1113 2800 aspernata
1144 2725 1257 2802 plebes;

221 2829 276 2888 adeo
296 2842 415 2908 propter
434 2832 628 2908 suspicionem
648 2832 764 2901 insitam
786 2831 878 2907 regni,
900 2831 979 2888 velut
1001 2831 1181 2890 abundarent
1195 2851 1257 2890 om·

220 2934 270 3006 uia,
298 2955 418 2994 munera
450 2939 512 2996 eius
537 2939 568 2995 in
590 2937 692 2995 animis
713 2937 860 2994 hominum
882 2938 1100 3013 respuebantur.
1155 2937 1258 3010 Quem,
1273 2944 1309 2999 10

218 3041 255 3097 ubi
273 3043 395 3117 primum
417 3043 588 3119 mam'stratn
614 3043 701 3114 abiit,
730 3044 899 3102 damnatum
923 3051 1115 3117 necatumque
1136 3051 1258 3101 constet.

219 3143 286 3215 Sunt,
308 3149 355 3223 qui
371 3158 486 3225 patrem
509 3158 656 3207 auctorem
678 3152 739 3208 eius
760 3149 893 3226 supplicii
913 3149 1024 3206 ferent:
1046 3167 1120 3220 eum,
1143 3149 1259 3224 cognita

218 3249 281 3309 domi
310 3272 414 3325 causa,
445 3256 617 3312 verberasse
648 3273 684 3312 ac
714 3273 834 3313 necasse
862 3255 1063 3331 peculiumque
1088 3253 1139 3310 lilii
1160 3251 1259 3312 Cereri

218 3362 432 3430 consecratricem
468 3361 581 3436 signum
612 3361 681 3418 inde
712 3360 822 3418 fectum
848 3377 912 3418 esse
942 3371 971 3418 et
996 3358 1179 3435 inscriptum:
1203 3379 1259 3431 „ex

218 3459 305 3522 Cassia
328 3465 441 3524 familia
467 3466 596 3524 datum.“
654 3466 776 3524 invenio
805 3466 884 3542 apud
907 3467 1063 3542 quosdam,
1083 3463 1170 3539 idque
1191 3485 1259 3542 pro·
1276 3467 1307 3521 11

218 3567 270 3638 pius
295 3571 377 3628 idem
408 3581 467 3642 est,
500 3591 519 3629 a
550 3573 741 3647 querentur
763 3571 884 3630 Coesone
902 3573 997 3630 Fabio
1025 3581 1054 3628 et
1082 3571 1116 3628 L.
1130 3571 1258 3632 'Valerio

219 3671 279 3731 diem
292 3674 395 3734 dictam
410 3677 624 3753 perduellionis,
645 3678 872 3753 damnatumque
888 3677 988 3755 populi
1009 3677 1124 3748 iudicio,
1147 3679 1257 3738 dirutas

219 3780 312 3850 publice
338 3783 424 3843 sedes.
467 3783 515 3840 Ea
541 3792 585 3840 est
613 3801 684 3842 aree
711 3793 779 3841 ante
802 3783 928 3842 Telluris
957 3785 1057 3844 edem.
1110 3781 1255 3856 Ceterum,
1271 3790 1307 3846 12
1403 3779 1423 3830 ff

221 3883 267 3942 rive
282 3888 349 3946 illud
369 3888 559 3947 domesticum
581 3889 643 3946 eive
663 3889 810 3966 publicum
837 3889 893 3948 fuit
917 3889 1069 3959 iudicium,
1102 3890 1256 3950 damnatur

221 3986 303 4050 Servio
323 3994 468 4065 Cornelio,
489 3993 526 4066 Q.
540 3994 635 4052 Fabio
657 3995 832 4055 consulibus.
1266 3955 1432 4076 ssis&

285 4100 367 4157 Haud
397 4099 535 4156 diuturne
562 4099 607 4156 ira
640 4100 741 4176 populi
767 4101 798 4158 in
829 4099 964 4158 Cassium
998 4101 1062 4160 luit
1122 4104 1254 4162 Dulcedo
1307 4087 1350 4161 42

222 4204 320 4273 werin
337 4205 412 4280 legis
432 4204 499 4279 ipsa
518 4221 572 4279 per
592 4223 639 4275 se,
673 4206 792 4282 dempto
821 4215 954 4278 auctore,
987 4209 1103 4267 subibat
1134 4209 1256 4279 enimes,

221 4321 375 4385 accensaque
396 4328 433 4367 ea
463 4309 606 4386 cupiditas
625 4320 670 4368 est
690 4311 870 4388 malignitate
891 4322 1022 4389 patrum,
1053 4314 1115 4389 qui,
1137 4314 1256 4372 devictis
