3392 5084
472 534 489 591 2
770 528 848 579 Liber
866 528 913 578 VI.
947 527 994 593 (Δ.
1007 544 1033 578 ιι.
1045 544 1067 578 c.
1077 529 1148 589 ³65.)

399 713 416 768 9
511 716 553 774 Hi
585 736 621 773 ex
649 716 813 792 interregno
843 733 930 790 quum
958 715 1103 789 extemplo
1132 715 1331 789 magistratum
1360 714 1475 782 inissent

429 822 508 880 nulla
529 822 616 879 dere
637 821 717 898 prius
748 840 835 897 quam
869 821 904 877 de
930 820 1118 897 religionibus
1146 830 1278 878 senatum
1307 820 1474 877 consuluere.

380 929 465 987 10111
487 928 586 1003 primis
610 926 721 986 foedera
744 947 779 987 ac
800 929 878 1003 leges
900 925 999 1008 (erant
1028 938 1124 985 autem
1146 947 1187 985 ea
1208 928 1363 985 duodecim
1383 926 1477 983 tabula

430 1042 458 1091 et
480 1033 610 1109 quaedam
631 1035 719 1111 regiae
741 1035 830 1111 leges)
853 1035 993 1110 conquiri,
1014 1054 1079 1109 quae
1099 1041 1310 1111 comparerent,
1331 1035 1477 1099 iusserunt;

430 1140 488 1197 alia
512 1140 610 1198 exeis
633 1142 710 1198 edita
732 1142 818 1199 etiam
845 1142 875 1199 in
896 1142 1015 1218 vulgus3
1044 1160 1109 1216 quae
1137 1150 1233 1197 autem
1256 1141 1295 1197 ad
1316 1158 1404 1197 secra
1423 1160 1477 1215 pcr-
1519 1165 1521 1198 ι

429 1247 568 1316 tinebant,
590 1266 608 1304 a
624 1248 807 1323 pontificibus
823 1249 958 1320 maxime,
980 1257 1012 1305 ut
1024 1246 1163 1322 religione
1180 1246 1335 1304 obstrictos
1350 1248 1479 1304 habereut
1519 1217 1521 1260 f

381 1360 413 1414 ll
430 1352 618 1411 multitudinis
653 1354 779 1425 animos,
821 1372 985 1430 suppressa.
1038 1354 1115 1409 Tum
1146 1353 1183 1408 de
1217 1352 1319 1409 diebus
1346 1352 1477 1427 religiosis

430 1456 534 1533 agitari
567 1468 708 1535 emptum,
755 1460 888 1534 diemque
921 1478 947 1519 a.
971 1459 998 1518 d.
1027 1478 1067 1518 xv
1102 1458 1171 1517 Kal.
1205 1457 1346 1528 Sextiles,
1386 1458 1479 1533 duplici

430 1563 512 1622 clade
531 1564 681 1639 insignem,
704 1584 761 1641 quo
782 1566 828 1623 die
851 1567 888 1622 ed
911 1563 1078 1622 Cremeram
1100 1563 1186 1621 Fabii
1207 1564 1284 1633 caesi,
1307 1584 1368 1639 quo
1389 1565 1479 1622 deiude

430 1671 468 1727 ad
481 1670 579 1728 Aliam
605 1689 670 1728 cum
691 1670 780 1728 exitio
803 1670 883 1728 urbis
903 1670 980 1729 fmde
1000 1678 1169 1747 pugnatum,
1190 1690 1210 1727 a
1230 1671 1397 1745 posteriore
1411 1671 1480 1728 clade

429 1777 576 1834 Aliensem
599 1776 792 1853 appellarunt,
815 1777 1012 1852 insignemque
1025 1776 1067 1832 rei
1081 1776 1151 1833 nulli
1164 1777 1281 1859 publice
1293 1776 1480 1851 privatimque

380 1890 416 1946 12
430 1882 549 1957 agendoe
570 1881 707 1942 feceruut.
752 1883 893 1957 Quidam,
923 1884 1000 1957 quod
1021 1882 1159 1959 postridie
1179 1883 1245 1940 idus
1267 1883 1415 1956 Quintiles
1433 1901 1481 1938 non

428 1987 539 2045 litasset
560 1987 704 2063 Sulpicius
725 1990 857 2048 tribunus
881 1988 1019 2055 militum,
1048 2008 1142 2064 neque
1167 1990 1287 2062 inventa
1309 2009 1386 2065 pace
1408 1991 1481 2046 deun

428 2104 495 2171 post
521 2094 594 2151 diem
626 2096 741 2153 tertium
775 2097 905 2154 obiectus
936 2096 1014 2153 hosti
1046 2095 1187 2153 exercitus
1217 2098 1374 2153 Romanus
1409 2105 1481 2165 osset

428 2202 514 2259 etiam
536 2200 675 2277 postridie
695 2202 760 2259 idus
782 2204 868 2260 rebus
889 2200 993 2257 divinis
1015 2201 1195 2276 supersederi
1218 2202 1341 2273 iussum,
1363 2204 1439 2273 inde,
1458 2213 1484 2258 ut

428 2306 567 2382 postridie
588 2306 723 2365 calendas
746 2326 920 2383 quoqueac
941 2318 1033 2363 nouas·
1057 2308 1159 2363 eadem
1182 2307 1285 2383 religio
1308 2318 1405 2382 esset,
1433 2320 1483 2364 tru-
1508 2349 1521 2386 ,³

428 2414 519 2471 ditum
540 2422 651 2489 putent.
1508 2395 1513 2408 ¹

335 2504 357 2574 2
510 2519 574 2576 Nec
595 2518 644 2575 diu
665 2518 744 2575 licuit
765 2510 870 2593 quietis
893 2516 1012 2575 consilia
1032 2517 1175 2592 erigendae
1189 2537 1227 2574 ex
1240 2527 1303 2575 tum
1320 2520 1409 2593 gravi
1421 2536 1482 2576 casu
1508 2513 1521 2593 l

399 2618 470 2681 2rei
491 2624 612 2699 publicae
634 2642 731 2683 secum
754 2624 875 2699 agitare.
923 2624 1000 2679 Hine
1021 2622 1137 2693 Volsci,
1166 2632 1281 2681 veteres
1303 2626 1421 2695 hostes,
1452 2623 1483 2679 ad
1506 2669 1521 2706 ,ζ

428 2730 666 2805 exstinguendum
687 2750 793 2788 nomen
813 2732 978 2789 Romanum
1000 2747 1083 2785 arma
1103 2735 1253 2805 ceperant3
1275 2730 1344 2787 hinc
1366 2716 1483 2787 Etruria

427 2834 587 2909 principum
609 2854 647 2895 ex
669 2836 801 2895 omnibus
819 2835 935 2913 populis
949 2835 1175 2892 coniurationem
1190 2835 1227 2891 de
1241 2835 1320 2893 bello
1337 2837 1378 2893 ad
1392 2835 1482 2893 fanum
1510 2829 1521 2916 'y

398 2937 593 2997 3Voltumnae
613 2940 721 2998 factam
741 2949 917 2999 mercatores
932 2931 1101 2999 afferebant.
1144 2942 1249 2998 Novus
1264 2960 1387 3017 quoque
1401 2952 1483 2998 terror
1512 3001 1516 3014 Ι

429 3054 591 3103 accesserat
611 3045 772 3104 defectione
787 3046 957 3104 Latinorum
970 3046 1230 3120 Hernicorumque,
1253 3045 1305 3120 qui
1328 3055 1398 3121 post
1417 3061 1483 3120 pug·
1509 3093 1521 3130 p

412 3160 496 3208 'uam
539 3152 576 3207 ad
612 3151 707 3209 lacum
737 3152 882 3228 Regillum
909 3151 1017 3210 iactam
1045 3170 1098 3226 per
1126 3170 1218 3209 annos
1248 3170 1346 3227 prope
1378 3161 1483 3209 centum
1510 3173 1515 3228 ς

428 3276 576 3332 nunquam
610 3259 746 3334 ambigua
774 3241 831 3316 lide
859 3258 891 3314 iu
920 3256 1047 3316 amicitia
1075 3258 1175 3333 populi
1202 3258 1335 3316 Romani
1366 3256 1484 3314 fuerant
1507 3251 1521 3366 *p

398 3363 533 3437 ‹lltaque
554 3382 643 3438 quum
662 3366 735 3422 tanti
748 3365 875 3438 undique
889 3372 1012 3420 terrores
1036 3362 1255 3420 circumstarent
1277 3374 1485 3439 appareretque
1507 3385 1521 3454 p

429 3469 576 3540 omuibus,
606 3489 664 3527 non
686 3470 753 3527 odio
775 3470 868 3527 solum
891 3470 969 3545 apud
992 3470 1106 3539 hostes,
1135 3469 1187 3526 sed
1207 3479 1381 3545 contemptu
1406 3468 1482 3525 etiam
1510 3459 1521 3552 ἶ,

399 3575 502 3632 5intcr
516 3574 611 3632 socios
624 3594 730 3632 nomen
744 3578 907 3634 Romanum
922 3574 1066 3642 laborare,
1086 3572 1204 3648 placuit,
1225 3573 1338 3632 eisdem
1354 3572 1483 3650 auspicii«
1519 3639 1521 3657 .

429 3679 545 3737 defendi
566 3700 626 3738 rem
649 3682 803 3757 publicam,
831 3680 934 3755 quibus
954 3688 1125 3755 recuperate
1146 3686 1231 3748 esset,
1258 3678 1484 3752 dictatoremque
1518 3729 1521 3766 ὅ

400 3786 486 3844 ddici
508 3786 551 3845 M.
573 3786 693 3845 Furium
716 3786 879 3846 Camillum.
928 3784 959 3841 Is
981 3784 1105 3841 dictator
1126 3783 1159 3842 G.
1181 3783 1340 3842 Servilium
1362 3785 1485 3842 Ahalam
1518 3829 1521 3866 Ι

430 3891 599 3966 magistrum
621 3892 748 3967 equitum
771 3890 859 3964 dixit3
879 3890 1046 3965 iustitioque
1064 3889 1170 3947 indicto
1192 3890 1331 3947 dilectum
1345 3891 1486 3947 iuniorum
1513 3863 1518 3880 Ι

430 3998 547 4069 habuit,
574 3999 666 4057 itaut
688 3998 814 4055 seniores
837 4014 967 4070 quoque,
993 3995 1097 4070 quibus
1120 3994 1230 4069 aliquid
1250 3996 1368 4054 roboris
1389 4013 1486 4071 super·

401 4106 515 4174 lesset,
536 4103 566 4160 in
579 4103 670 4160 verba
685 4120 738 4159 sua
758 4102 869 4159 iuratos
887 4102 1068 4159 centuriaret.
1111 4099 1280 4157 Exercitum
1295 4103 1484 4177 conscriptum

432 4216 632 4280 armatumque
653 4205 795 4264 triferium
818 4206 924 4263 divisit.
965 4208 1084 4265 Partem
1106 4224 1192 4263 uuam
1219 4206 1250 4263 in
1271 4226 1346 4283 agro
1366 4208 1485 4265 Veiente

432 4312 555 4371 Etruriae
584 4312 737 4387 opposuit,
770 4312 890 4370 alteram
921 4321 988 4369 ante
1012 4313 1110 4369 urbem
1140 4322 1237 4371 castra
1262 4313 1362 4371 locare
1391 4312 1485 4377 iussit3
