3392 5084
459 515 519 572 21ss
698 511 778 562 Liber
794 511 843 562 lv.
881 511 926 576 (Δ.
946 527 971 564 u.
990 525 1012 560 e.
1032 512 1193 573 sss-ero.)
1523 458 1525 573 i

413 708 515 758 unctor
535 708 649 774 pugna,
670 695 833 754 recentibus
854 695 955 771 spoliis
977 695 1007 753 in
1029 713 1115 753 secra
1135 695 1205 753 sede
1225 694 1348 772 positis,
1380 695 1472 752 quen

412 820 505 879 prope
525 804 629 878 ipsum,
651 801 698 858 cui
717 808 790 858 vote
810 808 903 870 erant,
923 799 1140 875 Romulumque
1152 802 1279 872 retusus,
1298 801 1382 859 haud
1401 818 1474 876 sper·

412 908 522 966 nendos
551 906 619 966 felci
644 907 719 966 tituli
746 914 851 976 testes,
879 921 915 964 ee-
933 907 975 965 A.
997 903 1165 964 Cornelium
1186 904 1314 965 Comum
1335 905 1473 964 consulem

413 1011 570 1086 scripserit.
1154 1020 1158 1035 ¹

317 1115 360 1188 21
497 1116 541 1173 Μ.
563 1114 700 1174 Cornelio
725 1115 938 1192 Maluginense,
970 1117 1005 1176 L.
1026 1117 1152 1192 Papirio
1176 1115 1286 1182 Cuneo
1316 1115 1474 1174 oonsulibus
1523 1179 1525 1193 .

231 1200 265 1320 2·
276 1209 404 1322 3¹23}
415 1222 558 1280 exercitus
572 1221 602 1280 iu
617 1221 719 1298 agrurn
735 1223 888 1280 Veientem
903 1239 941 1278 se
952 1221 1101 1279 Faliscum
1116 1222 1204 1280 ducti
1241 1223 1358 1280 Praeda)
1372 1223 1474 1279 abactor

384 1329 563 1400 2hominum
598 1345 808 1404 pecorumque3
850 1327 943 1384 hostis
978 1326 1009 1383 in
1045 1327 1125 1402 egris
1163 1345 1308 1402 nusquam
1347 1327 1474 1384 inuentus
1523 1363 1525 1373 2

414 1451 508 1509 neque
539 1433 690 1509 pugnandi
719 1431 806 1507 copia
836 1429 931 1502 factu3
961 1433 1047 1489 urbes
1074 1440 1172 1488 tamen
1203 1451 1263 1489 non
1296 1442 1474 1508 oppugnata.

384 1539 484 1614 squia
504 1537 669 1616 pestilentia
689 1536 829 1612 populum
852 1537 970 1596 inussit.
997 1538 1060 1612 *Et
1081 1537 1239 1618 auditiones
1251 1537 1333 1595 dorni
1355 1538 1474 1612 quesite

415 1655 491 1715 sunt,
512 1661 565 1702 nec
588 1651 675 1700 mone
697 1651 804 1712 temen,
827 1643 866 1700 ab
892 1641 945 1718 Sp.
968 1643 1067 1701 Mulio
1095 1641 1337 1718 tribunoplebis,
1367 1644 1419 1717 qui
1436 1642 1473 1699 is·

415 1767 486 1806 vore
504 1748 628 1806 nominis
648 1758 794 1806 moturum
817 1765 848 1804 se
871 1749 982 1823 aliquid
1004 1757 1086 1806 retus
1108 1757 1137 1804 et
1158 1748 1288 1806 Minucio
1308 1749 1389 1806 diem
1403 1749 1472 1806 dixe·

414 1862 461 1912 rat
482 1864 511 1910 et
531 1852 712 1928 rogationem
735 1852 770 1909 de
791 1854 974 1929 publicandis
995 1856 1080 1912 benis
1101 1853 1218 1913 Servilii
1239 1853 1346 1911 Ahehe
1369 1855 1473 1924 tuleret,

385 1958 497 2022 sfalsis
525 1959 694 2016 criminibus
722 1977 741 2016 a
772 1959 902 2038 Minucio
929 1960 1156 2016 circumventum
1187 1959 1316 2017 Mallum
1345 1977 1472 2035 nrgneno¹

416 2063 541 2123 Servilio
563 2065 670 2122 cmdem
692 2064 763 2122 civis
778 2064 937 2122 indemnati
960 2063 1114 2134 obiicieus3
1137 2082 1201 2139 quae
1222 2065 1348 2122 vaniore
1368 2066 1408 2123 ud
1428 2083 1472 2140 pc·

385 2168 515 2245 5pnlum
546 2169 612 2245 ipso
641 2179 761 2228 auctore
792 2169 883 2228 fuere.
940 2168 1076 2227 Ceterum
1112 2170 1208 2245 magis
1238 2171 1284 2227 vis
1313 2170 1412 2228 morbi
1436 2169 1472 2226 in·

415 2292 590 2351 gravescens
612 2295 688 2334 enrse
710 2285 787 2346 eret,
809 2283 993 2349 terroresque
1013 2292 1049 2331 ec
1070 2275 1221 2350 prodigia,
1250 2275 1382 2333 maxime
1404 2274 1472 2350 qued

415 2381 523 2438 crebris
546 2381 674 2438 motinus
697 2389 783 2438 terrm
802 2396 887 2438 ruere
907 2379 937 2435 in
958 2379 1038 2454 egris
1058 2378 1267 2437 nuntiabuntur
1287 2389 1376 2438 tecte„
1419 2379 1472 2438 oe
1523 2428 1525 2433 .

415 2486 539 2557 secretio
560 2485 660 2558 itsque
681 2504 699 2542 a
718 2486 827 2561 populo
850 2483 1011 2542 duumviris
1031 2484 1235 2558 preeuntibus,
1247 2494 1293 2543 est
1313 2485 1415 2560 lecta,

385 2588 403 2644 6
499 2589 686 2648 Pestilentior
706 2589 773 2646 inde
795 2607 903 2660 annus,
933 2588 970 2650 Ο.
991 2589 1067 2646 Iulio
1089 2589 1196 2646 iterum
1225 2600 1254 2647 et
1284 2592 1318 2648 1..
1343 2590 1471 2666 Verginio

238 2664 404 2786 ῒὲἰῗὲὲ
416 2693 597 2766 consulibus,
633 2703 745 2751 tentum
784 2695 929 2752 vastitatis
963 2676 994 2751 iu
1029 2695 1101 2752 urbe
1143 2695 1281 2770 agrisque
1323 2695 1407 2766 fecit,
1445 2702 1471 2750 nt

414 2816 474 2856 non
502 2799 591 2856 modo
618 2799 768 2874 prendendi
795 2817 885 2856 censs
906 2799 1060 2874 qnisquam
1081 2817 1120 2856 ex
1139 2818 1212 2874 agro
1233 2803 1371 2858 Romano
1393 2795 1470 2878 [non]
1523 2846 1525 2853 ,

385 2903 507 2961 leniret
528 2903 633 2960 bellive
654 2902 805 2961 inferendi.
817 2904 959 2962 memorie
979 2905 1112 2980 putribus
1132 2914 1184 2962 eut
1204 2904 1283 2981 plebi
1311 2916 1403 2976 essm,
1428 2904 1471 2961 sed

388 3009 391 3020 '
415 3009 500 3068 uitro·
509 3008 676 3079 Fidenates,
699 3009 748 3084 qni
768 3027 800 3066 se
821 3009 916 3084 primo
938 3017 990 3066 ent
1019 3005 1144 3085 [oppido
1166 3008 1231 3086 ent]
1261 3012 1409 3071 montibus
1428 3018 1471 3068 sut
1522 3052 1525 3067 .

414 3115 505 3172 muris
519 3124 683 3186 tenuerent,
704 3114 903 3191 populabundi
917 3114 1124 3198 descenderent
1137 3115 1167 3172 in
1188 3134 1292 3191 ugrum
1307 3117 1470 3174 Romanum.

384 3212 530 3278 8Deinde
560 3219 726 3280 Veientium
755 3221 885 3278 exercitu
913 3219 1006 3278 accito
1041 3221 1123 3296 (nem
1155 3221 1264 3278 Falisci
1292 3222 1414 3298 perpelli
1436 3219 1469 3276 cd

413 3325 633 3384 instaurandum
656 3328 761 3385 bellurn
785 3343 879 3400 neque
900 3325 983 3382 cleda
1003 3327 1204 3384 Romenurutn
1218 3344 1314 3401 neque
1335 3327 1469 3384 socierum
1523 3352 1524 3405 3

414 3431 548 3505 precibus
570 3431 715 3506 potuere),
740 3431 798 3487 duo
825 3430 925 3505 populi
948 3431 1089 3488 transiere
1110 3431 1255 3490 Anienem
1283 3441 1376 3506 etque
1401 3428 1469 3488 heud

383 3535 517 3611 ilprocul
538 3533 653 3593 Collina
673 3542 760 3612 porte
780 3535 866 3610 signe
886 3535 1023 3598 habuere.
1077 3537 1269 3612 Trepidatum
1290 3539 1391 3612 itaque
1418 3552 1468 3592 non

415 3640 445 3696 in
467 3638 545 3714 egris
572 3639 665 3713 magis
696 3657 784 3714 quem
812 3640 842 3698 in
876 3642 948 3698 urbe
969 3650 1020 3700 est.
1063 3641 1155 3700 Iulius
1183 3642 1287 3698 consul
1316 3642 1346 3698 in
1375 3655 1469 3716 aggero

415 3745 565 3818 murisque
587 3743 714 3820 explicet
735 3743 854 3820 copies,
876 3763 896 3802 a
916 3745 1059 3821 Verginio
1081 3756 1201 3804 senatus
1224 3747 1256 3803 iu
1284 3747 1347 3804 ude
1367 3741 1468 3820 erinl

363 3852 401 3910 id
416 3847 583 3936 consulitur.
625 3848 807 3908 Dictatorem
836 3849 895 3907 dici
914 3851 955 3910 Α.
978 3850 1133 3912 servitium
1162 3853 1274 3928 picem,
1300 3851 1348 3908 cui
1377 3850 1468 3908 Princo

415 3951 481 4022 ulii,
512 3952 562 4010 alii
584 3953 702 4014 Structo
725 3953 815 4014 fuisse
838 3974 1000 4031 cognomen
1028 3957 1156 4018 tradunt.
1202 3956 1376 4032 Verginius,
1408 3955 1465 4011 dnn

415 4057 555 4133 collegam
572 4059 744 4130 consuleret
765 4070 907 4138 moretur,
928 4063 1113 4138 permittente
1133 4042 1181 4135 eo,
1201 4073 1289 4122 noue
1308 4062 1466 4122 dictatorum

415 4161 501 4233 dixin
528 4147 554 4221 is
576 4164 632 4222 sibi
655 4164 822 4238 magistrum
846 4168 977 4242 equitum
998 4171 1171 4227 Postumum
1194 4168 1349 4226 AEbntium
1373 4164 1466 4224 niven

318 4255 363 4324 22
414 4266 492 4324 dicit
536 4268 674 4326 Dictator
694 4285 794 4328 omues
814 4269 880 4329 lues
901 4272 995 4347 prima
1016 4281 1102 4330 extra
1121 4280 1237 4347 portum
1260 4271 1404 4331 Cofflem
1424 4269 1467 4327 ed·
