3392 5084
559 525 640 577 urusr
657 526 691 577 V.
721 526 767 593 (Α.
783 525 922 591 cusam)
955 590 959 595 ,
1172 530 1232 590 2⁹5

207 724 307 783 magua
320 716 439 785 strages
460 710 541 769 facta
561 718 615 782 est,
636 710 801 785 multosque
818 710 970 787 imperitos
990 710 1081 769 naudi
1101 718 1153 768 out
1172 707 1277 769 invali-

208 814 272 882 dos,
307 832 421 890 graves
455 815 553 874 loricis
588 815 711 891 aliisquo
746 816 937 893 tegminibus,
977 819 1103 876 hausere
1133 816 1277 891 gurgitem

207 919 330 977 maxima
352 928 455 979 tamen
476 940 546 997 pars
566 922 720 979 incolumis
735 923 828 981 Veios
848 922 986 998 perfugit,
1008 922 1086 982 uude
1107 940 1166 981 uou
1188 922 1307 983 modos

207 1024 326 1099 presidii
353 1008 529 1101 quicquain,
557 1028 609 1085 sod
633 1046 670 1085 ne
691 1027 808 1087 nuntius
830 1029 947 1102 quidem
969 1027 1062 1085 cladis
1084 1028 1209 1087 Romam
1232 1035 1277 1085 est

207 1131 312 1187 missus.
364 1132 415 1189 Ab
439 1132 543 1189 dextro
566 1151 673 1203 cornu,
701 1135 780 1209 quod
812 1132 917 1211 procul
947 1151 967 1189 a
992 1133 1111 1191 flumine
1131 1141 1162 1190 at
1182 1133 1276 1207 magis
1291 1139 1328 1194 10

206 1238 377 1323 submonte
400 1246 531 1307 steterat,
552 1240 678 1297 Romam
701 1258 801 1299 omnes
823 1240 1002 1316 potiorem,
1023 1256 1062 1295 ua
1084 1236 1191 1295 eburis
1212 1237 1276 1314 qui-

207 1342 263 1399 dem
285 1344 385 1419 portis
407 1342 499 1414 urbis,
521 1342 550 1400 in
572 1362 669 1403 urcem
692 1345 894 1421 confugerunt.

280 1448 392 1507 Gallos
434 1468 551 1525 quoque
583 1449 663 1507 velut
689 1450 909 1527 obstupefactos
941 1449 1113 1509 miraculum
1146 1448 1275 1507 victorio
1324 1446 1370 1516 39

207 1561 257 1608 tum
283 1554 448 1629 repentina
474 1555 581 1627 tenuit,
611 1565 640 1612 et
667 1556 724 1631 ipsi
746 1574 857 1631 pavore
875 1556 964 1615 defixi
985 1556 1110 1632 primum
1125 1562 1275 1623 steterunt,

206 1657 276 1714 vclm
295 1658 413 1734 ignari,
435 1660 512 1735 quid‘
527 1660 694 1730 occidissem
722 1660 826 1721 usaue
845 1661 967 1720 iusidias
987 1661 1097 1730 varcri;
1124 1668 1274 1736 postremo

206 1780 340 1821 carorum
364 1766 463 1839 spolia
483 1766 580 1843 legere
602 1784 809 1841 armorumque
836 1765 986 1841 cumulos,
1016 1775 1050 1823 ut
1071 1782 1136 1826 mos
1157 1764 1199 1823 ei's
1220 1772 1274 1833 cst,

206 1886 390 1940 resumam
412 1880 475 1929 tum
490 1872 616 1943 demum,
638 1882 794 1947 postquam
816 1870 889 1929 nihil
908 1888 1033 1947 usquam
1048 1870 1153 1929 hostile
1175 1874 1306 1930 cemus

206 1974 300 2044 batur,
325 1975 572 2053 vicmdngressi,
595 1978 675 2035 houd
700 1977 791 2035 multo
820 1987 889 2034 anta
909 1977 980 2035 solis
1001 1994 1137 2036 occasum
1165 1977 1204 2035 ad
1226 1994 1275 2035 ur-

206 2079 262 2135 bem
283 2082 416 2139 Romam
438 2082 620 2158 perveniunt
673 2081 734 2141 Ubi
763 2067 852 2156 quum
874 2082 1029 2158 progressi
1059 2083 1187 2157 equitas,
1214 2102 1275 2141 uon

206 2194 297 2257 portae
320 2186 456 2255 clausas,
486 2204 545 2245 uon
567 2185 722 2245 stationem
745 2204 798 2262 pro
825 2187 919 2262 portis
947 2188 1109 2259 ncubare,
1139 2207 1198 2247 nou
1226 2208 1274 2247 ar-

206 2301 291 2348 matos
313 2310 382 2349 esse
403 2292 434 2349 iu
458 2291 557 2363 muris,
578 2291 752 2363 retulissent,
774 2292 853 2350 uliud
875 2293 966 2369 priori
987 2292 1081 2351 simile
1101 2293 1273 2352 miraculum

208 2414 249 2453 eos
276 2397 430 2467 sustinuit3
457 2405 631 2472 noctemque
659 2396 745 2455 veriti
773 2409 803 2455 ct
830 2398 939 2474 ignotos
964 2399 1052 2457 situm
1080 2400 1170 2471 urbis,
1199 2400 1305 2463 interit

208 2502 325 2560 Romam
348 2512 438 2579 stque
462 2502 606 2561 Anionem
628 2503 801 2573 consedere,
821 2504 1056 2579 exploratoribus
1078 2506 1175 2591 missis
1195 2507 1275 2567 circa

208 2610 305 2667 monis
327 2608 463 2683 aliasque
487 2616 604 2684 portas,
634 2626 767 2683 qusensm
798 2609 932 2669 hostibus
953 2609 984 2668 iu
1013 2610 1129 2685 perdita
1148 2632 1181 2671 ro
1201 2632 1273 2671 cou-

209 2712 263 2770 silia
284 2724 393 2775 essem.
435 2713 577 2784 Romani,
604 2730 693 2787 quum
718 2731 788 2790 purs
810 2713 905 2771 maior
926 2733 964 2771 ex
986 2715 1049 2773 acie
1070 2716 1163 2775 Veios
1183 2718 1304 2794 petis-4

209 2827 245 2874 set
264 2839 356 2894 quam
378 2822 514 2889 Romam,
538 2836 624 2877 nemo
647 2835 798 2895 superesse
821 2838 998 2894 quemquam
1013 2830 1119 2897 prmter
1139 2841 1200 2893 eos,
1222 2824 1273 2898 qui

209 2923 324 2983 Romam
359 2924 538 2999 refugerant,
567 2926 713 2995 crederet,
743 2924 917 3000 complorati
944 2944 1046 2985 omncs
1071 2927 1183 3002 pariter
1211 2930 1272 2988 vivi

209 3031 365 3106 mortuique
387 3038 479 3089 totam
500 3050 593 3107 prope
615 3032 715 3089 urbem
737 3030 873 3090 lamentis
894 3031 1096 3107 impleverunt.
1133 3035 1303 3098 Privatos

210 3132 301 3193 duodo
322 3137 419 3195 luctus
441 3134 595 3212 stupefecit
615 3126 748 3211 publicus
769 3154 873 3212 pavor,
894 3148 1052 3212 postquam
1065 3118 1165 3199 hostes
1186 3142 1271 3200 ades·

210 3255 235 3295 se
252 3242 416 3299 nuntiatum
440 3251 498 3311 cst3
521 3260 591 3301 mox
613 3242 740 3301 ululatus
761 3251 923 3316 cautusque
932 3243 1077 3313 dissonos,
1094 3246 1272 3320 vagantibus

211 3343 277 3402 circa
297 3346 407 3405 moeuia
427 3346 577 3405 turmatim
600 3347 751 3417 barbaris,
773 3348 939 3407 oudiobsut.
989 3347 1085 3407 Omne
1107 3350 1175 3409 iude
1197 3359 1303 3414 tem-6

211 3464 256 3520 pus
276 3469 434 3527 suspensos
454 3451 497 3509 ito
520 3452 612 3509 tenuit
638 3452 752 3511 animos
775 3472 868 3529 usque
888 3456 927 3513 ad
955 3456 1050 3514 luceru
1072 3455 1210 3528 alteram,
1238 3468 1272 3515 ut

212 3551 356 3615 identidem
391 3556 449 3615 ism
482 3557 513 3614 iu
546 3558 648 3615 urbem
679 3557 793 3617 iuturus
824 3559 974 3618 videretur
999 3561 1140 3637 impetus,
1175 3563 1270 3638 primo

213 3658 352 3731 adventus,
375 3663 445 3737 quia
466 3672 651 3721 accesserunt
665 3664 702 3721 ad
714 3665 833 3723 urbcmz
855 3682 1009 3723 mansuros
1023 3665 1099 3725 euim
1115 3668 1154 3727 ad
1167 3668 1267 3727 Aliam

212 3760 298 3836 brisso,
319 3767 377 3826 uisi
397 3769 454 3825 hoc
475 3768 588 3827 consilii
611 3767 700 3837 foret3
728 3769 831 3828 deindo
853 3772 907 3829 sub
932 3790 1068 3829 occasum
1091 3774 1177 3845 solis,
1200 3776 1300 3850 quia7

213 3866 278 3927 baud
299 3873 420 3931 multum
442 3873 501 3933 <lici
521 3882 689 3950 supererat,
721 3884 789 3933 aute
816 3886 931 3935 noctem
959 3878 1019 3935 rati
1039 3896 1071 3937 se
1102 3880 1270 3952 invasurum

213 3980 262 4031 tum
281 3978 311 4035 in
331 3986 447 4039 noctem
476 3979 597 4037 dilutum
626 3980 776 4039 consilium
799 4000 878 4052 essa,
907 4002 966 4058 quo
996 3985 1062 4060 plus
1082 3987 1203 4062 pavoris
1223 3987 1270 4045 in·

214 4074 320 4153 ferroum
352 4094 502 4161 postremo
538 4085 589 4143 lux
618 4087 858 4162 appropinquans
893 4090 1078 4171 exanimem
1114 4092 1301 4167 u'moriquess

214 4198 339 4263 perpetuo
370 4189 467 4266 ipsum
499 4191 608 4249 mulum
641 4192 791 4251 contiuaus
822 4192 893 4263 fuit,
925 4213 1014 4270 quum
1047 4194 1132 4271 sigua
1162 4194 1269 4255 infesta

216 4293 293 4360 portis
328 4304 396 4353 sunt
424 4295 515 4355 illata.
569 4297 767 4373 Nequaquam
800 4308 898 4357 tumeo
925 4318 962 4359 ea
989 4310 1074 4359 uocte
1099 4320 1194 4376 usquc
1221 4302 1268 4359 iu·
1365 4297 1370 4304 ’
