3392 5084
476 507 535 566 210
727 506 804 556 Liber
821 505 857 560 x
895 504 979 571 (aa.
992 522 1013 558 c.
1026 506 1188 569 sss-est.)

406 692 548 750 7deserta
577 690 702 763 inerant)
734 691 853 766 potitur.
920 692 994 750 Inde
1025 693 1055 750 iu
1085 691 1233 750 Faliscum
1265 709 1364 768 agrum
1392 691 1466 764 copis

435 798 568 868 reductis,
591 817 679 872 quum
698 797 904 873 impedimenta
918 799 1041 856 Faleriis
1060 817 1125 856 cum
1147 798 1262 856 modico
1276 798 1402 873 prasidio
1414 797 1467 854 reli·

436 904 553 978 quisset,
582 903 716 979 expedito
739 905 855 979 agmine
876 904 915 962 ad
935 905 1153 982 depopulandos
1173 904 1302 961 hostium
1323 905 1390 960 fines
1406 903 1468 960 ince-

405 1009 485 1066 8dit.
538 1009 645 1066 Omnia
672 1008 750 1068 ferro
778 1009 896 1086 ignique
923 1020 1087 1080 vastantem
1122 1009 1229 1086 praedae
1255 1011 1379 1084 undique
1404 1017 1470 1066 acta.

435 1117 499 1174 Nec
520 1116 613 1174 solum
638 1115 723 1172 modo
752 1126 866 1174 vastum
894 1117 972 1174 hosti
998 1118 1145 1188 relictum,
1173 1116 1225 1173 sed
1252 1115 1376 1172 castellis
1400 1114 1471 1170 edam

435 1222 562 1296 vicisque
590 1221 685 1278 illatus
714 1221 804 1296 ignis;
842 1223 960 1280 urbibus
992 1223 1194 1299 oppugnandis
1224 1229 1425 1296 temperatum,
1449 1219 1473 1275 in

404 1326 507 1404 ilqnas
528 1328 615 1386 timor
635 1327 774 1386 Etruscos
794 1329 981 1405 compulerat.
1003 1362 1043 1372 -
1063 1327 1120 1390 Cn.
1144 1327 1241 1386 Fulvii
1262 1326 1386 1384 cousuhs
1407 1325 1474 1383 clara

434 1454 532 1512 pugna
552 1434 582 1492 in
604 1433 722 1493 Samnio
745 1435 782 1490 ad
801 1434 964 1493 Bovianum
986 1436 1212 1509 haudquaquam
1233 1433 1377 1507 ambiguae
1395 1433 1474 1489 victo·

434 1542 484 1598 riae
506 1539 570 1598 fuit.
613 1539 776 1623 Bovianum
798 1539 866 1596 inde
888 1559 1042 1616 aggressus
1062 1558 1115 1597 nec
1137 1534 1181 1596 ita
1205 1539 1296 1596 multo
1317 1549 1385 1614 post
1403 1539 1474 1596 Aut-

342 1636 381 1705 l3
435 1649 538 1706 denam
560 1647 590 1703 vi
622 1645 705 1722 cepit.
760 1646 872 1704 Eodem
901 1663 978 1700 auno
1006 1643 1161 1703 Carseolos
1185 1645 1301 1702 colonia
1330 1645 1362 1701 in
1388 1663 1476 1719 agrum

434 1753 656 1828 AEquiculorum
678 1751 810 1836 deducta.
857 1750 978 1808 Fulvius
1006 1751 1106 1809 consul
1132 1753 1169 1808 de
1190 1749 1368 1810 Samnitibus
1389 1752 1475 1808 trium·

434 1858 543 1936 phavit.
583 1845 587 1858 ’

405 1965 422 2021 2
518 1963 614 2036 Quum
637 1963 754 2020 comitia
775 1962 940 2020 consularia
954 1962 1103 2034 instarent,
1123 1962 1204 2021 fama
1218 1972 1330 2033 exorta,
1349 1963 1477 2021 Ehuscos

405 2073 421 2127 3
436 2069 637 2143 Samnitesque
648 2067 776 2143 ingentes
790 2066 970 2124 conscribere
986 2068 1144 2126 exercitus:
1160 2070 1258 2144 palam
1274 2070 1405 2126 omnibus
1419 2087 1478 2124 con·

435 2175 506 2232 ciliis
527 2175 628 2232 vexari
648 2172 790 2249 principes
807 2173 1005 2244 Etruscorum,
1028 2176 1106 2250 quod
1124 2195 1184 2232 non
1194 2175 1299 2234 Gallos
1319 2191 1479 2250 quacunque

436 2280 602 2339 condicione
613 2279 753 2353 traxerint
770 2278 808 2335 ad
821 2278 941 2349 bellum3
954 2280 1099 2356 increpari
1112 2281 1297 2357 magistratus
1308 2279 1479 2346 Samnitium,

436 2388 513 2463 quod
533 2385 688 2444 exercitum
710 2385 849 2442 adversus
871 2386 1021 2444 Lucanum
1051 2388 1163 2445 hostem
1190 2395 1387 2462 comparatum
1408 2385 1479 2443 ohie

340 2241 351 2268 Ι

403 2494 524 2551 luerint
551 2491 703 2560 Romanis3
737 2491 834 2565 itaque
860 2491 920 2548 suis
947 2492 1149 2567 sociorumque
1180 2492 1291 2550 viribus
1318 2510 1481 2566 consurgere
1521 2534 1522 2543 ,

433 2602 531 2658 hostes
553 2599 591 2656 ad
612 2596 732 2668 bellum,
765 2605 795 2652 et
815 2597 1041 2672 haudquaquam
1067 2599 1172 2674 impari
1192 2598 1403 2674 defungendum
1424 2615 1483 2654 esse

405 2708 421 2760 5
434 2704 598 2762 certamine.
642 2701 699 2760 Hic
718 2709 820 2771 terror,
843 2721 931 2777 quum
945 2702 1073 2760 illustres
1089 2705 1144 2762 viri
1158 2705 1338 2762 consulatum
1352 2713 1483 2779 peterent

435 2828 534 2867 omnes
555 2810 585 2866 in
605 2808 640 2881 Q.
664 2807 789 2865 Fabium
810 2807 974 2866 Maximum
996 2809 1090 2884 primo
1111 2828 1170 2866 uon
1190 2820 1350 2885 petentem,
1378 2809 1483 2873 deinde,

405 2919 466 2973 but
488 2915 624 2972 inclinata
648 2913 743 2970 studia
766 2912 847 2984 vidit,
870 2913 956 2970 eham
976 2923 1156 2972 recusantem
1177 2916 1331 2974 convertit:
1359 2914 1438 2988 Quid
1456 2932 1483 2970 se

434 3022 493 3104 iarn
515 3039 611 3077 senem
633 3037 668 3076 ao
688 3019 869 3097 perfunctum
884 3020 1032 3077 laboribus
1054 3019 1245 3096 laborumque
1265 3021 1390 3096 praemiis
1410 3020 1483 3078 solli·

435 3125 577 3184 citarent?
618 3126 682 3184 Nec
704 3125 832 3202 corporis
854 3145 907 3184 nec
929 3126 1017 3184 animi
1038 3127 1168 3202 vigorem
1188 3146 1338 3185 remanere
1358 3126 1483 3192 eundem,
1521 3174 1522 3195 ξ

436 3243 465 3292 et
496 3231 643 3290 fortunam
668 3233 762 3308 ipsam
789 3232 897 3302 vereri,
929 3251 966 3288 ne
994 3232 1040 3290 cui
1068 3233 1187 3290 deorum
1207 3234 1298 3290 nimia
1328 3234 1387 3291 iam
1406 3232 1437 3288 in
1457 3250 1484 3288 se

406 3336 681 3410 7et'constantior‚
713 3357 800 3413 quam
826 3337 916 3396 velint
948 3339 1081 3396 humanas
1107 3357 1168 3409 res,
1197 3339 1341 3399 videatur.
1392 3340 1432 3396 Et
1458 3355 1484 3392 se

436 3446 534 3522 gloriae
556 3445 700 3504 seniorum
721 3443 898 3500 succrevisse
922 3454 950 3502 et
976 3444 1014 3500 ad
1036 3462 1118 3502 suam
1141 3444 1264 3520 gloriam
1286 3454 1484 3519 consurgentes

437 3551 510 3608 alios
531 3551 626 3626 latum
648 3549 810 3625 adspicere3
842 3567 896 3606 nec
925 3551 1050 3608 honores
1076 3569 1198 3626 magnos
1225 3549 1390 3608 fortissimis
1420 3549 1485 3606 viris

407 3657 537 3715 8Romae
558 3675 610 3714 uec
631 3629 789 3713 honoribus
810 3655 910 3712 deesse
931 3654 1021 3714 fortes
1042 3657 1129 3717 viros.
1173 3657 1308 3714 Acuebat
1321 3658 1378 3713 hac
1392 3655 1485 3712 mode·

435 3761 546 3820 ratione
567 3762 727 3825 tamiusta
749 3761 861 3832 studia;
884 3780 948 3836 quae
968 3763 1143 3820 verecundia
1169 3762 1263 3838 legum
1286 3761 1487 3837 restinguenda
1521 3814 1522 3817 ,

435 3877 529 3937 ratus,
560 3868 653 3942 legem
681 3867 796 3924 recitari
825 3867 923 3938 iussit,
954 3887 1013 3942 qua
1038 3856 1233 3926 iutra'decem
1254 3887 1346 3925 annos
1367 3868 1486 3924 eunden

405 3973 579 4033 9cousulem
602 3972 757 4030 reficiuon
780 3972 888 4034 liceret.
936 3973 997 4030 Vix
1018 3994 1078 4050 prae
1098 3975 1219 4049 strepitu
1246 3973 1347 4032 audita
1365 3974 1417 4032 lex
1440 3985 1486 4030 est

437 4081 599 4154 tribunique
620 4078 711 4154 plebis
732 4078 803 4134 nihil
823 4078 854 4135 id
874 4078 1071 4154 impedimenti
1091 4079 1219 4138 futurum
1240 4079 1372 4138 aiebant:
1401 4097 1433 4136 se
1454 4077 1486 4134 ad

390 4189 423 4242 10
436 4185 572 4260 populum
594 4186 717 4256 latomo,
752 4186 793 4243 uti
824 4186 936 4261 legibus
968 4186 1136 4244 solveretur.
1183 4185 1222 4242 Et
1254 4185 1302 4242 ille
1323 4185 1443 4260 quidem
1462 4184 1487 4240 in

436 4290 594 4346 recusando
616 4291 779 4366 perstabat,
813 4291 882 4366 quid
904 4310 972 4367 ergo
997 4292 1129 4348 attineret
1151 4291 1231 4366 leges
1251 4290 1330 4361 ferri,
1351 4292 1488 4367 rogitans,
