3392 5084
512 499 589 550 Liber
606 498 653 548 1v.
690 497 735 559 (A.
746 494 962 558 cumas-tat.)
1167 500 1227 558 218

211 683 333 758 popufis,
363 685 403 741 ab
426 701 517 742 cause
544 683 630 740 etiam
660 689 720 740 tam
751 679 881 740 nefanda
906 680 1015 739 beilum
1042 681 1154 740 exorsis
1183 691 1271 744 atrox

212 787 350 850 dimicatio
373 789 512 847 instabat.
558 787 680 862 Itaque,
711 788 748 844 ad
776 805 877 846 curem
905 805 1027 846 summu
1051 805 1148 846 rerum
1170 789 1299 863 quietat

211 893 286 966 plebe
306 894 489 968 tribunisque
508 894 585 959 eius,
614 891 686 950 nibil
706 892 913 950 coutroversiae
937 891 1007 963 tuit,
1040 895 1110 970 quin
1136 895 1270 954 consules

212 1009 369 1058 crearentur
404 1001 447 1058 M.
481 998 631 1075 Geganius
661 998 829 1058 Macerinus
863 997 980 1055 tertium
1017 1006 1046 1056 et
1082 1001 1117 1056 1.
1150 967 1443 1093 ὃοτςίαεέιὲζῗὲζ

212 1104 343 1177 Fidenas3
366 1126 388 1174 a,
406 1105 484 1165 bello
505 1106 602 1176 credo,
624 1106 704 1180 quod
725 1105 828 1162 deinde
849 1104 958 1178 gessit,
978 1104 1166 1179 appellatum.
1211 1108 1300 1170 Hics

211 1211 277 1268 euim
298 1212 410 1287 primus
433 1212 475 1269 cis
496 1211 640 1268 Anienem
661 1227 727 1268 cum
748 1228 817 1286 rege
828 1209 994 1268 Veientium
1016 1211 1144 1268 secundo
1165 1212 1269 1285 proelio

212 1315 344 1387 conflixit,
371 1335 426 1374 nec
454 1317 634 1374 incruentam
661 1315 814 1374 victoriam
837 1315 945 1374 retulit.
992 1315 1091 1373 Maior
1111 1315 1212 1392 itaque
1232 1338 1270 1376 ex

211 1422 312 1479 civibus
335 1422 450 1480 amissis
473 1421 558 1478 doior
569 1439 656 1495 quam
671 1420 771 1478 lmtitia
781 1420 855 1478 fusis
867 1421 999 1508 hostibus
1013 1419 1081 1490 iuit3
1103 1430 1269 1494 attentatus,

211 1536 238 1584 ut
262 1529 291 1584 in
319 1527 441 1604 trepidis
468 1527 570 1597 rebus,
597 1526 767 1583 dictatorem
795 1525 852 1583 dici
876 1527 969 1584 Mam.
994 1527 1148 1586 AEmilium
1164 1528 1270 1610 'iussit

212 1635 237 1690 Is
261 1634 432 1708 magistrum
461 1633 589 1708 equitum
619 1651 656 1690 ex
685 1631 809 1706 collegio
839 1630 947 1706 prioris
977 1632 1062 1700 anui,
1094 1652 1152 1708 quo
1183 1633 1299 1694 simult

212 1739 308 1802 tribuni
328 1739 453 1796 militum
476 1737 620 1797 consulari
643 1743 788 1812 potestate
811 1735 938 1806 fueraut,
958 1737 994 1795 1..
1011 1737 1177 1811 Quinctium
1199 1737 1268 1796 cin-

212 1845 363 1916 cinnatum,
392 1845 512 1920 dignum
541 1851 662 1918 parente
689 1842 837 1911 iuvenem,
863 1841 946 1898 dixit.
1000 1842 1051 1900 Ad
1078 1844 1219 1902 delectum
1249 1866 1268 1903 a
1283 1848 1320 1904 to

213 1951 367 2008 consulibus
389 1949 522 2007 hobitum
549 1948 732 2006 centuriones
758 1956 870 2004 veteres
898 1947 966 2006 belli
992 1948 1077 2022 periti
1106 1949 1212 2007 adiecti
1239 1959 1269 2009 et
1316 1930 1319 1935 ⁴

213 2073 338 2114 numerus
360 2056 535 2113 amissorum
557 2053 693 2130 proximu
713 2071 813 2128 pugna
834 2052 977 2127 expictus.
1021 2055 1149 2129 Legatos
1160 2057 1267 2130 Quinc·

213 2163 276 2219 tium
298 2159 495 2237 Capitolinum
519 2169 548 2218 et
569 2161 612 2216 M.
634 2158 759 2216 Fabium
782 2157 961 2216 Vibulanum
986 2160 1070 2233 sequi
1089 2179 1123 2216 se
1144 2160 1269 2220 dictator

213 2267 292 2324 iussit.
339 2266 437 2340 Quum
467 2274 598 2342 potestas
625 2264 720 2322 maior
749 2272 810 2321 tnm
840 2264 886 2322 vir
917 2282 1034 2340 quoque
1054 2267 1192 2339 potestati
1213 2285 1269 2341 par
1284 2273 1317 2326 tt

214 2372 301 2429 hostes
319 2389 356 2429 ox
380 2389 452 2446 agro
473 2369 609 2430 Romano
629 2377 712 2426 mens
733 2369 878 2428 Anienem
899 2389 1097 2444 summovere3
1122 2370 1269 2447 collesque

213 2476 277 2534 iuter
295 2477 423 2534 Fidenas
445 2483 534 2551 atque
558 2474 701 2533 Anienem
727 2483 880 2550 oeperunt,
902 2474 1058 2533 referentes
1080 2484 1194 2548 castro,
1215 2495 1269 2536 uec

215 2590 271 2638 onte
289 2583 317 2640 in
339 2599 459 2657 campos
481 2580 612 2655 degressi
632 2589 715 2650 suut,
743 2598 830 2654 quam
855 2580 984 2654 legiones
1006 2581 1115 2638 auxilio
1136 2583 1268 2641 Falisco-
1290 2621 1295 2632 ·

215 2704 268 2743 mm
286 2697 435 2746 venerunt.
481 2687 559 2744 Tum
582 2685 698 2744 demum
720 2693 816 2743 castra
841 2686 1032 2743 Etruscorum
1049 2706 1104 2761 pro
1125 2689 1269 2746 moenibus
1284 2690 1319 2745 12

215 2789 376 2850 Fidenarum
398 2791 505 2866 posita.
539 2793 579 2850 Et
600 2792 725 2849 dictator
745 2792 897 2848 Romanus
918 2789 997 2846 haud
1018 2793 1121 2864 procul
1140 2793 1208 2850 inde
1230 2795 1268 2851 ad

216 2899 375 2955 confluentes
398 2897 530 2956 consedit
550 2897 580 2952 in
601 2897 751 2970 utriusque
772 2895 842 2970 ripis
865 2895 968 2965 amnis,
992 2912 1051 2969 qun
1070 2899 1153 2972 sequi
1175 2900 1268 2956 muni·

216 3010 300 3059 meuto
318 3011 443 3078 poterat,
464 3001 545 3058 vallo
565 2984 747 3076 interposito.
781 3003 905 3060 Postero
928 2999 975 3057 die
992 3001 1024 3058 iu
1044 3003 1136 3060 aciem
1158 3004 1267 3065 eduxit.

217 3102 284 3160 Ioter
301 3087 399 3164 bootes
422 3107 511 3164 varim
531 3105 613 3164 fuere
634 3107 790 3164 sententiae.
834 3107 977 3177 Faliscus,
999 3109 1102 3181 procul
1122 3110 1162 3165 ab
1180 3109 1268 3166 domo
1319 3098 1362 3167 18

217 3209 332 3268 militiam
359 3213 437 3287 rs'gre
464 3213 580 3287 patiens
608 3214 737 3287 setisque
766 3213 858 3269 fidens
881 3213 951 3283 sibi,
979 3231 1101 3287 poscere
1121 3231 1268 3289 pugnem3

217 3313 317 3373 Veienti
338 3317 532 3391 Fidenatique
552 3317 618 3392 plus
638 3317 701 3392 spei
722 3318 751 3373 in
774 3317 916 3373 trahendo
937 3317 1014 3374 bello
1036 3335 1109 3374 esse.
1147 3317 1299 3376 Tolum-2

218 3419 284 3492 ttius,
309 3441 476 3497 quanquam
503 3439 621 3479 suorum
643 3423 737 3497 megia
757 3422 914 3496 placebant
934 3423 1072 3493 consilia,
1098 3442 1135 3480 ne
1155 3423 1267 3498 longin-

221 3541 293 3597 quam
311 3527 440 3586 militiam
467 3545 525 3584 nou
546 3535 716 3602 paterentur
735 3527 871 3596 Falisci..
886 3537 1005 3602 postero
1032 3528 1079 3584 die
1102 3547 1135 3586 se
1153 3547 1267 3608 pugne·

220 3639 299 3690 turum
320 3633 414 3690 edicit.
459 3631 604 3693 Dictatori
619 3651 654 3689 ac
665 3632 815 3702 Romanis,
838 3633 915 3715 quod
932 3633 1120 3692 detrectasset
1137 3636 1297 3709 pugnamd

221 3733 311 3810 honis,
341 3736 430 3795 animi
452 3755 616 3802 accessere:
643 3746 819 3812 posteroque
840 3737 902 3808 die,
931 3739 989 3795 iam
1011 3739 1150 3796 militibus
1171 3748 1269 3798 castra

223 3841 362 3918 urbemque
383 3861 417 3899 se
438 3852 656 3917 oppugnaturos
679 3841 884 3912 trementibus,
913 3843 944 3900 ni
970 3844 1057 3919 eopia
1082 3862 1187 3920 pugna
1207 3846 1269 3915 fiat,

223 3947 337 4023 utrinque
361 3948 439 4006 acics
468 3948 544 4005 inter
567 3949 637 4006 bina
664 3957 762 4006 cestra
781 3949 812 4004 iu
832 3949 960 4006 medium
982 3951 1079 4025 campi
1099 3952 1269 4026 procedunt.

225 4047 327 4124 Veiens,
354 4053 538 4112 multitudiue
564 4055 732 4124 abundans,
766 4053 816 4128 qui
836 4053 913 4110 inter
935 4055 1149 4114 dimicationem
1171 4062 1299 4116 castrat

225 4152 338 4218 &mana
352 4160 589 4234 aggrederentur,
610 4167 804 4233 postmontes
819 4159 1015 4222 circummisit.
1058 4161 1160 4217 Trium
1175 4178 1268 4235 popu-

226 4253 301 4319 luum
322 4265 464 4324 exercitus
485 4264 529 4322 ita
548 4264 626 4320 stetit
639 4263 806 4334 instruetur,
830 4273 863 4320 ut
872 4263 1007 4322 dextrum
1018 4282 1109 4322 cornu
1121 4265 1270 4334 Veientes,
