3392 5084
462 503 521 560 240
719 500 797 549 Liber
814 501 864 548 [v.
900 474 1181 562 (annuas-ses.)

383 739 390 752 ,
419 701 485 760 spes
505 702 583 740 vana
610 682 796 760 expugnandi
823 689 921 740 castra
950 702 985 743 eo
1015 683 1170 754 traxisset,
1199 686 1355 760 repentino
1380 687 1482 762 impetu

419 790 586 864 AEquornm
608 807 661 864 per
683 789 815 864 supinam
844 788 950 846 vellem
977 787 1036 846 fusi
1062 798 1146 858 sunt,
1174 788 1318 864 multique
1348 791 1380 849 in
1407 791 1483 849 ruius

390 892 531 952 timaiore
556 913 642 969 quam
664 893 736 969 fuga
765 893 897 970 oppressi
927 892 1164 968 obtruncatique;
1194 905 1353 969 saeuaque
1380 914 1417 952 eo
1443 896 1483 952 die

420 1018 496 1074 agra
517 1007 646 1071 retenta,
673 1009 790 1075 postero
814 998 879 1068 die,
907 997 1088 1056 circumfusis
1118 999 1178 1056 iam
1205 1017 1316 1074 magne
1343 1019 1383 1058 ex
1408 1010 1483 1076 parte

420 1105 566 1176 hostibus,
593 1125 646 1180 per
672 1121 806 1161 aversam
828 1114 944 1180 portam
966 1103 1039 1178 fuge
1061 1103 1140 1178 turpi
1160 1104 1343 1166 deseruntur.
1393 1106 1483 1162 Duces

419 1212 574 1286 legatique,
596 1220 625 1268 et
645 1211 725 1284 quod
743 1206 820 1266 circa'
831 1209 917 1284 signu
928 1208 1091 1266 roborisde
1102 1208 1307 1280 exercitufuit,
1330 1209 1484 1268 Tusculum

391 1316 544 1392 7petiere3
570 1314 662 1390 palati
684 1314 733 1371 alii
754 1333 808 1390 per
828 1333 917 1389 agros
937 1315 1046 1389 passim
1067 1314 1165 1372 multis
1186 1314 1341 1372 itineribus
1362 1315 1484 1383 maioris,
1528 1375 1530 1388 ,

390 1425 508 1499 Squam
531 1429 657 1495 accepta¹
676 1429 751 1492 erat,
770 1419 862 1476 cladis
883 1420 975 1478 nuntii
990 1421 1116 1478 Romam
1137 1420 1362 1479 contenderunt.
1394 1418 1484 1475 Minus
1529 1401 1530 1406 ἵ

377 1518 621 1604 ·'.tr'epidationis
653 1525 722 1596 fuit,
755 1526 835 1600 quod
865 1533 985 1581 eventus
1016 1523 1113 1582 umori
1144 1505 1296 1583 hominum
1327 1543 1485 1600 congruens

419 1634 532 1704 iuerat,
555 1640 584 1690 et
605 1631 684 1705 qnod
706 1629 854 1700 subsidia,
876 1649 940 1703 quae
961 1629 1138 1704 respicerent
1156 1630 1188 1688 iu
1207 1649 1241 1686 re
1262 1631 1399 1706 trepida,
1419 1649 1484 1705 prae·
1529 1692 1530 1708 ἶ

389 1742 526 1815 9paruta
547 1744 630 1794 erant
650 1735 688 1792 ab
702 1733 817 1792 tribuno
835 1733 968 1794 militum.
1001 1726 1286 1809 Iussunueeinsdem
1298 1756 1355 1811 per
1366 1736 1484 1794 minores
1529 1807 1530 1818 ἵ

421 1844 608 1918 magistratus
627 1841 729 1897 sedatu
740 1839 781 1919 ¹iu
797 1839 869 1896 urbe
887 1840 1022 1911 tumultu,
1042 1828 1241 1916 speculaturos
1261 1860 1393 1916 propere
1414 1843 1486 1900 missi
1522 1903 1530 1915 „

420 1947 603 2016 nuntiavere,
633 1943 754 2002 Tusculi
779 1943 867 2002 duces
882 1944 1113 2019 'exercitumque
1142 1963 1221 2015 esse,
1253 1946 1374 2005 hostem
1396 1958 1485 2005 castra
1529 1929 1530 1936 ἵ

373 2059 407 2113 10
419 2053 484 2110 loco
503 2069 562 2108 non
576 2050 712 2108 movisse.
755 2049 804 2119 Et,
826 2049 904 2122 quod
917 2050 1072 2124 plurimum
1084 2050 1248 2107 animorum
1263 2050 1346 2124 fecit,
1368 2054 1486 2111 dictator

420 2178 458 2216 ex
487 2167 604 2216 senatus
635 2155 767 2213 consulto
798 2153 892 2212 dietus
920 2153 957 2228 Q.
980 2153 1121 2213 Servilius
1145 2155 1287 2228 Priscus,
1318 2157 1383 2228 vir,
1412 2159 1485 2217 cuius

419 2263 632 2340 providentiam
658 2262 688 2318 in
719 2279 751 2318 re
779 2259 897 2334 publica
922 2270 1012 2334 quum
1041 2260 1139 2318 multis
1172 2260 1236 2318 aliis
1266 2265 1485 2338 tempestatibus

420 2373 487 2426 ente
515 2375 637 2444 experta
663 2366 766 2424 civitas
796 2375 860 2422 erat
892 2375 953 2422 tum
980 2376 1086 2422 eventu
1115 2366 1177 2423 eius
1211 2365 1295 2437 belli,
1331 2367 1415 2441 quod
1443 2368 1486 2424 uni

419 2485 565 2533 certarnen
587 2473 767 2530 tribunorum
791 2468 958 2544 suspectum
980 2478 1047 2527 ante
1068 2490 1130 2528 rem
1153 2470 1230 2528 male
1245 2466 1364 2546 gestam
1386 2471 1483 2531 iuerat

370 2583 403 2636 tl
419 2578 562 2652 Magistro
584 2576 713 2650 equitum
734 2584 848 2644 creato,
870 2593 891 2631 a
912 2592 970 2648 quo
992 2575 1056 2649 ipse
1076 2576 1194 2634 tribuno
1218 2576 1345 2636 militum
1367 2579 1485 2636 dictator
1529 2555 1530 2570 l

419 2692 482 2766 erat
503 2682 611 2750 dictus,
632 2681 691 2738 filio
713 2699 766 2738 suo
791 2679 1004 2754 (ut'tradidere
1026 2681 1163 2756 quidam
1192 2701 1262 2738 nam
1284 2681 1337 2740 alii
1360 2685 1484 2742 Ahalam

369 2792 405 2848 12
420 2787 574 2846 Servilium
597 2787 765 2861 magistrum
788 2785 918 2860 equitum
939 2803 975 2841 eo
1002 2804 1080 2842 anno
1108 2785 1200 2844 fuisse
1225 2787 1387 2861 scribunt),
1413 2806 1484 2847 noro
1529 2837 1530 2858 2

418 2893 547 2950 exercitu
565 2891 713 2967 profectus
735 2891 774 2948 ad
795 2890 917 2961 bellum,
946 2890 1062 2961 accitis,
1083 2891 1133 2965 qui
1156 2893 1277 2950 Tusculi
1299 2905 1403 2967 erant,
1431 2896 1484 2952 duo
1528 2875 1530 2886 ⁴

420 2997 509 3054 millia
528 3016 666 3073 passuum
690 2998 727 3055 ab
749 2998 833 3054 hoste
856 2996 952 3052 locum
976 2995 1079 3060 castris
1099 2996 1184 3072 cepit.
1314 2974 1322 2980 κ
1529 3069 1530 3080 ¹

324 3101 366 3168 47
491 3103 674 3160 Transierat
703 3121 740 3159 ex
765 3111 801 3158 're
815 3080 903 3158 vbene
929 3106 1015 3175 gesta
1034 3103 1173 3176 superbia
1192 3103 1432 3181 negligentiaque
1450 3103 1484 3161 sd
1529 3087 1530 3094 ἵ

390 3209 546 3283 2AEquos,
568 3227 633 3283 quae
653 3209 684 3264 in
705 3206 846 3265 Romanis
867 3205 989 3264 ducibus
1009 3205 1114 3270 iuerat.
1150 3209 1258 3283 Itaque
1270 3211 1369 3285 primo
1391 3210 1484 3269 stetim
1528 3273 1530 3284 ,

419 3314 521 3388 proelio
545 3333 632 3388 quum
655 3313 780 3371 dictator
805 3310 936 3386 equitatu
964 3296 1094 3370 immisso
1125 3314 1333 3393 antesignanos
1359 3316 1483 3374 hostium

418 3420 573 3489 turbasset,
596 3417 741 3495 legionum
756 3418 824 3475 inde
837 3417 922 3491 signa
938 3416 1041 3473 inferri
1051 3437 1176 3494 propere
1189 3418 1283 3490 iussit,
1302 3421 1482 3496 signiferum·

388 3529 475 3599 bque
496 3544 534 3582 ex
555 3527 614 3582 suis
637 3543 725 3581 unum
748 3531 930 3581 cunctantem
952 3520 1066 3581 occidit.
1110 3525 1224 3581 Tantus
1242 3526 1333 3608 arnor
1349 3529 1390 3584 ad
1404 3526 1482 3584 dimi·
1528 3589 1530 3610 ,

418 3629 543 3686 candum
564 3629 627 3700 fnit,
650 3639 681 3686 ut
701 3630 840 3703 impetum
852 3626 1014 3701 AEquinon
1026 3627 1305 3704 tulerint;·victique
1319 3632 1384 3690 acie
1398 3651 1482 3708 quum
1528 3703 1530 3727 ,

418 3733 490 3808 fuga
511 3731 604 3790 effusa
624 3734 763 3809 petissent
783 3743 889 3804 castra,
910 3732 1027 3790 brevior
1036 3727 1167 3809 tempore
1178 3743 1207 3791 et
1217 3737 1380 3794 certamine
1392 3737 1482 3795 minor

388 3845 580 3899 tcastrorum
594 3838 773 3914 oppugnatio
795 3837 859 3909 init,
881 3837 1228 3913 quamprneliumfuerat.
1272 3840 1378 3917 Captis
1390 3842 1482 3917 direp-
1528 3877 1530 3886 ·

418 3941 513 4015 tisque
535 3943 647 4014 castris,
670 3962 758 4018 quum
780 3943 910 4017 praedem
924 3943 1049 4001 dictator
1063 3943 1147 4000 militi
1157 3948 1358 4019 concessisset,
1380 3928 1483 4006 secum

419 4065 475 4120 que
496 4046 653 4123 fugientem
676 4065 713 4105 ex
734 4048 837 4106 castris
858 4050 973 4106 hostem
995 4048 1106 4123 equites
1126 4051 1356 4125 renuntiassent,
1384 4071 1482 4112 omnes

418 4153 583 4211 Lauicanos
605 4153 715 4223 victos,
745 4172 882 4228 magnam
908 4163 1021 4232 partem
1042 4156 1210 4229 AEquornm
1233 4159 1362 4218 Larisos
1383 4159 1479 4218 nonin·

387 4257 509 4331 tgisse,
540 4267 658 4332 postero
690 4257 736 4314 die
763 4259 801 4316 ad
828 4259 953 4318 Luricos
980 4261 1084 4318 ductus
1112 4263 1256 4322 exaratus
1286 4265 1480 4341 oppidumque
