3392 5084
536 572 927 636 mmmmm
1160 579 1213 636 m

209 758 274 827 eius,
295 777 347 834 pro
370 774 428 830 quo
450 758 565 833 egebat,
586 776 688 828 oausam
709 759 761 816 aed
783 759 948 835 Verginius,
969 760 1015 817 aui
1035 759 1132 836 potina
1153 768 1186 818 ut
1205 760 1260 818 mi·

211 873 373 935 sererentur,
396 863 509 934 orabat,
537 863 676 939 filiaeque,
704 883 757 923 nee
786 864 880 940 gentis
902 863 1046 936 Claudiae,
1081 883 1202 942 regnum
1229 866 1259 923 in

209 969 315 1044 plebem
336 969 455 1039 sertim,
477 969 528 1026 sed
549 969 776 1028 necessariorum
792 969 947 1045 Verginiae,
968 971 1054 1028 trium
1068 971 1259 1040 tribunorum,

200 1091 302 1147 'preoee
318 1075 460 1144 audirent,
482 1075 540 1150 qui,
562 1075 600 1133 ad
615 1073 753 1132 auxilium
768 1074 861 1149 plebis
884 1077 983 1147 ereeti,
1002 1077 1059 1152 ipsi
1069 1077 1162 1154 plebis
1172 1077 1258 1134 fldem

209 1191 290 1254 atque
311 1180 450 1238 auxilium
465 1180 662 1256 implorarent.
707 1181 846 1240 laetiores
865 1184 910 1239 hee
931 1182 1057 1241 lauriana
1077 1183 1292 1242 videbantur.6

210 1288 305 1362 ltaque
337 1305 389 1364 spe
411 1287 516 1358 ineisa,
547 1287 715 1364 priusquam
738 1287 872 1364 prodicta
893 1288 955 1346 dies
984 1289 1114 1359 adesset,
1141 1269 1258 1364 Appius

209 1407 321 1454 mortem
344 1394 400 1452 sibi
420 1394 578 1454 conscivit*
1152 1463 1156 1472 Ι
1191 1455 1197 1469 ⁸

284 1501 413 1560 Subinde
437 1509 569 1576 arreptus
591 1521 610 1558 e
631 1503 667 1560 P.
689 1500 856 1558 Numitorio
877 1501 929 1576 Sp.
952 1499 1080 1576 Oppios,
1108 1494 1290 1574 proximus?

209 1607 322 1678 nudie,
345 1609 423 1682 quod
445 1607 474 1664 in
495 1608 567 1664 urbe
586 1605 690 1677 fueret,
713 1624 800 1680 quum
821 1607 934 1664 iniuste
954 1604 1087 1663 vindiciae
1107 1622 1126 1660 a
1147 1602 1260 1678 college

209 1713 371 1774 dicerentur.
422 1713 493 1770 Plus
519 1723 616 1772 tamen
646 1711 725 1770 facte
753 1712 859 1770 iniuria
879 1711 977 1788 Oppio
1000 1728 1088 1786 quem
1110 1727 1170 1766 non
1191 1702 1291 1784 pro-8

210 1819 292 1876 libita
311 1819 428 1877 invidie
450 1817 526 1879 feeit.
573 1819 671 1878 Testis
692 1818 865 1896 productus,
887 1819 952 1894 qui,
973 1826 1084 1894 septem
1105 1823 1134 1871 et
1156 1812 1259 1889 viginti

210 1926 374 1984 enumeratis
400 1925 567 2000 stipendiis,
597 1925 687 1988 octies
714 1933 797 1983 extra
817 1925 948 1983 ordinem
970 1924 1094 1981 donatm
1124 1920 1259 1995 donaque

211 2049 240 2085 ea
258 2049 359 2106 gerens
380 2031 409 2086 in
432 2041 587 2107 conspeetu
609 2031 719 2108 populi,
741 2031 832 2089 scissa
853 2041 944 2102 veste,
964 2039 1077 2106 tergum
1098 2027 1257 2085 laceratum

212 2137 289 2210 virgis
310 2137 444 2208 ostendit,
465 2136 584 2196 nihilum
607 2138 774 2214 deprecans,
797 2137 921 2213 quinti
943 2155 1030 2212 quern
1046 2153 1128 2192 suem
1149 2151 1258 2192 noxam

213 2261 267 2298 reus
294 2242 389 2300 dicere
418 2254 527 2318 posset,
555 2242 685 2318 privatus
717 2245 820 2302 iterum
853 2243 884 2300 in
913 2261 945 2300 ee
976 2241 1099 2298 seviret.
1144 2237 1289 2315 Oppius9

213 2365 315 2423 quoqne
337 2349 440 2407 duetus
459 2348 488 2404 in
511 2349 626 2406 vincula
648 2358 706 2421 est,
733 2359 762 2408 et
786 2359 855 2408 ante
882 2347 981 2406 iudieii
1006 2346 1082 2403 diem
1110 2347 1196 2404 linem
1216 2345 1257 2402 ibi

213 2455 268 2511 ritae
287 2455 363 2513 feeit.
411 2455 496 2511 Bone
518 2452 633 2514 Claudii
654 2455 800 2532 Oppiique
820 2455 926 2514 tribuni
951 2453 1146 2531 publicavere.
1189 2451 1257 2510 Col·

214 2559 272 2634 legae
303 2580 401 2619 eorum
432 2561 530 2619 ‘exsilii
562 2579 652 2620 eausa
685 2563 778 2621 solum
808 2570 972 2633 verterunt;
1004 2561 1082 2618 bone
1111 2550 1274 2641 publicata¹

215 2676 276 2726 sunt.
318 2668 357 2724 Et
377 2669 418 2728 M.
430 2668 578 2740 Claudius,
600 2677 728 2726 assertor
751 2668 908 2744 Verginiae,
929 2667 976 2724 die
997 2666 1074 2724 dieta
1095 2666 1258 2737 damnatus,
1273 2657 1310 2712 ¹⁰

216 2769 267 2842 ipso
297 2773 456 2831 remittente
480 2772 619 2849 Verginio
656 2773 786 2832 ultimam
823 2793 957 2849 poenam,
994 2772 1128 2830 dimissus
1163 2773 1259 2831 Tibur

218 2880 362 2936 exsulatum
399 2858 484 2948 abiit,
517 2896 675 2953 manesque
708 2879 870 2954 Verginiae,
906 2889 1027 2938 mortun
1062 2897 1150 2952 quam
1183 2877 1257 2935 vivae
1272 2871 1304 2926 Η

218 2979 349 3056 felicioris,
381 3003 434 3060 per
464 2995 509 3042 tot
537 2986 639 3042 domos
669 2985 706 3041 ad
734 2987 873 3060 petendas
895 3003 996 3062 poenes
1027 2985 1142 3059 vagati,
1178 2984 1257 3042 nullo

217 3088 301 3145 relicto
321 3100 412 3161 sonte,
436 3091 553 3148 leudem
576 3090 753 3166 quieverunt.

285 3195 388 3272 Ingens
411 3206 504 3254 metus
525 3197 681 3254 incesserat
703 3207 810 3272 patres,
838 3196 992 3271 vultusque
1019 3195 1077 3252 iam
1099 3193 1185 3250 iidem
1206 3194 1257 3251 tri·
1305 3180 1351 3248 59

218 3297 341 3359 bunomm
364 3312 461 3373 erant,
484 3301 534 3377 qui
555 3300 782 3359 decemvirorum
804 3299 935 3373 fuerant,
958 3319 1045 3376 quum
1065 3301 1106 3357 M.
1129 3299 1256 3357 Duillius

218 3406 330 3464 tribunus
350 3409 453 3483 plebis,
474 3408 594 3466 inhibito
617 3407 770 3464 salubriter
792 3408 880 3464 modo
901 3407 995 3464 nimiae
1024 3406 1175 3481 potestati,
1199 3399 1287 3474 „mt

218 3507 357 3570 libertatis“
382 3514 474 3588 inquit
506 3523 631 3582 „nostrae
659 3521 688 3570 et
716 3531 867 3589 poeuarum
891 3533 928 3572 ex
957 3512 1080 3571 inimicis
1100 3513 1171 3569 setis
1199 3521 1256 3582 eat;

220 3613 300 3690 itaque
329 3620 384 3676 hoo
406 3639 483 3678 euno
505 3638 558 3677 neo
581 3620 656 3678 diem
678 3620 734 3678 diei
763 3621 898 3696 ouiquam
928 3637 981 3676 nee
1004 3619 1035 3676 in
1054 3619 1170 3676 vincula
1190 3619 1256 3676 duei

221 3736 373 3798 quemquam
396 3744 460 3783 sum
484 3743 632 3801 passurus.
679 3727 757 3784 Nam
789 3743 883 3800 neque
904 3733 1005 3783 vetere
1024 3734 1145 3799 peecata
1165 3725 1287 3800 repetiss

221 3824 265 3883 iam
284 3831 445 3890 oblitterato
466 3831 570 3906 planet,
601 3849 688 3906 quum
710 3851 788 3889 nova
809 3810 927 3908 expieta
948 3832 1005 3889 sint
1027 3832 1256 3889 decemvirorum

213 3934 360 4020 suppliciis,
382 3947 411 3994 et
432 3937 503 3994 nihil
524 3938 680 3996 admissum
705 3937 757 4008 in',
782 3938 862 4013 quod
884 3937 943 3996 vim
964 3937 1146 3996 tribuniciam
1180 3937 1256 3996 dasi-

222 4035 292 4110 deret,
312 4045 434 4118 spondet
454 4044 764 4140 perpetuepoonsulum
780 4017 938 4102 amborum
960 4044 991 4101 in
1005 4044 1138 4111 libertate
1159 4055 1256 4102 vestre

223 4146 308 4204 tuende
324 4155 421 4207 oure.“
469 4149 515 4208 Ea
535 4149 659 4225 primum
682 4149 843 4206 moderatio
866 4150 973 4209 tribuni
993 4160 1101 4208 metum
1124 4151 1285 4226 petribunt

223 4246 332 4326 dempsit,
353 4256 515 4330 eademque
537 4255 619 4314 auxit
640 4254 789 4312 consulum
811 4253 966 4325 invidiam,
995 4255 1074 4330 quod
1103 4256 1178 4313 odeo
1201 4257 1255 4313 toti

222 4353 293 4423 plebis
321 4359 454 4427 fuissent,
488 4371 520 4418 ut
547 4371 662 4437 patrum
691 4361 792 4418 salutis
813 4359 1012 4436 libertatisque
1040 4361 1122 4436 prior
1141 4363 1255 4439 plebeio
