3392 5084
795 1561 983 1641 LIBER
1017 1561 1117 1643 Vll.
1175 1633 1186 1650 ,

335 1869 352 1938 l
428 1859 538 1950 Annus
558 1893 607 1950 hic
628 1893 680 1950 erit
700 1892 821 1967 insignis
842 1893 912 1950 novi
933 1888 1057 1949 hominis
1079 1889 1242 1962 consulatu,
1267 1892 1397 1969 insignis
1418 1893 1492 1950 novis
1525 1903 1526 1910 ¹

427 2000 541 2057 duobus
570 1998 804 2072 magistratibus,
833 2003 962 2073 praetura
995 2005 1024 2053 et
1051 1995 1143 2053 curuli
1173 1996 1329 2068 aedilitate3
1361 2001 1419 2056 hos
1447 1999 1494 2055 sibi

426 2105 542 2182 patricii
564 2105 724 2180 quaesivere
744 2105 870 2160 honores
888 2121 942 2178 pro
964 2119 1101 2160 concesso
1123 2101 1201 2176 plebi
1224 2103 1321 2162 eltero
1337 2105 1493 2162 consulem
1525 2113 1526 2120 ¹

397 2212 533 2275 2Plebes
553 2209 736 2270 consulatum
759 2209 795 2265 L.
818 2207 934 2280 Sextio,
967 2207 1048 2266 cuius
1076 2207 1140 2284 lege
1167 2218 1272 2283 pertus
1296 2219 1377 2280 eret,
1410 2210 1495 2282 dedit;
1525 2225 1526 2250 ³

179 2308 185 2323 ¹
254 2326 284 2372 rt.
293 2339 318 2371 u.
327 2328 414 2372 essa.
426 2325 525 2392 patres
551 2325 707 2392 praeturam
738 2314 789 2390 Sp.
812 2315 904 2372 Furio
931 2315 974 2376 M.
996 2313 1056 2371 filio
1078 2311 1212 2383 Camillo,
1243 2313 1420 2372 aedilitatem
1450 2313 1496 2371 Cn
1525 2353 1526 2356 =

252 2391 413 2446 A'⁰h⁰³⁶⁶’
428 2421 563 2495 Quinctio
586 2421 750 2498 Capitolino
773 2431 802 2477 et
825 2421 860 2477 P.
884 2419 1018 2478 Cornelio
1047 2417 1190 2494 Scipioni,
1217 2438 1340 2477 suarum
1371 2421 1496 2495 gentium

427 2527 508 2598 viris,
536 2529 633 2603 gretia
656 2526 811 2601 campestri
834 2534 980 2602 ceperunt.
1030 2526 1065 2583 L.
1086 2523 1187 2584 Sextio
1209 2525 1326 2600 collega
1349 2545 1388 2583 ex
1411 2526 1494 2602 petri·
1525 2536 1526 2568 ῑ

397 2633 481 2690 3bus
509 2634 595 2691 datus
623 2634 659 2693 L.
685 2631 824 2689 AEmilius
853 2630 1058 2688 Mamercinus.
1111 2629 1261 2706 Principio
1296 2631 1369 2688 anni
1404 2643 1436 2689 et
1465 2631 1495 2686 de
1525 2643 1526 2673 1

427 2737 530 2810 Gallis,
553 2758 626 2814 quos
648 2739 742 2814 primo
763 2738 879 2813 palatos
900 2757 954 2813 per
975 2735 1114 2812 Apuliam
1137 2737 1311 2811 congregari
1334 2737 1398 2794 iam
1420 2737 1493 2795 fame

397 2843 499 2913 leret,
520 2841 605 2900 etde
625 2845 818 2903 Hernicorum
841 2842 1004 2900 defectione
1034 2841 1146 2916 agitate
1167 2841 1287 2900 mentio.
1339 2843 1442 2917 Quum
1464 2843 1493 2898 de
1525 2853 1526 2860 ¹

426 2946 568 3005 industria
599 2949 713 3020 omnia,
744 2969 782 3006 ne
810 2949 881 3024 quid
911 2969 964 3026 per
992 2947 1136 3024 plebeium
1169 2946 1319 3005 consulem
1351 2961 1493 3025 ageretur,
1525 2955 1526 3022 l

426 3051 633 3127 proferrentur,
654 3054 798 3112 silentium
820 3055 949 3113 omnium
969 3073 1065 3112 rerum
1096 3071 1131 3110 ec
1152 3052 1263 3109 iustitio
1285 3054 1383 3111 simile
1407 3056 1492 3112 otium
1525 3063 1526 3090 l

396 3157 490 3228 osuit,
510 3159 566 3216 nisi
592 3161 685 3235 quod,
716 3179 775 3217 non
807 3161 983 3236 patientibus
1012 3159 1131 3217 tacitum
1161 3160 1303 3230 tribunis,
1339 3163 1423 3235 quod
1443 3179 1492 3236 pro
1525 3147 1526 3204 l

426 3266 543 3322 consule
564 3285 623 3323 uno
644 3266 757 3341 plebeio
780 3277 839 3323 tres
861 3266 998 3342 patricios
1028 3265 1215 3340 magistratus
1242 3267 1394 3324 curulibus
1418 3267 1491 3324 sellis
1525 3273 1526 3314 l

425 3380 612 3447 praetextatos
640 3382 780 3446 tanquam
813 3373 946 3431 consules
976 3372 1107 3430 sedentes
1137 3371 1275 3428 nobilitas
1308 3373 1367 3429 sibi
1394 3392 1491 3448 sump-

396 3477 518 3548 osisset‚
551 3488 703 3553 praetorem
737 3478 854 3552 quidem
884 3480 970 3537 etiem
1002 3479 1067 3536 iura
1094 3473 1263 3534 reddentem
1295 3487 1325 3536 et
1350 3479 1489 3554 collegam

426 3583 590 3641 consulibus
621 3594 710 3657 atque
735 3583 836 3641 iisdem
866 3583 1002 3659 auspiciis
1032 3591 1175 3654 orantum,
1213 3585 1393 3643 verecundia
1427 3585 1491 3641 inde

426 3689 563 3764 imposita
584 3699 628 3747 est
648 3690 760 3746 senatui
783 3708 820 3746 ex
840 3692 971 3766 patribus
993 3689 1110 3747 iubendi
1133 3689 1228 3746 ediles
1251 3690 1368 3747 curules
1390 3689 1489 3747 creari

427 3795 537 3864 Primo,
558 3804 591 3851 ut
612 3795 730 3853 alternis
751 3796 834 3852 annis
858 3817 895 3854 ex
915 3796 1000 3872 plebe
1019 3797 1134 3866 fierent,
1165 3805 1357 3865 convenerat3
1388 3805 1490 3871 postea

426 3901 621 3975 promiscuum
643 3900 707 3966 fuir,

369 4064 371 4068 Α
397 4011 411 4063 7
510 4007 582 4064 Inde
613 4007 647 4066 L.
671 4005 803 4064 Genucio
829 4019 858 4067 et
879 4009 917 4083 Q.
949 4007 1071 4068 Servilio
1094 4004 1275 4076 consulibus,
1305 4015 1335 4062 et
1357 4007 1395 4063 ab
1416 4005 1488 4062 sedi·

254 4080 415 4208 iffi&
428 4112 507 4170 tione
527 4122 556 4169 et
578 4131 597 4169 a
616 4112 692 4170 bello
716 4114 819 4188 quietis
840 4116 936 4186 rebus,
957 4133 994 4172 ne
1016 4113 1132 4188 quando
1155 4131 1173 4168 a
1194 4121 1273 4169 metu
1298 4130 1334 4168 ac
1355 4109 1486 4188 periculis

397 4227 574 4287 svacerent,
595 4218 759 4292 pestilentia
779 4221 880 4296 ingens
902 4231 975 4279 orta.
1024 4217 1196 4289 Censorem,
1218 4217 1330 4275 aedilem
1353 4217 1487 4281 curulem,

427 4331 484 4378 tres
507 4322 638 4380 tribunos
661 4324 754 4399 plebis
777 4335 907 4384 mortuos
926 4325 1033 4396 ferunt,
1053 4343 1107 4400 pro
1128 4324 1262 4399 portione
1283 4333 1313 4381 et
1336 4343 1375 4380 ex
1395 4321 1486 4380 multi·
