<?xml version="1.0" encoding="UTF-8"?>
<!DOCTYPE html PUBLIC "-//W3C//DTD XHTML 1.0 Transitional//EN"
    "http://www.w3.org/TR/xhtml1/DTD/xhtml1-transitional.dtd">
<html xmlns="http://www.w3.org/1999/xhtml" xml:lang="en" lang="en">
 <head>
  <title>
</title>
<meta http-equiv="Content-Type" content="text/html;charset=utf-8" />
  <meta name='ocr-system' content='tesseract 3.04.00' />
  <meta name='ocr-capabilities' content='ocr_page ocr_carea ocr_par ocr_line ocrx_word'/>
</head>
<body>
  <div class='ocr_page' id='page_1' title='image "./titiliviihistor03ussigoog_0389.png"; bbox 0 0 3392 5084; ppageno 0'>
   <div class='ocr_carea' id='block_1_1' title="bbox 482 508 1200 575">
    <p class='ocr_par' dir='ltr' id='par_1_1' title="bbox 482 508 1200 575">
     <span class='ocr_line' id='line_1_1' title="bbox 482 508 1200 575; baseline -0.004 -11"><span class='ocrx_word' id='word_1_1' title='bbox 482 514 559 565; x_wconf 73' lang='lat' dir='ltr'><strong>siser</strong></span> <span class='ocrx_word' id='word_1_2' title='bbox 571 512 619 561; x_wconf 89' lang='lat' dir='ltr'><strong>vr.</strong></span> <span class='ocrx_word' id='word_1_3' title='bbox 656 508 766 575; x_wconf 66' lang='lat' dir='ltr'><strong>(non.</strong></span> <span class='ocrx_word' id='word_1_4' title='bbox 780 510 941 572; x_wconf 75' lang='lat' dir='ltr'><strong>ess-est.)</strong></span> <span class='ocrx_word' id='word_1_5' title='bbox 1164 512 1200 569; x_wconf 78' lang='lat' dir='ltr'><strong>ts</strong></span> 
     </span>
    </p>
   </div>
   <div class='ocr_carea' id='block_1_2' title="bbox 192 690 1359 4263">
    <p class='ocr_par' dir='ltr' id='par_1_2' title="bbox 192 690 1359 4263">
     <span class='ocr_line' id='line_1_2' title="bbox 192 690 1244 775; baseline -0.006 -16"><span class='ocrx_word' id='word_1_6' title='bbox 192 712 273 772; x_wconf 86' lang='lat' dir='ltr'><strong>esset,</strong></span> <span class='ocrx_word' id='word_1_7' title='bbox 290 702 348 758; x_wconf 83' lang='lat' dir='ltr'><strong>ism</strong></span> <span class='ocrx_word' id='word_1_8' title='bbox 364 699 556 775; x_wconf 89' lang='lat' dir='ltr'><strong>propinquum</strong></span> <span class='ocrx_word' id='word_1_9' title='bbox 572 690 717 755; x_wconf 76' lang='lat' dir='ltr'><strong>certamen</strong></span> <span class='ocrx_word' id='word_1_10' title='bbox 731 695 843 755; x_wconf 81' lang='lat' dir='ltr'><strong>ederet.</strong></span> <span class='ocrx_word' id='word_1_11' title='bbox 885 695 925 753; x_wconf 85' lang='lat' dir='ltr'><strong>Et</strong></span> <span class='ocrx_word' id='word_1_12' title='bbox 939 695 1075 765; x_wconf 77' lang='lat' dir='ltr'><strong>Manlius,</strong></span> <span class='ocrx_word' id='word_1_13' title='bbox 1098 695 1244 753; x_wconf 74' lang='lat' dir='ltr'><strong>sdvocuts</strong></span> 
     </span>
     <span class='ocr_line' id='line_1_3' title="bbox 193 800 1243 882; baseline -0.008 -17"><span class='ocrx_word' id='word_1_14' title='bbox 193 809 303 865; x_wconf 90' lang='lat' dir='ltr'><strong>domum</strong></span> <span class='ocrx_word' id='word_1_15' title='bbox 335 806 436 882; x_wconf 88' lang='lat' dir='ltr'><strong>plebe,</strong></span> <span class='ocrx_word' id='word_1_16' title='bbox 468 822 532 862; x_wconf 86' lang='lat' dir='ltr'><strong>cum</strong></span> <span class='ocrx_word' id='word_1_17' title='bbox 561 802 737 879; x_wconf 87' lang='lat' dir='ltr'><strong>principibus</strong></span> <span class='ocrx_word' id='word_1_18' title='bbox 770 802 970 859; x_wconf 79' lang='lat' dir='ltr'><strong>novandarum</strong></span> <span class='ocrx_word' id='word_1_19' title='bbox 996 820 1093 858; x_wconf 89' lang='lat' dir='ltr'><strong>rerum</strong></span> <span class='ocrx_word' id='word_1_20' title='bbox 1119 800 1243 858; x_wconf 72' lang='lat' dir='ltr'>interdiu</span> 
     </span>
     <span class='ocr_line' id='line_1_4' title="bbox 192 906 1243 987; baseline -0.007 -17"><span class='ocrx_word' id='word_1_21' title='bbox 192 921 331 987; x_wconf 87' lang='lat' dir='ltr'><strong>noctuque</strong></span> <span class='ocrx_word' id='word_1_22' title='bbox 342 912 461 969; x_wconf 80' lang='lat' dir='ltr'><strong>consilis</strong></span> <span class='ocrx_word' id='word_1_23' title='bbox 480 908 582 985; x_wconf 78' lang='lat' dir='ltr'><strong>agitet,</strong></span> <span class='ocrx_word' id='word_1_24' title='bbox 602 908 714 983; x_wconf 81' lang='lat' dir='ltr'><strong>plenior</strong></span> <span class='ocrx_word' id='word_1_25' title='bbox 726 907 875 983; x_wconf 81' lang='lat' dir='ltr'><strong>eliquanto</strong></span> <span class='ocrx_word' id='word_1_26' title='bbox 891 906 1052 965; x_wconf 78' lang='lat' dir='ltr'><strong>animorum</strong></span> <span class='ocrx_word' id='word_1_27' title='bbox 1067 907 1243 981; x_wconf 79' lang='lat' dir='ltr'><strong>irarumque,</strong></span> 
     </span>
     <span class='ocr_line' id='line_1_5' title="bbox 194 1010 1275 1091; baseline -0.008 -16"><span class='ocrx_word' id='word_1_28' title='bbox 194 1037 275 1091; x_wconf 85' lang='lat' dir='ltr'><strong>quam</strong></span> <span class='ocrx_word' id='word_1_29' title='bbox 309 1026 397 1075; x_wconf 63' lang='lat' dir='ltr'><strong>enus</strong></span> <span class='ocrx_word' id='word_1_30' title='bbox 424 1016 529 1075; x_wconf 79' lang='lat' dir='ltr'><strong>fuerat.</strong></span> <span class='ocrx_word' id='word_1_31' title='bbox 587 1015 665 1072; x_wconf 80' lang='lat' dir='ltr'><strong>Iram</strong></span> <span class='ocrx_word' id='word_1_32' title='bbox 697 1014 868 1071; x_wconf 81' lang='lat' dir='ltr'>accenderat</span> <span class='ocrx_word' id='word_1_33' title='bbox 893 1013 1051 1088; x_wconf 82' lang='lat' dir='ltr'><strong>ignominia</strong></span> <span class='ocrx_word' id='word_1_34' title='bbox 1083 1031 1182 1069; x_wconf 88' lang='lat' dir='ltr'><strong>recens</strong></span> <span class='ocrx_word' id='word_1_35' title='bbox 1214 1010 1275 1069; x_wconf 81' lang='lat' dir='ltr'><strong>int</strong></span> 
     </span>
     <span class='ocr_line' id='line_1_6' title="bbox 193 1120 1245 1195; baseline -0.004 -16"><span class='ocrx_word' id='word_1_36' title='bbox 193 1124 284 1181; x_wconf 85' lang='lat' dir='ltr'><strong>enimc</strong></span> <span class='ocrx_word' id='word_1_37' title='bbox 306 1123 343 1180; x_wconf 83' lang='lat' dir='ltr'><strong>ed</strong></span> <span class='ocrx_word' id='word_1_38' title='bbox 375 1121 576 1180; x_wconf 79' lang='lat' dir='ltr'><strong>contumeliam</strong></span> <span class='ocrx_word' id='word_1_39' title='bbox 605 1120 771 1195; x_wconf 86' lang='lat' dir='ltr'><strong>inexperto;</strong></span> <span class='ocrx_word' id='word_1_40' title='bbox 803 1120 920 1195; x_wconf 88' lang='lat' dir='ltr'><strong>spiritns</strong></span> <span class='ocrx_word' id='word_1_41' title='bbox 949 1120 1054 1189; x_wconf 84' lang='lat' dir='ltr'><strong>debet,</strong></span> <span class='ocrx_word' id='word_1_42' title='bbox 1086 1120 1163 1194; x_wconf 89' lang='lat' dir='ltr'><strong>qnod</strong></span> <span class='ocrx_word' id='word_1_43' title='bbox 1192 1136 1245 1176; x_wconf 89' lang='lat' dir='ltr'><strong>nee</strong></span> 
     </span>
     <span class='ocr_line' id='line_1_7' title="bbox 194 1224 1246 1302; baseline -0.004 -17"><span class='ocrx_word' id='word_1_44' title='bbox 194 1247 275 1285; x_wconf 84' lang='lat' dir='ltr'><strong>snsns</strong></span> <span class='ocrx_word' id='word_1_45' title='bbox 299 1240 376 1287; x_wconf 87' lang='lat' dir='ltr'><strong>esset</strong></span> <span class='ocrx_word' id='word_1_46' title='bbox 397 1230 471 1286; x_wconf 91' lang='lat' dir='ltr'><strong>idem</strong></span> <span class='ocrx_word' id='word_1_47' title='bbox 500 1228 530 1284; x_wconf 91' lang='lat' dir='ltr'><strong>in</strong></span> <span class='ocrx_word' id='word_1_48' title='bbox 557 1244 589 1282; x_wconf 92' lang='lat' dir='ltr'><strong>se</strong></span> <span class='ocrx_word' id='word_1_49' title='bbox 609 1226 749 1297; x_wconf 82' lang='lat' dir='ltr'><strong>dictator,</strong></span> <span class='ocrx_word' id='word_1_50' title='bbox 781 1228 860 1301; x_wconf 89' lang='lat' dir='ltr'><strong>qnod</strong></span> <span class='ocrx_word' id='word_1_51' title='bbox 884 1227 914 1283; x_wconf 91' lang='lat' dir='ltr'><strong>in</strong></span> <span class='ocrx_word' id='word_1_52' title='bbox 936 1224 987 1302; x_wconf 89' lang='lat' dir='ltr'><strong>Sp.</strong></span> <span class='ocrx_word' id='word_1_53' title='bbox 1011 1226 1108 1283; x_wconf 80' lang='lat' dir='ltr'><strong>Maelio</strong></span> <span class='ocrx_word' id='word_1_54' title='bbox 1130 1224 1246 1283; x_wconf 89' lang='lat' dir='ltr'><strong>Cincin·</strong></span> 
     </span>
     <span class='ocr_line' id='line_1_8' title="bbox 192 1330 1247 1409; baseline -0.002 -18"><span class='ocrx_word' id='word_1_55' title='bbox 192 1343 272 1392; x_wconf 81' lang='lat' dir='ltr'><strong>ustus</strong></span> <span class='ocrx_word' id='word_1_56' title='bbox 294 1335 445 1409; x_wconf 75' lang='lat' dir='ltr'><strong>Quinctius</strong></span> <span class='ocrx_word' id='word_1_57' title='bbox 466 1332 596 1403; x_wconf 78' lang='lat' dir='ltr'><strong>fecisset,</strong></span> <span class='ocrx_word' id='word_1_58' title='bbox 627 1342 655 1387; x_wconf 89' lang='lat' dir='ltr'><strong>et</strong></span> <span class='ocrx_word' id='word_1_59' title='bbox 675 1330 855 1388; x_wconf 87' lang='lat' dir='ltr'><strong>vinculorum</strong></span> <span class='ocrx_word' id='word_1_60' title='bbox 881 1350 999 1389; x_wconf 87' lang='lat' dir='ltr'><strong>suornm</strong></span> <span class='ocrx_word' id='word_1_61' title='bbox 1026 1332 1164 1389; x_wconf 79' lang='lat' dir='ltr'><strong>invidiam</strong></span> <span class='ocrx_word' id='word_1_62' title='bbox 1188 1350 1247 1389; x_wconf 90' lang='lat' dir='ltr'><strong>non</strong></span> 
     </span>
     <span class='ocr_line' id='line_1_9' title="bbox 194 1436 1247 1513; baseline 0 -18"><span class='ocrx_word' id='word_1_63' title='bbox 194 1440 312 1497; x_wconf 73' lang='lat' dir='ltr'><strong>dictator</strong></span> <span class='ocrx_word' id='word_1_64' title='bbox 334 1440 422 1498; x_wconf 88' lang='lat' dir='ltr'><strong>modo</strong></span> <span class='ocrx_word' id='word_1_65' title='bbox 444 1436 606 1495; x_wconf 78' lang='lat' dir='ltr'><strong>abdicando</strong></span> <span class='ocrx_word' id='word_1_66' title='bbox 635 1436 806 1494; x_wconf 74' lang='lat' dir='ltr'><strong>dictaturam</strong></span> <span class='ocrx_word' id='word_1_67' title='bbox 829 1437 965 1513; x_wconf 77' lang='lat' dir='ltr'><strong>fugisset,</strong></span> <span class='ocrx_word' id='word_1_68' title='bbox 999 1438 1050 1495; x_wconf 89' lang='lat' dir='ltr'><strong>sed</strong></span> <span class='ocrx_word' id='word_1_69' title='bbox 1072 1457 1109 1496; x_wconf 88' lang='lat' dir='ltr'><strong>ne</strong></span> <span class='ocrx_word' id='word_1_70' title='bbox 1130 1448 1247 1495; x_wconf 82' lang='lat' dir='ltr'><strong>senatus</strong></span> 
     </span>
     <span class='ocr_line' id='line_1_10' title="bbox 194 1514 1279 1621; baseline -0.002 -18"><span class='ocrx_word' id='word_1_71' title='bbox 194 1547 304 1621; x_wconf 87' lang='lat' dir='ltr'><strong>quidem</strong></span> <span class='ocrx_word' id='word_1_72' title='bbox 327 1549 468 1605; x_wconf 88' lang='lat' dir='ltr'><strong>sustinere</strong></span> <span class='ocrx_word' id='word_1_73' title='bbox 489 1543 641 1620; x_wconf 90' lang='lat' dir='ltr'><strong>potuisset.</strong></span> <span class='ocrx_word' id='word_1_74' title='bbox 684 1543 739 1600; x_wconf 88' lang='lat' dir='ltr'><strong>His</strong></span> <span class='ocrx_word' id='word_1_75' title='bbox 761 1514 846 1601; x_wconf 75' lang='lat' dir='ltr'><strong>simul</strong></span> <span class='ocrx_word' id='word_1_76' title='bbox 865 1543 980 1602; x_wconf 80' lang='lat' dir='ltr'><strong>inflatus</strong></span> <span class='ocrx_word' id='word_1_77' title='bbox 1001 1538 1279 1619; x_wconf 71' lang='lat' dir='ltr'><strong>exacemstusquet</strong></span> 
     </span>
     <span class='ocr_line' id='line_1_11' title="bbox 195 1648 1250 1733; baseline -0.001 -25"><span class='ocrx_word' id='word_1_78' title='bbox 195 1653 245 1709; x_wconf 84' lang='lat' dir='ltr'><strong>ism</strong></span> <span class='ocrx_word' id='word_1_79' title='bbox 272 1672 328 1729; x_wconf 88' lang='lat' dir='ltr'><strong>per</strong></span> <span class='ocrx_word' id='word_1_80' title='bbox 358 1672 392 1713; x_wconf 73' lang='lat' dir='ltr'><strong>se,</strong></span> <span class='ocrx_word' id='word_1_81' title='bbox 417 1666 554 1708; x_wconf 84' lang='lat' dir='ltr'><strong>accensos</strong></span> <span class='ocrx_word' id='word_1_82' title='bbox 587 1648 725 1707; x_wconf 76' lang='lat' dir='ltr'><strong>incitabat</strong></span> <span class='ocrx_word' id='word_1_83' title='bbox 755 1650 847 1733; x_wconf 86' lang='lat' dir='ltr'><strong>plebis</strong></span> <span class='ocrx_word' id='word_1_84' title='bbox 886 1651 1007 1708; x_wconf 78' lang='lat' dir='ltr'><strong>animos.</strong></span> <span class='ocrx_word' id='word_1_85' title='bbox 1072 1650 1250 1724; x_wconf 81' lang='lat' dir='ltr'><strong>„Quousque</strong></span> 
     </span>
     <span class='ocr_line' id='line_1_12' title="bbox 195 1753 1249 1834; baseline -0.004 -18"><span class='ocrx_word' id='word_1_86' title='bbox 195 1761 306 1816; x_wconf 81' lang='lat' dir='ltr'><strong>tandem</strong></span> <span class='ocrx_word' id='word_1_87' title='bbox 330 1756 502 1834; x_wconf 81' lang='lat' dir='ltr'><strong>ignorabitis</strong></span> <span class='ocrx_word' id='word_1_88' title='bbox 522 1753 599 1811; x_wconf 85' lang='lat' dir='ltr'><strong>vires</strong></span> <span class='ocrx_word' id='word_1_89' title='bbox 613 1764 736 1823; x_wconf 82' lang='lat' dir='ltr'><strong>vestras,</strong></span> <span class='ocrx_word' id='word_1_90' title='bbox 757 1774 830 1830; x_wconf 85' lang='lat' dir='ltr'><strong>ques</strong></span> <span class='ocrx_word' id='word_1_91' title='bbox 845 1766 951 1813; x_wconf 77' lang='lat' dir='ltr'><strong>netur-e</strong></span> <span class='ocrx_word' id='word_1_92' title='bbox 968 1775 1004 1813; x_wconf 89' lang='lat' dir='ltr'><strong>ne</strong></span> <span class='ocrx_word' id='word_1_93' title='bbox 1017 1755 1118 1812; x_wconf 82' lang='lat' dir='ltr'><strong>beluus</strong></span> <span class='ocrx_word' id='word_1_94' title='bbox 1134 1755 1249 1830; x_wconf 89' lang='lat' dir='ltr'><strong>quidem</strong></span> 
     </span>
     <span class='ocr_line' id='line_1_13' title="bbox 194 1858 1249 1939; baseline -0.005 -17"><span class='ocrx_word' id='word_1_95' title='bbox 194 1864 325 1939; x_wconf 79' lang='lat' dir='ltr'><strong>ignorare</strong></span> <span class='ocrx_word' id='word_1_96' title='bbox 336 1859 449 1921; x_wconf 86' lang='lat' dir='ltr'><strong>voluit?</strong></span> <span class='ocrx_word' id='word_1_97' title='bbox 491 1858 651 1917; x_wconf 84' lang='lat' dir='ltr'><strong>Numerate</strong></span> <span class='ocrx_word' id='word_1_98' title='bbox 672 1861 783 1931; x_wconf 78' lang='lat' dir='ltr'><strong>saltem,</strong></span> <span class='ocrx_word' id='word_1_99' title='bbox 806 1869 878 1936; x_wconf 85' lang='lat' dir='ltr'><strong>quot</strong></span> <span class='ocrx_word' id='word_1_100' title='bbox 895 1862 951 1937; x_wconf 93' lang='lat' dir='ltr'><strong>ipsi</strong></span> <span class='ocrx_word' id='word_1_101' title='bbox 962 1862 1037 1932; x_wconf 83' lang='lat' dir='ltr'><strong>sitis,</strong></span> <span class='ocrx_word' id='word_1_102' title='bbox 1060 1870 1131 1935; x_wconf 90' lang='lat' dir='ltr'><strong>quot</strong></span> <span class='ocrx_word' id='word_1_103' title='bbox 1145 1862 1249 1918; x_wconf 85' lang='lat' dir='ltr'><strong>edver-</strong></span> 
     </span>
     <span class='ocr_line' id='line_1_14' title="bbox 196 1961 1281 2041; baseline -0.003 -14"><span class='ocrx_word' id='word_1_104' title='bbox 196 1971 281 2029; x_wconf 87' lang='lat' dir='ltr'><strong>sarios</strong></span> <span class='ocrx_word' id='word_1_105' title='bbox 304 1967 448 2027; x_wconf 75' lang='lat' dir='ltr'><strong>habeatis.</strong></span> <span class='ocrx_word' id='word_1_106' title='bbox 497 1964 529 2024; x_wconf 88' lang='lat' dir='ltr'><strong>Si</strong></span> <span class='ocrx_word' id='word_1_107' title='bbox 550 1965 655 2039; x_wconf 82' lang='lat' dir='ltr'><strong>singuli</strong></span> <span class='ocrx_word' id='word_1_108' title='bbox 675 1966 804 2041; x_wconf 87' lang='lat' dir='ltr'><strong>singulos</strong></span> <span class='ocrx_word' id='word_1_109' title='bbox 826 1968 993 2041; x_wconf 81' lang='lat' dir='ltr'><strong>aggressuri</strong></span> <span class='ocrx_word' id='word_1_110' title='bbox 1014 1966 1129 2038; x_wconf 89' lang='lat' dir='ltr'><strong>essetis,</strong></span> <span class='ocrx_word' id='word_1_111' title='bbox 1153 1961 1281 2024; x_wconf 72' lang='lat' dir='ltr'><strong>tament</strong></span> 
     </span>
     <span class='ocr_line' id='line_1_15' title="bbox 196 2070 1252 2147; baseline -0.004 -14"><span class='ocrx_word' id='word_1_112' title='bbox 196 2078 284 2133; x_wconf 85' lang='lat' dir='ltr'><strong>scrius</strong></span> <span class='ocrx_word' id='word_1_113' title='bbox 310 2075 458 2132; x_wconf 85' lang='lat' dir='ltr'><strong>crederem</strong></span> <span class='ocrx_word' id='word_1_114' title='bbox 480 2090 533 2129; x_wconf 84' lang='lat' dir='ltr'><strong>vos</strong></span> <span class='ocrx_word' id='word_1_115' title='bbox 554 2090 608 2147; x_wconf 89' lang='lat' dir='ltr'><strong>pro</strong></span> <span class='ocrx_word' id='word_1_116' title='bbox 630 2070 763 2128; x_wconf 82' lang='lat' dir='ltr'><strong>libertate</strong></span> <span class='ocrx_word' id='word_1_117' title='bbox 785 2090 873 2145; x_wconf 88' lang='lat' dir='ltr'><strong>quam</strong></span> <span class='ocrx_word' id='word_1_118' title='bbox 894 2072 959 2130; x_wconf 88' lang='lat' dir='ltr'><strong>illos</strong></span> <span class='ocrx_word' id='word_1_119' title='bbox 980 2078 1034 2147; x_wconf 76' lang='lat' dir='ltr'><strong>pro</strong></span> <span class='ocrx_word' id='word_1_120' title='bbox 1055 2072 1252 2131; x_wconf 82' lang='lat' dir='ltr'><strong>dominatione</strong></span> 
     </span>
     <span class='ocr_line' id='line_1_16' title="bbox 197 2176 1253 2254; baseline -0.006 -15"><span class='ocrx_word' id='word_1_121' title='bbox 197 2191 367 2249; x_wconf 80' lang='lat' dir='ltr'><strong>certaturos3</strong></span> <span class='ocrx_word' id='word_1_122' title='bbox 406 2177 524 2254; x_wconf 90' lang='lat' dir='ltr'><strong>quoteni</strong></span> <span class='ocrx_word' id='word_1_123' title='bbox 555 2176 671 2243; x_wconf 88' lang='lat' dir='ltr'><strong>clientes</strong></span> <span class='ocrx_word' id='word_1_124' title='bbox 700 2177 777 2234; x_wconf 87' lang='lat' dir='ltr'><strong>circe</strong></span> <span class='ocrx_word' id='word_1_125' title='bbox 815 2177 945 2253; x_wconf 88' lang='lat' dir='ltr'><strong>singulos</strong></span> <span class='ocrx_word' id='word_1_126' title='bbox 972 2177 1067 2236; x_wconf 81' lang='lat' dir='ltr'><strong>inistis</strong></span> <span class='ocrx_word' id='word_1_127' title='bbox 1100 2185 1253 2253; x_wconf 78' lang='lat' dir='ltr'><strong>patronos,</strong></span> 
     </span>
     <span class='ocr_line' id='line_1_17' title="bbox 197 2278 1359 2352; baseline -0.005 -8"><span class='ocrx_word' id='word_1_128' title='bbox 197 2296 234 2345; x_wconf 90' lang='lat' dir='ltr'><strong>tot</strong></span> <span class='ocrx_word' id='word_1_129' title='bbox 245 2306 325 2345; x_wconf 92' lang='lat' dir='ltr'><strong>nunc</strong></span> <span class='ocrx_word' id='word_1_130' title='bbox 349 2285 490 2343; x_wconf 78' lang='lat' dir='ltr'><strong>adversus</strong></span> <span class='ocrx_word' id='word_1_131' title='bbox 502 2300 590 2339; x_wconf 85' lang='lat' dir='ltr'><strong>unum</strong></span> <span class='ocrx_word' id='word_1_132' title='bbox 604 2283 716 2341; x_wconf 84' lang='lat' dir='ltr'><strong>hostem</strong></span> <span class='ocrx_word' id='word_1_133' title='bbox 732 2282 818 2343; x_wconf 87' lang='lat' dir='ltr'><strong>eritis.</strong></span> <span class='ocrx_word' id='word_1_134' title='bbox 863 2283 1014 2342; x_wconf 87' lang='lat' dir='ltr'><strong>Ostendite</strong></span> <span class='ocrx_word' id='word_1_135' title='bbox 1028 2284 1116 2341; x_wconf 91' lang='lat' dir='ltr'><strong>modo</strong></span> <span class='ocrx_word' id='word_1_136' title='bbox 1131 2283 1253 2352; x_wconf 87' lang='lat' dir='ltr'><strong>bellum;</strong></span> <span class='ocrx_word' id='word_1_137' title='bbox 1267 2278 1282 2332; x_wconf 87' lang='grc'><strong>7</strong></span> <span class='ocrx_word' id='word_1_138' title='bbox 1356 2298 1359 2303; x_wconf 88' lang='lat'>·</span> 
     </span>
     <span class='ocr_line' id='line_1_18' title="bbox 198 2388 1254 2467; baseline -0.005 -18"><span class='ocrx_word' id='word_1_139' title='bbox 198 2412 291 2467; x_wconf 77' lang='lat' dir='ltr'><strong>pacem</strong></span> <span class='ocrx_word' id='word_1_140' title='bbox 323 2390 477 2450; x_wconf 85' lang='lat' dir='ltr'><strong>habebitis.</strong></span> <span class='ocrx_word' id='word_1_141' title='bbox 538 2388 665 2446; x_wconf 83' lang='lat' dir='ltr'><strong>Videant</strong></span> <span class='ocrx_word' id='word_1_142' title='bbox 699 2408 752 2447; x_wconf 90' lang='lat' dir='ltr'><strong>vos</strong></span> <span class='ocrx_word' id='word_1_143' title='bbox 783 2388 905 2464; x_wconf 72' lang='lat' dir='ltr'><strong>paratos</strong></span> <span class='ocrx_word' id='word_1_144' title='bbox 940 2392 977 2447; x_wconf 83' lang='lat' dir='ltr'><strong>ud</strong></span> <span class='ocrx_word' id='word_1_145' title='bbox 1008 2391 1083 2460; x_wconf 82' lang='lat' dir='ltr'><strong>vim3</strong></span> <span class='ocrx_word' id='word_1_146' title='bbox 1118 2388 1163 2446; x_wconf 90' lang='lat' dir='ltr'><strong>ius</strong></span> <span class='ocrx_word' id='word_1_147' title='bbox 1197 2388 1254 2463; x_wconf 90' lang='lat' dir='ltr'><strong>ipsi</strong></span> 
     </span>
     <span class='ocr_line' id='line_1_19' title="bbox 198 2494 1306 2570; baseline 0.001 -15"><span class='ocrx_word' id='word_1_148' title='bbox 198 2500 348 2556; x_wconf 82' lang='lat' dir='ltr'><strong>remittent.</strong></span> <span class='ocrx_word' id='word_1_149' title='bbox 390 2495 566 2553; x_wconf 84' lang='lat' dir='ltr'><strong>Audendum</strong></span> <span class='ocrx_word' id='word_1_150' title='bbox 588 2503 631 2551; x_wconf 88' lang='lat' dir='ltr'><strong>est</strong></span> <span class='ocrx_word' id='word_1_151' title='bbox 654 2494 762 2569; x_wconf 79' lang='lat' dir='ltr'><strong>aliquid</strong></span> <span class='ocrx_word' id='word_1_152' title='bbox 783 2496 934 2566; x_wconf 89' lang='lat' dir='ltr'><strong>universis,</strong></span> <span class='ocrx_word' id='word_1_153' title='bbox 957 2505 1007 2554; x_wconf 85' lang='lat' dir='ltr'><strong>ent</strong></span> <span class='ocrx_word' id='word_1_154' title='bbox 1022 2496 1119 2553; x_wconf 83' lang='lat' dir='ltr'><strong>omnis</strong></span> <span class='ocrx_word' id='word_1_155' title='bbox 1133 2495 1253 2570; x_wconf 88' lang='lat' dir='ltr'><strong>singulis</strong></span> <span class='ocrx_word' id='word_1_156' title='bbox 1302 2547 1306 2556; x_wconf 73' lang='grc'><strong>,</strong></span> 
     </span>
     <span class='ocr_line' id='line_1_20' title="bbox 201 2599 1288 2679; baseline -0.006 -18"><span class='ocrx_word' id='word_1_157' title='bbox 201 2604 344 2679; x_wconf 81' lang='lat' dir='ltr'><strong>patiendo.</strong></span> <span class='ocrx_word' id='word_1_158' title='bbox 390 2601 548 2675; x_wconf 83' lang='lat' dir='ltr'><strong>Quousque</strong></span> <span class='ocrx_word' id='word_1_159' title='bbox 562 2619 608 2657; x_wconf 89' lang='lat' dir='ltr'><strong>me</strong></span> <span class='ocrx_word' id='word_1_160' title='bbox 623 2600 919 2677; x_wconf 82' lang='lat' dir='ltr'><strong>circumspectabitis?</strong></span> <span class='ocrx_word' id='word_1_161' title='bbox 962 2602 1028 2677; x_wconf 85' lang='lat' dir='ltr'><strong>Ego</strong></span> <span class='ocrx_word' id='word_1_162' title='bbox 1045 2602 1161 2677; x_wconf 88' lang='lat' dir='ltr'><strong>quidem</strong></span> <span class='ocrx_word' id='word_1_163' title='bbox 1183 2600 1256 2658; x_wconf 90' lang='lat' dir='ltr'><strong>nulli</strong></span> <span class='ocrx_word' id='word_1_164' title='bbox 1268 2599 1288 2655; x_wconf 87' lang='grc'>8</span> 
     </span>
     <span class='ocr_line' id='line_1_21' title="bbox 202 2703 1257 2791; baseline -0.001 -26"><span class='ocrx_word' id='word_1_165' title='bbox 202 2721 321 2767; x_wconf 79' lang='lat' dir='ltr'><strong>restrum</strong></span> <span class='ocrx_word' id='word_1_166' title='bbox 337 2708 456 2791; x_wconf 49' lang='lat' dir='ltr'><strong>jdeero3</strong></span> <span class='ocrx_word' id='word_1_167' title='bbox 487 2725 524 2762; x_wconf 93' lang='lat' dir='ltr'><strong>ne</strong></span> <span class='ocrx_word' id='word_1_168' title='bbox 550 2703 667 2763; x_wconf 80' lang='lat' dir='ltr'><strong>fortuna</strong></span> <span class='ocrx_word' id='word_1_169' title='bbox 696 2726 762 2763; x_wconf 82' lang='lat' dir='ltr'><strong>mee</strong></span> <span class='ocrx_word' id='word_1_170' title='bbox 788 2707 875 2779; x_wconf 88' lang='lat' dir='ltr'><strong>desit,</strong></span> <span class='ocrx_word' id='word_1_171' title='bbox 902 2708 1007 2768; x_wconf 88' lang='lat' dir='ltr'><strong>videte.</strong></span> <span class='ocrx_word' id='word_1_172' title='bbox 1059 2708 1128 2783; x_wconf 86' lang='lat' dir='ltr'><strong>Ipse</strong></span> <span class='ocrx_word' id='word_1_173' title='bbox 1148 2706 1257 2764; x_wconf 84' lang='lat' dir='ltr'><strong>vindex</strong></span> 
     </span>
     <span class='ocr_line' id='line_1_22' title="bbox 204 2810 1257 2889; baseline -0.002 -18"><span class='ocrx_word' id='word_1_174' title='bbox 204 2826 305 2888; x_wconf 88' lang='lat' dir='ltr'><strong>vester,</strong></span> <span class='ocrx_word' id='word_1_175' title='bbox 337 2814 389 2872; x_wconf 90' lang='lat' dir='ltr'><strong>ubi</strong></span> <span class='ocrx_word' id='word_1_176' title='bbox 409 2812 503 2870; x_wconf 86' lang='lat' dir='ltr'><strong>risum</strong></span> <span class='ocrx_word' id='word_1_177' title='bbox 523 2810 645 2869; x_wconf 87' lang='lat' dir='ltr'><strong>iuimiois</strong></span> <span class='ocrx_word' id='word_1_178' title='bbox 669 2820 726 2883; x_wconf 91' lang='lat' dir='ltr'><strong>est,</strong></span> <span class='ocrx_word' id='word_1_179' title='bbox 753 2812 848 2871; x_wconf 87' lang='lat' dir='ltr'><strong>nullus</strong></span> <span class='ocrx_word' id='word_1_180' title='bbox 869 2821 988 2889; x_wconf 83' lang='lat' dir='ltr'><strong>repente</strong></span> <span class='ocrx_word' id='word_1_181' title='bbox 1007 2813 1066 2884; x_wconf 86' lang='lat' dir='ltr'><strong>fui,</strong></span> <span class='ocrx_word' id='word_1_182' title='bbox 1096 2822 1124 2871; x_wconf 90' lang='lat' dir='ltr'><strong>et</strong></span> <span class='ocrx_word' id='word_1_183' title='bbox 1145 2811 1257 2870; x_wconf 85' lang='lat' dir='ltr'><strong>vidistis</strong></span> 
     </span>
     <span class='ocr_line' id='line_1_23' title="bbox 205 2916 1259 2995; baseline -0.002 -18"><span class='ocrx_word' id='word_1_184' title='bbox 205 2920 369 2981; x_wconf 85' lang='lat' dir='ltr'><strong>invinculs</strong></span> <span class='ocrx_word' id='word_1_185' title='bbox 390 2918 456 2976; x_wconf 88' lang='lat' dir='ltr'><strong>duci</strong></span> <span class='ocrx_word' id='word_1_186' title='bbox 483 2916 610 2974; x_wconf 86' lang='lat' dir='ltr'><strong>universi</strong></span> <span class='ocrx_word' id='word_1_187' title='bbox 640 2936 720 2989; x_wconf 91' lang='lat' dir='ltr'><strong>eum,</strong></span> <span class='ocrx_word' id='word_1_188' title='bbox 753 2918 802 2993; x_wconf 86' lang='lat' dir='ltr'><strong>qui</strong></span> <span class='ocrx_word' id='word_1_189' title='bbox 832 2937 852 2975; x_wconf 85' lang='lat' dir='ltr'><strong>s</strong></span> <span class='ocrx_word' id='word_1_190' title='bbox 876 2920 996 2995; x_wconf 90' lang='lat' dir='ltr'><strong>singulis</strong></span> <span class='ocrx_word' id='word_1_191' title='bbox 1027 2920 1111 2978; x_wconf 84' lang='lat' dir='ltr'><strong>robis</strong></span> <span class='ocrx_word' id='word_1_192' title='bbox 1141 2919 1259 2977; x_wconf 84' lang='lat' dir='ltr'><strong>vinculs</strong></span> 
     </span>
     <span class='ocr_line' id='line_1_24' title="bbox 205 3018 1289 3103; baseline 0.001 -22"><span class='ocrx_word' id='word_1_193' title='bbox 205 3027 377 3103; x_wconf 85' lang='lat' dir='ltr'><strong>depuleram.</strong></span> <span class='ocrx_word' id='word_1_194' title='bbox 429 3024 507 3097; x_wconf 82' lang='lat' dir='ltr'><strong>Quid</strong></span> <span class='ocrx_word' id='word_1_195' title='bbox 536 3041 663 3098; x_wconf 84' lang='lat' dir='ltr'><strong>sperem,</strong></span> <span class='ocrx_word' id='word_1_196' title='bbox 693 3024 719 3080; x_wconf 91' lang='lat' dir='ltr'><strong>si</strong></span> <span class='ocrx_word' id='word_1_197' title='bbox 750 3024 815 3099; x_wconf 90' lang='lat' dir='ltr'><strong>plus</strong></span> <span class='ocrx_word' id='word_1_198' title='bbox 844 3026 873 3081; x_wconf 91' lang='lat' dir='ltr'><strong>in</strong></span> <span class='ocrx_word' id='word_1_199' title='bbox 902 3044 948 3083; x_wconf 90' lang='lat' dir='ltr'><strong>me</strong></span> <span class='ocrx_word' id='word_1_200' title='bbox 976 3026 1101 3083; x_wconf 84' lang='lat' dir='ltr'><strong>sudeent</strong></span> <span class='ocrx_word' id='word_1_201' title='bbox 1128 3018 1289 3083; x_wconf 81' lang='lat' dir='ltr'><strong>inimici?9</strong></span> 
     </span>
     <span class='ocr_line' id='line_1_25' title="bbox 207 3129 1260 3207; baseline -0.001 -17"><span class='ocrx_word' id='word_1_202' title='bbox 207 3136 247 3190; x_wconf 83' lang='lat' dir='ltr'><strong>An</strong></span> <span class='ocrx_word' id='word_1_203' title='bbox 267 3136 382 3192; x_wconf 87' lang='lat' dir='ltr'><strong>exitum</strong></span> <span class='ocrx_word' id='word_1_204' title='bbox 403 3129 498 3189; x_wconf 80' lang='lat' dir='ltr'><strong>Cassii</strong></span> <span class='ocrx_word' id='word_1_205' title='bbox 525 3129 670 3203; x_wconf 83' lang='lat' dir='ltr'><strong>Maeliique</strong></span> <span class='ocrx_word' id='word_1_206' title='bbox 696 3129 882 3204; x_wconf 82' lang='lat' dir='ltr'><strong>exspectem?</strong></span> <span class='ocrx_word' id='word_1_207' title='bbox 927 3132 1007 3189; x_wconf 89' lang='lat' dir='ltr'><strong>Bene</strong></span> <span class='ocrx_word' id='word_1_208' title='bbox 1036 3131 1146 3202; x_wconf 83' lang='lat' dir='ltr'><strong>fecitis,</strong></span> <span class='ocrx_word' id='word_1_209' title='bbox 1180 3132 1260 3207; x_wconf 90' lang='lat' dir='ltr'><strong>quod</strong></span> 
     </span>
     <span class='ocr_line' id='line_1_26' title="bbox 209 3234 1257 3314; baseline 0.001 -20"><span class='ocrx_word' id='word_1_210' title='bbox 209 3236 418 3297; x_wconf 80' lang='lat' dir='ltr'><strong>abominamini.</strong></span> <span class='ocrx_word' id='word_1_211' title='bbox 450 3235 501 3293; x_wconf 91' lang='lat' dir='ltr'><strong>Dii</strong></span> <span class='ocrx_word' id='word_1_212' title='bbox 520 3234 713 3310; x_wconf 86' lang='lat' dir='ltr'><strong>prohibebunt</strong></span> <span class='ocrx_word' id='word_1_213' title='bbox 733 3236 809 3305; x_wconf 79' lang='lat' dir='ltr'>hae03</span> <span class='ocrx_word' id='word_1_214' title='bbox 829 3236 881 3292; x_wconf 87' lang='lat' dir='ltr'><strong>sed</strong></span> <span class='ocrx_word' id='word_1_215' title='bbox 901 3255 1049 3312; x_wconf 81' lang='lat' dir='ltr'><strong>nunquam</strong></span> <span class='ocrx_word' id='word_1_216' title='bbox 1071 3247 1190 3314; x_wconf 90' lang='lat' dir='ltr'><strong>propter</strong></span> <span class='ocrx_word' id='word_1_217' title='bbox 1210 3256 1257 3294; x_wconf 89' lang='lat' dir='ltr'><strong>me</strong></span> 
     </span>
     <span class='ocr_line' id='line_1_27' title="bbox 210 3340 1260 3418; baseline -0.001 -18"><span class='ocrx_word' id='word_1_218' title='bbox 210 3345 238 3401; x_wconf 87' lang='lat' dir='ltr'><strong>de</strong></span> <span class='ocrx_word' id='word_1_219' title='bbox 257 3346 328 3404; x_wconf 80' lang='lat' dir='ltr'><strong>caelo</strong></span> <span class='ocrx_word' id='word_1_220' title='bbox 352 3342 537 3411; x_wconf 83' lang='lat' dir='ltr'><strong>descendent3</strong></span> <span class='ocrx_word' id='word_1_221' title='bbox 558 3340 642 3397; x_wconf 89' lang='lat' dir='ltr'><strong>vobis</strong></span> <span class='ocrx_word' id='word_1_222' title='bbox 663 3340 731 3397; x_wconf 87' lang='lat' dir='ltr'><strong>dent</strong></span> <span class='ocrx_word' id='word_1_223' title='bbox 752 3349 874 3400; x_wconf 87' lang='lat' dir='ltr'><strong>mentem</strong></span> <span class='ocrx_word' id='word_1_224' title='bbox 887 3352 1009 3418; x_wconf 85' lang='lat' dir='ltr'><strong>oportet,</strong></span> <span class='ocrx_word' id='word_1_225' title='bbox 1031 3342 1260 3418; x_wconf 84' lang='lat' dir='ltr'><strong>ntprohibestis,</strong></span> 
     </span>
     <span class='ocr_line' id='line_1_28' title="bbox 210 3448 1260 3521; baseline 0 -16"><span class='ocrx_word' id='word_1_226' title='bbox 210 3450 273 3507; x_wconf 89' lang='lat' dir='ltr'><strong>sicut</strong></span> <span class='ocrx_word' id='word_1_227' title='bbox 293 3450 369 3508; x_wconf 90' lang='lat' dir='ltr'><strong>mihi</strong></span> <span class='ocrx_word' id='word_1_228' title='bbox 389 3448 529 3507; x_wconf 86' lang='lat' dir='ltr'><strong>dederunt</strong></span> <span class='ocrx_word' id='word_1_229' title='bbox 547 3456 660 3509; x_wconf 82' lang='lat' dir='ltr'><strong>armato</strong></span> <span class='ocrx_word' id='word_1_230' title='bbox 682 3454 854 3521; x_wconf 83' lang='lat' dir='ltr'><strong>togatoque,</strong></span> <span class='ocrx_word' id='word_1_231' title='bbox 889 3456 922 3504; x_wconf 90' lang='lat' dir='ltr'><strong>ut</strong></span> <span class='ocrx_word' id='word_1_232' title='bbox 941 3466 995 3506; x_wconf 83' lang='lat' dir='ltr'><strong>ros</strong></span> <span class='ocrx_word' id='word_1_233' title='bbox 1014 3464 1033 3505; x_wconf 82' lang='lat' dir='ltr'><strong>s</strong></span> <span class='ocrx_word' id='word_1_234' title='bbox 1053 3449 1185 3506; x_wconf 77' lang='lat' dir='ltr'><strong>barbaris</strong></span> <span class='ocrx_word' id='word_1_235' title='bbox 1207 3449 1260 3505; x_wconf 86' lang='lat' dir='ltr'><strong>ho-</strong></span> 
     </span>
     <span class='ocr_line' id='line_1_29' title="bbox 209 3545 1313 3630; baseline 0 -19"><span class='ocrx_word' id='word_1_236' title='bbox 209 3556 310 3629; x_wconf 82' lang='lat' dir='ltr'><strong>stibus,</strong></span> <span class='ocrx_word' id='word_1_237' title='bbox 345 3575 363 3612; x_wconf 84' lang='lat' dir='ltr'><strong>a</strong></span> <span class='ocrx_word' id='word_1_238' title='bbox 384 3554 516 3630; x_wconf 88' lang='lat' dir='ltr'><strong>superbis</strong></span> <span class='ocrx_word' id='word_1_239' title='bbox 544 3550 726 3609; x_wconf 79' lang='lat' dir='ltr'><strong>defenderem</strong></span> <span class='ocrx_word' id='word_1_240' title='bbox 747 3545 868 3612; x_wconf 85' lang='lat' dir='ltr'><strong>civibus.</strong></span> <span class='ocrx_word' id='word_1_241' title='bbox 920 3555 997 3611; x_wconf 35' lang='lat' dir='ltr'><strong>,Tem</strong></span> <span class='ocrx_word' id='word_1_242' title='bbox 1019 3573 1128 3630; x_wconf 85' lang='lat' dir='ltr'><strong>pervus</strong></span> <span class='ocrx_word' id='word_1_243' title='bbox 1149 3555 1261 3611; x_wconf 81' lang='lat' dir='ltr'><strong>animus</strong></span> <span class='ocrx_word' id='word_1_244' title='bbox 1277 3549 1313 3605; x_wconf 79' lang='lat'><strong>10</strong></span> 
     </span>
     <span class='ocr_line' id='line_1_30' title="bbox 211 3657 1262 3738; baseline 0.001 -21"><span class='ocrx_word' id='word_1_245' title='bbox 211 3663 276 3719; x_wconf 84' lang='lat' dir='ltr'><strong>tenti</strong></span> <span class='ocrx_word' id='word_1_246' title='bbox 295 3661 400 3738; x_wconf 89' lang='lat' dir='ltr'><strong>populi</strong></span> <span class='ocrx_word' id='word_1_247' title='bbox 424 3668 483 3731; x_wconf 90' lang='lat' dir='ltr'><strong>est,</strong></span> <span class='ocrx_word' id='word_1_248' title='bbox 512 3668 545 3715; x_wconf 91' lang='lat' dir='ltr'><strong>ut</strong></span> <span class='ocrx_word' id='word_1_249' title='bbox 565 3662 679 3733; x_wconf 83' lang='lat' dir='ltr'><strong>semper</strong></span> <span class='ocrx_word' id='word_1_250' title='bbox 705 3657 788 3715; x_wconf 88' lang='lat' dir='ltr'><strong>vobis</strong></span> <span class='ocrx_word' id='word_1_251' title='bbox 811 3658 950 3715; x_wconf 81' lang='lat' dir='ltr'><strong>auxilinm</strong></span> <span class='ocrx_word' id='word_1_252' title='bbox 972 3660 1111 3719; x_wconf 85' lang='lat' dir='ltr'><strong>adversus</strong></span> <span class='ocrx_word' id='word_1_253' title='bbox 1131 3660 1262 3718; x_wconf 89' lang='lat' dir='ltr'><strong>inimicos</strong></span> 
     </span>
     <span class='ocr_line' id='line_1_31' title="bbox 203 3763 1263 3839; baseline 0 -16"><span class='ocrx_word' id='word_1_254' title='bbox 203 3768 275 3824; x_wconf 75' lang='lat' dir='ltr'><strong>setis</strong></span> <span class='ocrx_word' id='word_1_255' title='bbox 296 3768 345 3835; x_wconf 81' lang='lat' dir='ltr'><strong>sit,</strong></span> <span class='ocrx_word' id='word_1_256' title='bbox 366 3784 420 3823; x_wconf 89' lang='lat' dir='ltr'><strong>nec</strong></span> <span class='ocrx_word' id='word_1_257' title='bbox 440 3764 539 3834; x_wconf 89' lang='lat' dir='ltr'><strong>ullum,</strong></span> <span class='ocrx_word' id='word_1_258' title='bbox 560 3764 616 3821; x_wconf 90' lang='lat' dir='ltr'><strong>nisi</strong></span> <span class='ocrx_word' id='word_1_259' title='bbox 637 3773 778 3838; x_wconf 76' lang='lat' dir='ltr'><strong>quatenus</strong></span> <span class='ocrx_word' id='word_1_260' title='bbox 801 3763 938 3839; x_wconf 82' lang='lat' dir='ltr'><strong>imperari</strong></span> <span class='ocrx_word' id='word_1_261' title='bbox 958 3765 1042 3823; x_wconf 86' lang='lat' dir='ltr'><strong>vobis</strong></span> <span class='ocrx_word' id='word_1_262' title='bbox 1063 3766 1172 3836; x_wconf 80' lang='lat' dir='ltr'><strong>sinetis,</strong></span> <span class='ocrx_word' id='word_1_263' title='bbox 1202 3784 1263 3823; x_wconf 88' lang='lat' dir='ltr'><strong>cer·</strong></span> 
     </span>
     <span class='ocr_line' id='line_1_32' title="bbox 215 3869 1264 3945; baseline 0.002 -18"><span class='ocrx_word' id='word_1_264' title='bbox 215 3878 303 3929; x_wconf 78' lang='lat' dir='ltr'><strong>temen</strong></span> <span class='ocrx_word' id='word_1_265' title='bbox 324 3872 466 3929; x_wconf 79' lang='lat' dir='ltr'><strong>adversus</strong></span> <span class='ocrx_word' id='word_1_266' title='bbox 487 3878 585 3945; x_wconf 83' lang='lat' dir='ltr'><strong>putres</strong></span> <span class='ocrx_word' id='word_1_267' title='bbox 605 3869 727 3928; x_wconf 80' lang='lat' dir='ltr'><strong>noritis?</strong></span> <span class='ocrx_word' id='word_1_268' title='bbox 769 3871 833 3929; x_wconf 88' lang='lat' dir='ltr'><strong>Neo</strong></span> <span class='ocrx_word' id='word_1_269' title='bbox 855 3870 911 3928; x_wconf 86' lang='lat' dir='ltr'><strong>hoc</strong></span> <span class='ocrx_word' id='word_1_270' title='bbox 931 3879 1036 3927; x_wconf 82' lang='lat' dir='ltr'><strong>nature</strong></span> <span class='ocrx_word' id='word_1_271' title='bbox 1052 3871 1168 3929; x_wconf 89' lang='lat' dir='ltr'><strong>insitum</strong></span> <span class='ocrx_word' id='word_1_272' title='bbox 1180 3873 1264 3929; x_wconf 90' lang='lat' dir='ltr'><strong>vobis</strong></span> 
     </span>
     <span class='ocr_line' id='line_1_33' title="bbox 219 3974 1311 4051; baseline -0.005 -16"><span class='ocrx_word' id='word_1_273' title='bbox 219 3986 262 4047; x_wconf 77' lang='lat' dir='ltr'><strong>est,</strong></span> <span class='ocrx_word' id='word_1_274' title='bbox 282 3978 334 4035; x_wconf 85' lang='lat' dir='ltr'><strong>sed</strong></span> <span class='ocrx_word' id='word_1_275' title='bbox 348 3996 404 4035; x_wconf 90' lang='lat' dir='ltr'><strong>usu</strong></span> <span class='ocrx_word' id='word_1_276' title='bbox 424 3974 619 4051; x_wconf 85' lang='lat' dir='ltr'><strong>possidemini.</strong></span> <span class='ocrx_word' id='word_1_277' title='bbox 662 3974 722 4033; x_wconf 88' lang='lat' dir='ltr'><strong>Cur</strong></span> <span class='ocrx_word' id='word_1_278' title='bbox 746 3977 821 4033; x_wconf 89' lang='lat' dir='ltr'><strong>enim</strong></span> <span class='ocrx_word' id='word_1_279' title='bbox 843 3975 982 4033; x_wconf 76' lang='lat' dir='ltr'><strong>adversus</strong></span> <span class='ocrx_word' id='word_1_280' title='bbox 1003 3987 1137 4035; x_wconf 85' lang='lat' dir='ltr'><strong>externos</strong></span> <span class='ocrx_word' id='word_1_281' title='bbox 1152 3986 1264 4034; x_wconf 81' lang='lat' dir='ltr'><strong>tentum</strong></span> <span class='ocrx_word' id='word_1_282' title='bbox 1279 3975 1311 4029; x_wconf 88' lang='lat' dir='ltr'><strong>li</strong></span> 
     </span>
     <span class='ocr_line' id='line_1_34' title="bbox 222 4080 1266 4157; baseline 0 -19"><span class='ocrx_word' id='word_1_283' title='bbox 222 4082 371 4141; x_wconf 75' lang='lat' dir='ltr'><strong>animorum</strong></span> <span class='ocrx_word' id='word_1_284' title='bbox 394 4080 510 4157; x_wconf 87' lang='lat' dir='ltr'><strong>geritis,</strong></span> <span class='ocrx_word' id='word_1_285' title='bbox 540 4089 572 4138; x_wconf 90' lang='lat' dir='ltr'><strong>ut</strong></span> <span class='ocrx_word' id='word_1_286' title='bbox 598 4080 741 4155; x_wconf 82' lang='lat' dir='ltr'><strong>imperare</strong></span> <span class='ocrx_word' id='word_1_287' title='bbox 767 4080 823 4137; x_wconf 90' lang='lat' dir='ltr'><strong>illis</strong></span> <span class='ocrx_word' id='word_1_288' title='bbox 845 4098 957 4156; x_wconf 71' lang='lat' dir='ltr'><strong>equum</strong></span> <span class='ocrx_word' id='word_1_289' title='bbox 979 4081 1140 4139; x_wconf 79' lang='lat' dir='ltr'><strong>censeatis?</strong></span> <span class='ocrx_word' id='word_1_290' title='bbox 1188 4080 1266 4155; x_wconf 81' lang='lat' dir='ltr'><strong>Quis</strong></span> 
     </span>
     <span class='ocr_line' id='line_1_35' title="bbox 223 4184 1267 4263; baseline 0.004 -24"><span class='ocrx_word' id='word_1_291' title='bbox 223 4188 369 4245; x_wconf 86' lang='lat' dir='ltr'><strong>consuestis</strong></span> <span class='ocrx_word' id='word_1_292' title='bbox 392 4204 457 4249; x_wconf 86' lang='lat' dir='ltr'><strong>eum</strong></span> <span class='ocrx_word' id='word_1_293' title='bbox 479 4186 520 4243; x_wconf 89' lang='lat' dir='ltr'><strong>eis</strong></span> <span class='ocrx_word' id='word_1_294' title='bbox 540 4204 595 4262; x_wconf 91' lang='lat' dir='ltr'><strong>pro</strong></span> <span class='ocrx_word' id='word_1_295' title='bbox 616 4184 737 4261; x_wconf 89' lang='lat' dir='ltr'><strong>imperio</strong></span> <span class='ocrx_word' id='word_1_296' title='bbox 761 4194 890 4263; x_wconf 79' lang='lat' dir='ltr'><strong>certare,</strong></span> <span class='ocrx_word' id='word_1_297' title='bbox 921 4187 1059 4245; x_wconf 83' lang='lat' dir='ltr'><strong>adversus</strong></span> <span class='ocrx_word' id='word_1_298' title='bbox 1080 4189 1135 4244; x_wconf 91' lang='lat' dir='ltr'><strong>hos</strong></span> <span class='ocrx_word' id='word_1_299' title='bbox 1155 4195 1267 4244; x_wconf 81' lang='lat' dir='ltr'><strong>tentare</strong></span> 
     </span>
    </p>
   </div>
   <div class='ocr_carea' id='block_1_3' title="bbox 225 4263 1321 4445">
    <p class='ocr_par' dir='ltr' id='par_1_3' title="bbox 225 4263 1321 4445">
     <span class='ocr_line' id='line_1_36' title="bbox 225 4263 1321 4369; baseline -0.002 -22"><span class='ocrx_word' id='word_1_300' title='bbox 225 4294 306 4367; x_wconf 80' lang='lat' dir='ltr'><strong>uagis</strong></span> <span class='ocrx_word' id='word_1_301' title='bbox 337 4312 425 4369; x_wconf 80' lang='lat' dir='ltr'><strong>quum</strong></span> <span class='ocrx_word' id='word_1_302' title='bbox 457 4291 530 4350; x_wconf 90' lang='lat' dir='ltr'><strong>tueri</strong></span> <span class='ocrx_word' id='word_1_303' title='bbox 561 4291 731 4349; x_wconf 85' lang='lat' dir='ltr'><strong>iibsrtstem.</strong></span> <span class='ocrx_word' id='word_1_304' title='bbox 777 4292 908 4362; x_wconf 83' lang='lat' dir='ltr'><strong>Temen,</strong></span> <span class='ocrx_word' id='word_1_305' title='bbox 937 4292 1151 4368; x_wconf 77' lang='lat' dir='ltr'><strong>qualescunque</strong></span> <span class='ocrx_word' id='word_1_306' title='bbox 1181 4263 1268 4351; x_wconf 80' lang='lat' dir='ltr'><strong>duces</strong></span> <span class='ocrx_word' id='word_1_307' title='bbox 1283 4288 1321 4348; x_wconf 82' lang='lat' dir='ltr'><strong>tt</strong></span> 
     </span>
     <span class='ocr_line' id='line_1_37' title="bbox 1039 4393 1069 4445; baseline 0 -30"><span class='ocrx_word' id='word_1_308' title='bbox 1039 4393 1069 4445; x_wconf 72' lang='lat'><strong>2.</strong></span> 
     </span>
    </p>
   </div>
   <div class='ocr_carea' id='block_1_4' title="bbox 0 0 1727 5084">
    <p class='ocr_par' dir='ltr' id='par_1_4' title="bbox 0 0 1727 5084">
     <span class='ocr_line' id='line_1_38' title="bbox 0 0 1727 5084; baseline 0 0"><span class='ocrx_word' id='word_1_309' title='bbox 0 0 1727 5084; x_wconf 95' lang='lat' dir='ltr'><strong> </strong></span> 
     </span>
    </p>
   </div>
  </div>
 </body>
</html>
