3392 5084
490 516 548 574 tue
787 511 866 562 uiua
882 511 931 564 nx„
966 512 1167 577 (enecas.)

444 694 520 766 freti,
542 704 638 754 casua
660 697 771 768 eodem
793 712 851 773 quo
873 706 970 767 antee,
998 697 1064 755 loco
1086 706 1254 773 posueruut,
1275 696 1477 769 lacessentesque

414 800 547 878 dproclio
568 803 717 862 Romanos
731 811 863 862 atemere
883 805 922 860 ab
943 803 1095 862 obm‘dione
1115 804 1304 862 conabantur.
1344 802 1388 860 m
1405 801 1477 858 inten-
1514 862 1515 865 Ἴ

445 907 503 966 tius
523 907 648 968 dictator
660 907 691 966 in
704 909 811 968 moenia
830 910 957 968 hostium
977 927 1079 969 verme
1098 910 1130 967 id
1143 909 1252 966 bellum
1265 916 1374 966 tantum
1387 907 1479 974 ducere

442 1029 503 1089 quo
522 1016 624 1074 urbem
647 1016 844 1091 oppugnabat,
865 1014 994 1073 seondor
1015 1015 1053 1073 ab
1075 1013 1254 1073 Samnitibus
1276 1031 1370 1089 agere,
1396 1013 1479 1070 elafio

413 1119 528 1180 suibus
550 1119 637 1178 modo
657 1119 811 1195 oppositis,
832 1139 870 1180 ne
889 1139 951 1218 quq
970 1120 1001 1178 in
1028 1130 1125 1178 castra
1145 1121 1191 1178 vis
1212 1121 1303 1178 fieret.
1353 1119 1396 1176 Eo
1420 1117 1480 1174 iero

443 1225 504 1284 cius
530 1225 700 1300 adequitare
727 1225 872 1286 Samnites
898 1226 977 1284 vallo
1010 1244 1105 1299 nequa
1130 1225 1221 1284 otium
1248 1225 1326 1301 pati3
1357 1236 1384 1281 et
1410 1243 1481 1298 quun

441 1330 501 1392 hm
522 1349 614 1406 prope
634 1331 777 1407 inpertit
798 1340 960 1391 castrorum
981 1340 1058 1388 esset
1076 1331 1178 1401 hostis,
1200 1329 1272 1390 nihil
1293 1331 1419 1388 consulto
1438 1329 1481 1386 dic·

442 1445 538 1496 tatone
559 1437 696 1512 magister
718 1437 844 1512 equitnm
866 1436 903 1510 Q.
925 1435 1032 1495 Aulius
1054 1435 1230 1495 Cerretanus
1252 1453 1360 1512 magno
1379 1436 1481 1493 maun

412 1542 507 1600 doum
530 1542 662 1601 omnibus
682 1542 784 1600 turmis
803 1544 931 1617 equitum
953 1550 1070 1600 evectus
1087 1542 1246 1599 summovit
1260 1543 1384 1601 hostem.
1425 1541 1483 1596 'lun
1514 1564 1516 1598 1

442 1647 472 1704 in
496 1648 613 1708 minime
635 1648 774 1724 pertinaci
801 1667 907 1733 ganpre
933 1666 1039 1724 pugna
1062 1648 1104 1706 sie
1126 1646 1247 1704 fortuna
1268 1647 1396 1704 exercuit
1421 1665 1486 1721 opes
1514 1610 1516 1691 i

441 1759 474 1811 ut
500 1752 626 1828 insignes
657 1753 791 1828 utrinque
822 1754 919 1812 clades
950 1762 980 1810 et
1007 1753 1088 1812 clara
1112 1752 1243 1827 ipsorum
1275 1753 1380 1812 ducum
1404 1753 1486 1809 ederet

410 1855 553 1916 lifuncna.
599 1859 688 1920 Prior
707 1857 881 1920 Samnitium
906 1861 1074 1936 imperator,
1100 1876 1178 1933 aegre
1198 1859 1329 1933 patiens,
1358 1878 1413 1934 qno
1437 1868 1487 1914 tem

440 1959 576 2020 ferociter
596 1951 800 2040 adequitasset,
820 1965 888 2024 inde
909 1983 941 2023 se
961 1965 1044 2023 fundi
1063 1963 1227 2039 fugatique,
1250 1967 1363 2024 orando
1383 1967 1488 2024 horun-

411 2067 537 2143 7doque
559 2070 668 2144 equites
682 2071 815 2146 praelium
835 2071 1005 2146 integravit3
1025 2072 1056 2128 in
1070 2063 1156 2146 quem
1177 2069 1320 2146 insignem
1341 2070 1412 2128 inter
1431 2089 1491 2127 snos

440 2174 562 2232 mentem
589 2194 716 2251 pugnam
743 2177 883 2253 magister
909 2177 1040 2251 equitum
1067 2177 1220 2235 Romanus
1250 2175 1359 2234 infesta
1384 2177 1492 2251 cuspide

439 2279 482 2336 ita
495 2278 633 2355 'permisit
657 2301 773 2358 equum,
794 2292 827 2340 ut
849 2301 907 2340 uno
928 2283 987 2340 ictu
1009 2281 1170 2340 exanimem
1193 2299 1271 2355 equo
1301 2282 1492 2358 praeoipitarat
1514 2340 1516 2367 ἵ

439 2384 512 2455 Nec,
534 2395 566 2443 ut
584 2387 626 2458 fit,
648 2389 686 2445 ad
707 2388 788 2446 ducis
809 2405 909 2446 casum
937 2387 1071 2464 perculsa
1096 2387 1189 2462 magis
1211 2405 1299 2461 quam
1321 2388 1433 2446 ienitate
1457 2401 1495 2444 est
1514 2386 1515 2459 j

409 2487 607 2562 8multitndo;
630 2512 738 2564 omnes,
761 2495 810 2569 qui
833 2494 910 2552 circa
931 2503 1022 2564 erant,
1043 2492 1204 2552 inAulium
1226 2502 1337 2550 temere
1359 2495 1494 2552 invectum

408 2596 491 2673 ilper
510 2598 635 2657 hostium
658 2608 768 2658 turmas
790 2600 851 2658 tela
871 2600 1070 2667 coniecerunt;
1101 2596 1185 2655 fratri
1211 2597 1389 2674 praecipuum
1413 2599 1497 2656 decus

330 2683 334 2702 ⁸
400 2709 401 2715 ’
437 2703 490 2763 ulti
512 2704 685 2764 Samnitium
706 2703 890 2779 imperatoris
912 2705 944 2761 ἀί
964 2698 1113 2763 dederunt.
1170 2705 1202 2760 Is
1227 2705 1369 2762 victorem
1388 2705 1497 2760 detrac-

438 2819 498 2868 tum
519 2829 556 2868 ex
587 2828 661 2884 aquo
691 2810 862 2886 magistrum
893 2806 1021 2884 equitum
1049 2809 1152 2886 plenus
1180 2810 1310 2868 maeroris
1338 2819 1424 2884 atque
1450 2809 1498 2865 ira

438 2915 602 2986 trucidavit,
623 2933 677 2974 nec
698 2917 818 2974 multam
841 2915 928 2987 afuit,
957 2915 1026 2991 quin
1052 2935 1175 2992 corpore
1201 2915 1306 2986 etiam,
1334 2915 1402 2990 quia
1427 2915 1497 2972 inter

389 3021 424 3075 10
437 3019 556 3078 hostiles
578 3021 722 3080 ceciderat
740 3030 861 3092 turmas,
886 3021 1032 3081 Samnites
1052 3022 1222 3096 potirentur.
1275 3021 1335 3081 Sed
1355 3022 1498 3097 extemplo

437 3124 476 3182 ad
496 3125 586 3201 pedes
606 3128 776 3187 descensum
798 3129 837 3186 ab
857 3126 998 3189 Romanis
1011 3136 1064 3196 est,
1086 3127 1238 3202 coactique
1256 3128 1334 3184 idem
1356 3126 1498 3188 Samnites

436 3229 549 3301 iaceam
571 3242 599 3292 et
620 3234 770 3310 repentina
791 3235 868 3294 acies
889 3234 968 3291 circa
988 3250 1113 3308 corpora
1135 3234 1241 3290 ducum
1268 3234 1403 3308 pedestre
1423 3253 1497 3308 prue-

436 3337 506 3396 lium
527 3339 600 3412 iniit,
622 3359 679 3415 quo
700 3341 779 3398 haud
800 3339 1026 3414 dubiesuperat
1046 3340 1212 3411 Romanus,
1239 3348 1498 3414 recuperatumque

436 3443 518 3502 sulii
539 3448 644 3520 eorpus
667 3447 758 3504 mixta
780 3463 843 3504 cnm
867 3446 967 3505 dolore
988 3441 1087 3505 lautia
1108 3446 1233 3504 mauras
1254 3446 1285 3503 in
1305 3453 1405 3502 caetra
1426 3445 1497 3502 refe

272 3581 275 3598 ι
387 3556 420 3610 11
435 3558 511 3606 runt.
560 3549 719 3622 Samnites,
748 3552 820 3610 duce
847 3552 956 3610 amisso
977 3560 1006 3610 et
1026 3532 1079 3628 per
1100 3561 1233 3626 equestre
1261 3558 1410 3608 certamen
1440 3561 1498 3608 ten·

435 3654 504 3712 tetis
525 3655 650 3730 viribus,
681 3657 788 3716 omissa
809 3656 953 3729 Saticula,
981 3675 1069 3732 quam
1097 3639 1291 3732 nequicquam
1310 3655 1433 3715 defendi
1453 3677 1497 3715 re·

436 3760 550 3831 bantur,
571 3764 610 3855 ad
630 3763 756 3822 Plistica
777 3762 958 3820 obsidionem
978 3764 1113 3833 redeunt,
1144 3761 1279 3836 intraque
1300 3781 1412 3838 paucos
1439 3765 1498 3820 die

435 3864 566 3942 Saticula
594 3871 744 3928 Romanus
776 3887 828 3946 per
858 3869 1043 3940 deditionem,
1074 3868 1196 3926 Plistica
1224 3867 1357 3944 pervim
1379 3868 1496 3928 Samnis

434 3972 554 4046 potitur.
848 4035 852 4038 ,

341 4071 387 4142 23
517 4079 634 4137 Mutata
656 4081 740 4140 =inde
770 4080 839 4139 belli
877 4082 960 4140 sedes
995 4089 1055 4153 est3
1090 4080 1130 4138 ad
1162 4078 1267 4138 Soram
1300 4097 1338 4136 ex
1375 4080 1495 4140 Samnio

403 4182 601 4258 2Apuliaque
634 4188 773 4246 traductae
803 4186 940 4262 legiones.
995 4185 1071 4245 Sora
1102 4185 1141 4244 ad
1172 4183 1318 4243 Samnites
1350 4185 1493 4245 defecerat

433 4286 591 4346 interfectis
620 4291 729 4353 colosis
757 4291 967 4350 Romanorum
1023 4291 1090 4364 Quo
1119 4305 1209 4366 quam
1234 4291 1316 4367 prior
1343 4292 1494 4350 Romanus

434 4393 576 4450 meruitne
601 4396 638 4454 ad
659 4395 853 4454 ulciscendam
875 4394 980 4454 civium
1006 4416 1105 4456 necem
1137 4397 1428 4473 recuperandamque
1451 4418 1493 4456 co·
