3392 5084
876 516 942 562 vul

376 684 525 744 communi
547 682 614 744 usui
632 681 777 742 desfiuata
796 696 863 741 caan
885 698 1007 759 magna,
1036 681 1243 758 discipulerum
1274 683 1446 757 prasertim,

379 766 513 824 molestia
540 764 725 840 recipiuntur.
773 765 839 823 Nos
869 766 984 839 quidem
1013 765 1099 823 etiem
1129 754 1227 836 acedia,
1250 766 1348 835 clodus,
1376 767 1447 825 oedt's
1538 815 1539 829 ,

378 848 559 907 nominativo
580 865 650 907 casu
678 847 780 921 paucis
807 849 879 907 locis
901 849 1027 907 scribere
1051 848 1150 921 (etiam
1168 850 1259 925 piebis
1279 850 1322 918 11,
1352 850 1444 919 24,2
1538 878 1539 885 ι

319 948 323 953 ·
379 930 513 1007 sPL),
538 949 628 1008 quum
651 930 749 987 multis
769 932 902 1005 partibus
928 932 1034 1006 sapius
1061 931 1153 989 ultera
1174 931 1271 990 forma
1291 931 1446 1006 legeretur,

380 1014 465 1071 veriti
496 1032 609 1082 sumus3
638 1012 691 1071 etsi
720 1012 779 1083 bis,
809 1015 929 1088 opinor,
960 1015 1028 1071 aas
1059 1014 1206 1090 subrepsit
1237 1016 1275 1087 (1,
1300 1016 1349 1084 33,
1374 1018 1391 1071 9
1415 1027 1447 1073 at

379 1098 442 1169 IV,
471 1100 527 1168 25,
558 1100 601 1165 3).
651 1096 692 1153 Et
718 1097 868 1154 tamenin
899 1098 957 1155 hac
985 1096 1157 1155 nominativi
1185 1097 1283 1155 forma
1311 1097 1446 1155 codicum

379 1180 540 1239 auctoritas
566 1180 668 1253 aliqua
695 1188 753 1249 cst3
786 1180 819 1237 in
846 1180 896 1237 illo
928 1198 1048 1254 prorsus
1076 1178 1203 1237 ludimur
1232 1197 1311 1237 vana
1338 1180 1447 1255 specie,

379 1263 459 1338 quod
488 1263 519 1321 in
547 1262 769 1337 magistratuum
791 1263 898 1337 sapius
919 1264 957 1319 ab
977 1262 1087 1323 iisdem*
1102 1263 1268 1321 bominibus
1291 1273 1447 1338 captorum
1539 1278 1540 1309 2

378 1346 567 1403 annotatione
594 1345 681 1419 longe
701 1344 841 1419 plurimis
858 1345 929 1403 locis
951 1344 1099 1403 consulem
1121 1345 1246 1419 aliquem
1274 1356 1325 1403 aut
1353 1346 1446 1403 tribu·
1539 1422 1540 1425 Ἴ

378 1448 448 1485 num
484 1428 606 1486 militum
635 1426 757 1501 legimus
788 1430 906 1498 tatium,
935 1437 1081 1502 quartam,
1111 1431 1249 1502 quintum,
1280 1428 1447 1503 perpaucis,

378 1511 511 1569 codicum
530 1511 703 1569 auctoritate
721 1510 831 1568 scilicet
844 1521 975 1585 cogente,
998 1514 1086 1579 tertio,
1108 1520 1218 1585 quarto,
1240 1507 1353 1585 quirum
1375 1529 1445 1569 narn

380 1593 571 1651 certissimum
600 1603 654 1663 est,
682 1593 727 1649 his
759 1593 894 1650 omnibus
923 1593 995 1650 locis
1020 1594 1088 1651 olim
1122 1602 1173 1651 aut
1199 1594 1311 1651 numeri
1343 1603 1446 1651 notam

377 1674 468 1736 fuisse
490 1675 555 1751 (coc.
573 1676 637 1749 III)
661 1685 711 1733 aut
732 1676 902 1733 adverbium
926 1694 984 1733 non
999 1676 1084 1752 plene
1099 1676 1237 1751 scriptum
1260 1674 1329 1752 (ccc.
1352 1672 1446 1751 tert.);

377 1758 478 1833 itaque
499 1759 632 1815 omnibus
654 1758 725 1816 locis
749 1759 852 1815 eodem
876 1759 965 1817 modo
995 1758 1118 1835 exprimi
1141 1768 1266 1833 oportet.
1316 1759 1446 1815 Eadem·
1540 1754 1541 1779 ¹

378 1860 437 1914 que
455 1842 570 1899 ratione
591 1840 684 1915 (quod
697 1841 754 1916 ipsi
775 1838 813 1899 bb
833 1840 916 1899 initio
938 1860 997 1899 non
1015 1842 1190 1899 attendimus
1212 1860 1265 1899 nec
1287 1840 1446 1915 tenuimus)

377 1923 486 1997 ubique
507 1935 559 1983 aut
580 1924 702 1981 ιηιαηοι
719 1925 810 1998 plebis
831 1934 882 1980 aut
898 1920 1022 1981 tribunos
1038 1926 1117 1999 plebi
1130 1933 1182 1980 aut
1202 1924 1299 1999 potius
1323 1925 1448 1981 tabanos

374 2007 417 2080 pl.
445 2006 582 2081 scriptum
605 2006 743 2081 oportuit.
799 2006 877 2079 Quid
906 2016 950 2063 est
976 2008 1052 2065 enim
1080 2024 1185 2082 reapse
1212 2007 1326 2065 inanius
1356 2024 1447 2080 quam

378 2111 417 2180 V,
441 2114 489 2181 29,
513 2115 542 2186 6,
572 2130 661 2186 quum
682 2111 712 2167 in
735 2112 768 2167 M
796 2113 823 2168 P
844 2112 882 2169 sit
904 2096 940 2169 tr'.
957 2096 1001 2187 pl.
1032 2112 1077 2183 (M
1099 2095 1151 2170 thr.
1169 2095 1239 2187 pi),
1268 2128 1305 2167 ex
1333 2130 1391 2167 uno
1413 2110 1447 2167 Η
1541 2174 1542 2183 ¹

378 2193 507 2269 arripere
522 2195 609 2271 plebi,
638 2195 738 2251 eodem
762 2194 894 2269 eapite§
922 2202 931 2251 t
959 2204 988 2252 et
1010 2197 1038 2263 3,
1068 2194 1119 2251 ubi
1141 2194 1171 2250 in
1196 2194 1318 2269 optimis
1341 2194 1445 2251 eadam
1541 2190 1542 2204 ¹

380 2286 424 2332 est
442 2288 522 2347 nota,
545 2278 638 2353 plebis
665 2276 791 2334 scribere
821 2287 851 2333 et
871 2278 901 2333 in
930 2278 986 2334 hac
1011 2278 1206 2334 inconstantia
1228 2277 1384 2351 diligentias
1409 2292 1447 2333 ac

378 2360 446 2415 fidei
467 2360 583 2417 laudem
605 2378 734 2433 quaerere
755 2375 809 2417 uec
828 2360 999 2435 intelligere,
1022 2360 1052 2415 in
1075 2360 1175 2417 codice
1195 2360 1354 2435 archetypo
1379 2378 1447 2417 om-

378 2442 462 2498 nibus
484 2444 576 2500 tribus
598 2442 670 2520 locis
689 2443 766 2499 idem
787 2442 896 2499 fuisse?

461 2523 625 2583 Coniuncta
652 2527 728 2593 hac,
757 2542 823 2599 quaa
851 2525 984 2599 proxime
1013 2524 1105 2598 attigi,
1134 2523 1233 2597 aliquo
1262 2514 1364 2581 modox
1379 2532 1448 2581 suut

378 2624 444 2664 cum
466 2625 572 2665 vocum
593 2608 809 2666 scribendarum
825 2608 947 2664 ratione.
991 2606 1067 2662 Eam
1089 2606 1119 2662 iu
1140 2608 1196 2662 hac
1218 2606 1344 2663 editione
1366 2626 1448 2664 com·
1542 2626 1543 2637 ¹

379 2709 495 2747 munem
524 2701 554 2747 et
580 2691 730 2765 vulgarem
759 2708 823 2747 csse
853 2690 996 2745 voluimus
1025 2688 1087 2745 sine
1118 2688 1178 2744 ulla
1208 2688 1389 2763 antiquitatis
1419 2698 1449 2747 et

379 2772 518 2830 doctrinae
532 2772 726 2843 affectatione,
748 2773 784 2828 de
806 2790 865 2846 qua
878 2792 910 2828 re
933 2768 1050 2828 difficile
1067 2780 1111 2829 est
1133 2772 1262 2843 breviter
1282 2772 1325 2829 ite
1340 2770 1447 2839 dicere,

378 2863 490 2913 utnon
511 2857 666 2913 multorum
692 2855 946 2930 reprehensionem
976 2871 1010 2911 ac
1032 2872 1113 2931 pane
1143 2854 1303 2911 convicium
1326 2874 1447 2912 movea·
1539 2848 1542 2855 ‘

379 2956 454 2995 mus.
507 2939 605 2997 Latini
633 2938 788 3013 scriptores
811 2956 899 3011 quum
923 2936 986 2994 aliis
1007 2937 1140 2995 aetatibus
1163 2936 1221 2993 alia
1242 2954 1347 2995 vocum
1373 2938 1447 2995 scri·

378 3021 537 3079 baudarum
559 3023 672 3079 ratione
700 3020 744 3077 usi
766 3029 862 3076 essent
889 3038 942 3078 nec
964 3021 1066 3077 eodem
1088 3028 1219 3095 tempore
1240 3038 1340 3077 omnes
1361 3039 1446 3095 pror·
1498 3028 1502 3035 '

380 3122 431 3161 sus
453 3104 565 3173 eadem,
587 3122 640 3160 nec
661 3102 732 3160 nibil
753 3102 865 3159 librarii
886 3103 916 3161 in
942 3102 1131 3161 describendo
1147 3112 1306 3159 novassent
1329 3111 1357 3159 et
1379 3102 1447 3160 viti·

282 3220 287 3226 ·
380 3197 481 3243 assent
513 3188 615 3254 etiam,
648 3203 829 3243 communem
857 3184 984 3260 aliquam
1013 3185 1296 3261 constantioremque
1318 3177 1444 3242 formam

379 3270 562 3344 grammatici
585 3269 681 3343 quarti
710 3268 860 3342 quietique
892 3268 989 3325 saeculi
1019 3268 1238 3336 constituerunt,
1268 3268 1375 3342 partim
1406 3268 1446 3325 ad

378 3351 643 3433 pronuntiationem
670 3351 869 3419 recentiorem,
895 3351 1001 3427 partim
1032 3351 1070 3406 ad
1099 3350 1264 3425 analogiam
1296 3351 1444 3424 quandam

378 3435 599 3508 grammaticam
624 3434 889 3504 accommodatam
918 3435 948 3491 in
973 3432 1167 3508 antiquiorum
1198 3432 1371 3507 scriptorum
1394 3451 1444 3491 co·

379 3516 491 3573 dicibus
519 3518 662 3575 vetustior
689 3515 785 3574 forma
813 3516 855 3573 ita
877 3517 991 3585 mansit,
1024 3526 1056 3573 ut
1083 3516 1224 3592 paulatim
1254 3515 1444 3573 describendo

378 3599 504 3673 plurima
525 3618 563 3655 ex
586 3599 733 3657 communi
753 3600 1016 3657 intermiscerentur
1037 3616 1072 3655 ac
1093 3608 1241 3673 postremo
1263 3600 1324 3655 hac
1347 3598 1445 3656 vince·

378 3691 437 3751 ret,
472 3683 595 3738 servatis
626 3682 758 3759 pluribus
793 3682 1017 3756 paucioribusve
1049 3682 1215 3738 vetustioris
1236 3680 1375 3755 reliquiis,
1408 3700 1446 3739 ex

378 3764 471 3821 altera
498 3773 582 3839 parte
603 3764 701 3821 multis
730 3782 767 3821 ex
786 3765 888 3821 mediae
917 3765 1010 3821 aetatis
1033 3764 1147 3821 novicio
1170 3781 1205 3821 ac
1232 3772 1369 3838 corrupto
1390 3782 1445 3821 usu

377 3847 529 3922 susceptis.
588 3847 718 3905 Perutile
746 3846 834 3922 igitur
866 3856 895 3904 et
926 3866 1015 3921 quum
1052 3847 1090 3904 ad
1120 3847 1340 3921 grammaticam
1373 3856 1446 3917 tum,

379 3929 517 4004 quoniam
541 3930 692 4006 multiplex
714 3930 831 3988 errandi
859 3930 974 3988 occasio
1003 3949 1041 3987 ex
1069 3929 1213 3987 scribendi
1239 3928 1353 3985 ratione
1379 3928 1445 4003 ipsu

379 4021 409 4068 et
439 4032 477 4069 ex
508 4012 574 4070 eius
604 4012 764 4070 mutatione
792 4022 822 4070 et
853 4013 1036 4111 ignoratiope
1073 4011 1256 4081 nascebatur,
1289 4011 1327 4068 ad
1366 4030 1444 4068 verae

378 4093 527 4171 scripturas
549 4096 742 4153 inventionem
772 4105 802 4153 et
819 4096 957 4153 iudicium
987 4094 1181 4151 necessarium
1214 4104 1267 4165 est,
1307 4093 1444 4167 quicquid

378 4179 483 4236 veteris
498 4178 574 4236 illius
595 4178 697 4237 forma
718 4179 748 4235 in
765 4178 972 4253 antiquissimis
987 4177 1135 4235 codicibus
1151 4176 1284 4253 supersit,
1309 4176 1445 4233 annotari

378 4262 526 4338 et'colligi
546 4263 731 4337 speciemque
753 4261 881 4335 aliquam
903 4262 1071 4319 universam
1093 4259 1169 4319 effici
1198 4277 1322 4333 eamque
1348 4258 1445 4333 philo·

377 4342 452 4419 logis
473 4356 574 4403 notam
596 4363 675 4416 esse;
706 4346 736 4402 iu
759 4344 894 4419 exempla
916 4354 1046 4401 veterum
1068 4342 1251 4418 scriptorum,
1275 4359 1340 4415 quse
1361 4358 1443 4411 ccm-

377 4429 457 4486 muni
479 4429 627 4487 hominum
649 4429 715 4486 usui
736 4426 921 4501 maximeque
946 4444 1010 4501 quae
1032 4426 1138 4484 scholis
1160 4425 1353 4509 destinentur,
1381 4424 1443 4483 eius
