3392 5084
462 545 500 598 76
710 540 790 589 Liber
801 539 837 588 11.
874 539 920 603 (A.
940 553 965 588 n.
985 554 1006 587 c.
1027 541 1186 604 stt-ata.)

418 723 559 778 adversus
586 723 645 779 vim
668 741 728 780 nsae
752 721 934 780 declinavere
966 721 1131 797 paululum,
1164 720 1313 795 effuseque
1346 721 1476 796 prelatos
1527 789 1528 822 1

418 827 517 882 hostes
538 827 686 883 conversis
705 827 795 901 signis
817 828 854 883 ab
877 837 959 901 tergo
984 828 1094 884 adortae
1118 837 1193 886 sunt.
1252 828 1301 884 Ite
1332 826 1362 883 in
1385 827 1475 883 madio
1527 837 1528 848 ¹

389 934 511 1006 8prope
542 931 601 988 iam
633 932 758 989 victores
785 933 851 989 caesi
886 933 1011 989 Etrusci.
1089 932 1164 988 Pars
1199 932 1375 1007 perexigua,
1410 933 1476 988 duce

419 1038 537 1107 amisso,
559 1038 629 1112 quia
651 1038 761 1094 nullum
783 1039 903 1112 propius
925 1037 1087 1113 perfugium
1111 1044 1190 1107 erat,
1211 1038 1338 1094 Romam
1359 1036 1477 1095 inernies

335 1155 338 1160 ·
419 1151 449 1199 et
468 1141 586 1200 fortuna
610 1151 639 1199 et
660 1142 756 1216 specie
777 1143 937 1218 supplicum
961 1144 1050 1200 delati
1072 1149 1147 1203 sunt.
1216 1141 1262 1198 Ibi
1286 1143 1411 1217 benigne
1432 1163 1478 1199 ex·
1528 1101 1529 1142 l

388 1246 494 1320 saepti
515 1245 658 1319 divisique
685 1247 714 1304 in
736 1248 872 1323 hospitia.
932 1247 1048 1306 Curatis
1076 1247 1253 1316 vulneribus,
1284 1247 1333 1304 alii
1360 1247 1478 1323 profecti

419 1351 533 1421 domos,
564 1353 657 1408 nuntii
676 1352 863 1426 hospitalium
886 1354 1108 1426 beneficiornm3
1131 1353 1236 1410 multos
1261 1353 1365 1410 Romae
1385 1353 1478 1427 hospi·
1529 1429 1530 1438 ἵ

418 1465 479 1512 tnm
501 1457 638 1530 urbisque
659 1457 766 1514 caritas
787 1458 887 1516 tenuit.
935 1459 991 1515 His
1013 1459 1093 1515 locus
1117 1459 1156 1515 ad
1176 1458 1366 1516 habitandum
1390 1459 1478 1525 datus,
1529 1447 1530 1460 ¹

420 1579 505 1635 quem
528 1561 632 1618 deinde
653 1563 783 1619 Tuscum
805 1564 901 1620 vicum
924 1563 1116 1638 appellarunt.

370 1664 408 1731 15
504 1667 539 1725 Ρ.
555 1665 707 1724 Lucretius
728 1667 795 1724 inde
816 1678 845 1724 et
866 1671 901 1727 P.
914 1669 1051 1726 Valerius
1073 1668 1227 1727 Publicola
1248 1668 1382 1726 consules
1403 1665 1477 1724 facti.

225 1751 333 1868 ‘2⁶⁰0ss
346 1754 406 1869 {3}
419 1771 465 1828 Eo
487 1789 564 1827 anno
586 1781 764 1846 postremum
786 1771 875 1846 legati
897 1793 914 1830 a
937 1775 1081 1832 Porsinna
1104 1774 1140 1831 de
1171 1774 1336 1831 reducendo
1361 1772 1392 1829 in
1418 1789 1476 1844 reg·

419 1894 488 1931 num
510 1876 673 1950 Tarquinio
694 1888 847 1947 venerunt;
870 1879 974 1954 quibus
999 1898 1087 1954 quum
1108 1897 1280 1954 responsum
1303 1887 1396 1947 esset,
1416 1877 1478 1933 mis·

419 1997 518 2037 surum
540 1983 579 2037 ad
599 2000 696 2056 regem
719 1991 852 2040 senatum
873 1985 996 2058 legatos,
1017 1985 1097 2041 missi
1119 1983 1270 2042 confestim
1294 1981 1477 2040 honoratissi-

389 2086 483 2142 2mus
506 2085 628 2160 quisque
650 2107 666 2144 e
688 2089 829 2162 patribus.
872 2089 941 2146 Non
964 2090 1033 2163 quin
1054 2089 1180 2146 breviter
1202 2089 1284 2147 reddi
1312 2105 1477 2163 responsum

419 2191 555 2266 potuerit,
579 2211 635 2249 non
659 2193 749 2267 recipi
770 2210 864 2266 reges,
887 2192 953 2250 ideo
975 2193 1072 2268 potius
1092 2194 1219 2252 delectos
1233 2201 1351 2269 patrum
1367 2192 1404 2249 ed
1420 2207 1476 2247 enm
1531 2179 1532 2198 ³

420 2297 533 2367 missos,
565 2315 653 2372 quam
671 2297 780 2372 tegatis
807 2298 870 2354 eins
891 2301 993 2357 Roma
1015 2300 1133 2356 daretur
1154 2315 1343 2374 responsum,
1379 2296 1430 2352 sed
1452 2303 1478 2350 ut
1531 2275 1532 2278 Ἴ

418 2402 641 2476 inperpetuum
665 2403 771 2459 mentio
798 2403 860 2459 eiua
884 2404 927 2460 rei
947 2404 1094 2474 finiretur,
1126 2422 1182 2460 neu
1208 2403 1239 2459 in
1268 2401 1356 2459 tantis
1378 2399 1476 2458 mutuis

419 2507 565 2564 beneficiis
585 2508 615 2563 in
629 2507 722 2563 vicem
738 2507 826 2564 animi
840 2498 1072 2578 sollicitarentur,
1096 2527 1184 2582 quum
1199 2508 1247 2564 ille
1262 2515 1383 2583 peteret,
1406 2503 1476 2580 quod

420 2621 522 2669 contra
542 2611 704 2668 libertatem
726 2610 827 2686 populi
848 2612 975 2669 Romani
998 2623 1082 2682 esset,
1103 2613 1239 2682 Romani,
1260 2613 1315 2669 nisi
1337 2611 1368 2668 in
1389 2609 1476 2687 perni-

420 2717 493 2774 ciem
521 2734 603 2772 suam
633 2714 734 2772 faciles
761 2733 825 2772 esse
849 2718 971 2788 vellent,
1003 2726 1152 2792 negarent,
1174 2717 1220 2774 cni
1247 2717 1319 2774 nibil
1346 2726 1476 2792 negatum

390 2822 535 2880 dvellent.
577 2822 647 2878 Non
674 2821 703 2876 in
725 2838 815 2894 regno
837 2822 977 2896 populum
999 2824 1179 2892 Romanum,
1215 2822 1266 2879 sed
1293 2824 1323 2880 in
1351 2823 1477 2879 libertate

420 2945 492 2985 esse.
537 2927 584 2983 Ita
604 2925 753 2982 induxisse
773 2925 803 2980 in
825 2925 973 2995 animum,
1001 2927 1132 2984 hosubus
1154 2927 1250 3002 potius
1268 2935 1371 3003 portae
1398 2941 1476 3000 qaam

420 3031 537 3106 regibus
568 3029 751 3105 patefacer03
785 3049 822 3087 ea
843 3049 907 3088 esse
935 3040 1005 3089 vota
1038 3033 1182 3102 omnium,
1210 3043 1251 3103 ut,
1280 3032 1331 3107 qui
1359 3025 1478 3089 libertati

392 3138 477 3196 derit
496 3137 526 3194 in
548 3137 599 3193 illa
619 3135 691 3191 urbe
710 3135 785 3205 finis,
805 3135 883 3192 idam
905 3136 971 3194 urbi
992 3137 1039 3199 sit.
1088 3139 1225 3209 Proinde,
1247 3139 1273 3196 si
1287 3137 1402 3194 salvam
1424 3151 1478 3192 esse

390 3241 673 3311 atellanorum,
705 3249 737 3296 nt
765 3240 894 3315 patiatur
913 3241 1035 3299 liberam
1059 3261 1137 3314 esse,
1159 3261 1253 3300 orare.
1317 3244 1384 3300 Rex
1405 3257 1477 3298 vere-

420 3348 527 3407 cundie
549 3348 643 3403 victus
667 3345 811 3427 ,Quando
832 3346 861 3402 id
884 3356 993 3404 certum
1022 3356 1110 3421 atque
1139 3349 1315 3406 obstinatum
1347 3353 1410 3405 θεν*
1442 3347 1477 3402 in·

421 3454 491 3529 quit,
516 3470 629 3526 „neque
650 3469 704 3525 ego
727 3451 887 3507 obtundam
902 3453 1007 3527 saepius
1028 3455 1130 3510 eadem
1152 3455 1345 3528 nequicquam
1363 3451 1478 3528 agendo,

420 3577 474 3616 nec
486 3557 663 3632 Tarquinios
685 3573 737 3630 spa
759 3555 870 3626 auxilii,
891 3557 970 3630 quod
991 3557 1101 3614 nullum
1119 3559 1149 3615 in
1171 3577 1217 3616 me
1238 3569 1290 3628 est,
1312 3557 1477 3614 frustrabor.

420 3664 521 3721 Alium
544 3663 621 3732 hinc,
643 3679 694 3718 seu
715 3659 792 3718 bello
823 3677 897 3735 opus
928 3671 972 3718 est
1002 3681 1052 3719 seu
1076 3664 1189 3740 quiete,
1223 3663 1324 3720 exsilio
1355 3667 1478 3737 quaerant

391 3770 527 3839 blocum,
548 3787 585 3825 ne
608 3767 678 3842 quid
693 3784 787 3822 meam
801 3765 952 3824 vobiscum
971 3786 1073 3842 pacem
1089 3769 1254 3829 distineat“.
1296 3768 1393 3825 Dictis
1408 3767 1478 3825 facta

421 3874 561 3931 amiciora
576 3871 695 3945 adiecit3
717 3869 850 3927 obsidum
874 3873 953 3946 qnod
973 3873 1115 3948 reliquum
1128 3885 1200 3945 erat,
1223 3873 1362 3941 reddidit3
1385 3887 1478 3948 agrum

391 3987 406 4038 7
421 3976 583 4048 Veientem,
603 3975 721 4033 foedere
736 3975 773 4032 ad
788 3974 950 4034 Ianiculum
962 3978 1019 4035 icto
1034 3980 1210 4054 ademptum,
1234 3978 1367 4036 restituit.
1413 3979 1478 4034 Tar·

421 4083 545 4159 quinino,
566 4101 618 4157 spe
639 4079 718 4138 omni
739 4079 849 4136 reditus
870 4079 979 4152 incisa,
1012 4085 1175 4141 exsulatum
1202 4084 1240 4142 ad
1260 4102 1401 4159 generum
1422 4083 1478 4140 Ma-

421 4187 530 4244 milium
560 4186 725 4245 Octavium¹
744 4186 905 4244 Tusculum
939 4188 1019 4246 abiit.
1068 4189 1210 4247 Romanis
1238 4207 1299 4264 pax
1326 4188 1387 4244 fide
1417 4179 1478 4264 [ita]

421 4311 487 4350 curn
508 4293 654 4351 Porsinna
674 4291 737 4348 fuit.
