3392 5084
486 495 541 550 156
781 488 859 538 Liber
875 487 925 540 11.
961 488 1041 551 (Au
1051 501 1075 538 c.
1085 485 1158 548 tta)

392 675 556 736 ttfoeeru.
612 675 718 748 Itaque
752 692 840 748 quum
879 691 946 748 spes
980 671 1061 728 nulla
1095 681 1187 742 esset,
1221 670 1325 727 diutius
1357 672 1473 736 obsessos

438 781 565 857 inopiam
598 781 723 850 laturos,
755 777 848 838 coacti
880 777 1041 846 Samnites,
1073 775 1123 850 qni
1152 775 1192 832 ad
1217 775 1363 832 Luceriam
1391 787 1475 834 casua

440 887 601 958 habebant,
646 885 776 960 undique
817 882 972 941 conuectis
1010 882 1119 940 viribus
1154 883 1239 958 signa
1277 898 1338 937 cum
1370 883 1476 956 Papirio

440 990 578 1051 conferre.

345 1092 385 1162 14
521 1099 580 1155 Per
600 1097 631 1154 id
651 1107 773 1171 tempus,
795 1094 965 1170 parantibus
986 1091 1116 1167 utrisque
1139 1111 1172 1150 se
1192 1093 1230 1150 ad
1246 1093 1383 1166 proelium,
1400 1093 1479 1168 legati

373 1237 377 1253 ι
440 1203 589 1262 Tarentini
616 1202 822 1269 interveniunt,
854 1199 1056 1258 denuntiantes
1087 1197 1266 1256 Samnitibus
1291 1200 1480 1273 Romanaque,

439 1321 472 1366 ut
491 1308 597 1367 beilum
620 1308 797 1366 omitterent:
827 1326 881 1381 per
901 1316 983 1362 utros
1004 1303 1146 1373 stetisset,
1175 1323 1234 1378 quo
1255 1305 1347 1368 minus
1365 1305 1481 1360 diseede·

361 1446 363 1460 ·
438 1427 518 1474 retur
552 1417 589 1471 ub
627 1414 728 1482 armis,
765 1413 904 1470 sdversns
939 1429 989 1468 eos
1021 1428 1054 1468 se
1087 1427 1140 1484 pro
1176 1408 1275 1466 alteris
1309 1421 1480 1485 pugnaturos.

409 1522 485 1580 usa
505 1513 649 1596 legatione
669 1519 805 1595 Papirius
826 1517 941 1586 andita,
968 1516 1087 1592 perinde
1108 1534 1144 1571 ac
1164 1525 1261 1572 motus
1283 1517 1364 1574 dictis
1383 1535 1483 1583 eorum,

439 1646 503 1686 cum
540 1626 652 1701 collega
683 1643 715 1682 se
749 1623 1024 1682 communicaturum
1063 1622 1226 1696 respondit3
1266 1623 1411 1697 accitoque
1444 1641 1482 1686 oo,

440 1751 527 1808 quum
549 1739 662 1806 ternpus
684 1749 768 1788 omne
788 1731 818 1787 in
846 1739 989 1803 apparatu
1019 1743 1123 1802 pugnae
1140 1729 1377 1803 consumpsisset,
1403 1728 1484 1785 eollo
1521 1786 1522 1795 ,

409 1842 521 1896 :tentus
541 1837 577 1894 de
590 1855 623 1893 ro
645 1837 724 1894 haud
745 1837 843 1906 dubia,
865 1834 978 1908 signum
1000 1850 1105 1907 pugnae
1126 1835 1288 1908 proposuit.
1335 1834 1484 1908 Agentibus

440 1943 538 2000 divina
558 1943 752 2016 humanaque,
775 1960 839 2016 qum
860 1940 998 2008 assolent,
1019 1957 1107 2012 quum
1130 1937 1192 1996 acie
1223 1939 1415 1996 dimicandum
1440 1950 1484 1994 est

330 2099 340 2106 .
440 2049 603 2108 consulibus
625 2047 775 2104 Tarentini
795 2046 885 2123 legati
905 2063 1067 2114 occursare,
1088 2063 1259 2120 responsum
1281 2056 1485 2120 exspectantem

409 2156 543 2231 aquibus
560 2154 696 2229 Papirius
719 2153 773 2210 ait:
797 2152 957 2226 „Auspicia
978 2151 1105 2209 secunda
1128 2168 1200 2217 esse,
1222 2150 1384 2218 Tarentini,
1403 2152 1483 2226 pulla·

438 2261 498 2318 rius
519 2259 644 2328 nuntiat;
665 2258 777 2316 litatum
799 2269 940 2332 praeterea
960 2269 1005 2314 est
1026 2238 1153 2332 egregi03
1183 2256 1349 2314 auctoribus
1373 2258 1436 2326 diis,
1460 2269 1485 2312 nt
1521 2276 1522 2315 ι

410 2365 557 2435 bridetis,
587 2365 624 2422 ad
653 2383 713 2422 rem
740 2363 896 2439 gerendam
924 2363 1162 2438 proficiscimur
1217 2362 1310 2438 Signa
1336 2364 1404 2420 inde
1428 2363 1487 2420 ferri

439 2471 521 2528 iussit
549 2481 577 2528 et
596 2470 695 2545 copias
726 2470 840 2538 eduxit,
871 2469 1058 2526 vanissimam
1087 2468 1240 2543 increpans
1270 2481 1396 2544 gentem,
1423 2487 1487 2544 que,

439 2595 556 2636 suerum
582 2576 725 2651 impotens
754 2595 849 2634 rerum
881 2594 940 2650 prae
972 2573 1136 2632 domesticis
1166 2575 1356 2632 seditionibus
1387 2577 1488 2632 discor·
1520 2626 1521 2635 ,

440 2684 560 2759 diisque,
592 2681 656 2740 aliis
677 2683 794 2740 modum
816 2681 898 2756 pacis
919 2699 955 2738 ac
986 2681 1055 2738 belli
1086 2679 1183 2736 facere
1214 2699 1330 2755 aequum
1361 2692 1489 2739 censeret
1520 2662 1521 2667 ἵ

409 2789 585 2850 SSarnnites
607 2806 645 2844 ex
665 2797 748 2862 perte
769 2785 875 2855 altera,
907 2805 996 2860 quum
1024 2805 1137 2844 omnem
1160 2804 1264 2844 curam
1282 2788 1350 2844 belli
1372 2787 1488 2844 remisis-

439 2905 511 2966 sent,
534 2894 602 2969 quia
624 2903 674 2950 eut
694 2910 795 2967 pacem
818 2910 887 2948 vere
907 2892 1071 2965 cupiebant,
1093 2902 1144 2949 aut
1157 2893 1335 2967 expediebat
1353 2893 1489 2957 simulare,

439 3011 471 3058 ut
492 3000 666 3058 Tarentinos
693 2999 748 3056 sibi
780 2997 980 3066 conciliarent,
1011 3015 1100 3072 quum
1132 2998 1288 3055 instructos
1312 3010 1430 3074 repente
1458 2997 1489 3052 ad

409 3110 426 3163 7
438 3124 565 3182 pugnem
590 3106 740 3163 Romanos
761 3103 987 3178 conspexissent,
1011 3101 1179 3171 vociferari,
1206 3121 1239 3159 se
1266 3104 1297 3159 in
1325 3103 1489 3161 auctoritate

439 3211 663 3278 Tarentinorum
701 3227 817 3266 manere
854 3227 909 3265 nec
948 3209 1121 3266 descendere
1147 3208 1177 3264 iu
1204 3209 1297 3266 aciem
1332 3229 1387 3266 nec
1415 3220 1489 3265 extra

439 3317 546 3375 vallum
572 3335 655 3373 arma
676 3315 767 3383 ferre3
796 3313 932 3388 deceptos
952 3314 1063 3388 potins,
1093 3314 1287 3389 quodcunque
1308 3333 1393 3393 casus
1414 3314 1488 3375 ferat

439 3441 586 3499 passuros,
607 3441 694 3496 qnam
709 3431 741 3478 ut
762 3420 905 3495 sprevisse
926 3419 1007 3495 pacis
1028 3431 1161 3479 auctores
1182 3421 1359 3478 Tarentinos
1379 3420 1488 3477 videan-

409 3529 494 3585 8tur.
541 3528 684 3602 Accipere
704 3545 736 3583 se
757 3543 842 3582 omen
864 3525 997 3582 consules
1017 3525 1098 3582 aiunt
1135 3537 1164 3584 et
1195 3545 1260 3584 eam
1283 3527 1397 3601 precari
1419 3543 1487 3582 men·

409 3635 496 3690 9tem
521 3634 662 3702 hostibus,
683 3641 715 3688 ut
736 3651 773 3688 ne
793 3632 901 3689 vallum
924 3631 1039 3707 quidem
1069 3631 1234 3692 defendant.
1263 3686 1266 3704 ,
1283 3632 1345 3707 Ipsi
1371 3632 1488 3689 interae

438 3739 552 3816 partitis
573 3739 663 3814 copiis
685 3739 840 3795 succedunt
860 3739 985 3795 hostium
1001 3728 1198 3807 munimentis,
1219 3748 1250 3794 et
1266 3737 1353 3795 simul
1373 3737 1488 3809 undique

439 3845 543 3916 adorti,
564 3863 651 3919 quum
674 3862 742 3920 pars
763 3844 859 3902 fossas
880 3844 1043 3919 explerent,
1073 3863 1142 3921 pars
1163 3844 1303 3902 vellerent
1322 3843 1430 3900 vallum
1451 3849 1487 3897 at

440 3969 496 4026 que
528 3951 558 4008 in
590 3949 689 4008 fossas
723 3960 905 4027 proruerent,
939 3968 992 4006 nec
1014 3950 1105 4007 virtus
1128 3950 1216 4007 modo
1240 3949 1343 4019 insita,
1369 3951 1422 4007 ssd
1450 3948 1487 4004 ira
1519 3936 1520 3939 ¹

440 4058 527 4116 etiam
548 4056 729 4114 exulceratos
743 4055 903 4131 ignominia
916 4055 1077 4113 stimularet
1090 4056 1213 4124 animos,
1233 4067 1331 4114 castra
1351 4057 1485 4114 invasere:

390 4163 427 4218 to
440 4173 468 4220 et
488 4182 541 4238 pro
563 4181 594 4219 se
616 4163 751 4240 quisque,
781 4181 839 4218 non
861 4163 922 4220 haec
941 4161 1069 4219 furculas
1090 4182 1143 4220 uec
1167 4161 1310 4220 Caudium
1331 4183 1386 4221 uec
1405 4163 1485 4220 natm

438 4268 532 4325 invios
554 4285 625 4338 esse,
647 4269 695 4325 ubi
718 4287 843 4324 errorem
865 4268 946 4325 fraus
964 4269 1091 4344 superbe
1112 4269 1237 4338 ricmset,
1260 4270 1312 4326 aed
1333 4271 1484 4326 Romanam
