3392 5084
488 501 544 557 tet
731 498 809 548 Liber
826 498 873 550 lx.
910 499 996 563 (nu.
1011 516 1033 550 c.
1048 504 1213 567 ses-me.)

395 683 426 738 ll
442 681 547 743 bellum
570 680 666 740 luisse¹
681 683 809 754 dixisset,
831 685 910 759 qnod
923 684 1007 760 Epiri
1020 705 1119 763 regem
1131 689 1340 759 Alexandrum,
1354 689 1479 748 mortifero

443 787 562 846 vnlnere
582 788 681 859 ictum,
710 788 818 848 dixisse
836 788 947 859 ferunt,
969 798 1076 848 sortem
1098 793 1240 852 bellorum
1262 796 1292 852 in
1312 795 1382 852 Asia
1400 806 1479 870 gesto

393 894 430 950 12
441 913 505 952 rum
528 894 565 950 ab
580 895 636 952 hoc
649 894 714 970 ipso
728 894 832 952 iuvene
846 913 912 954 cum
932 912 987 951 sua
1000 895 1206 960 conferentem.
1248 901 1388 976 Equidem
1408 921 1480 976 quun

441 1019 494 1076 per
525 1015 617 1058 annos
645 1009 782 1075 quattuor
813 1009 841 1059 et
867 1001 971 1076 viginti
998 1003 1092 1077 primo
1117 1006 1232 1063 Punico
1260 1007 1337 1064 bello
1364 1008 1481 1064 classhus

443 1115 581 1163 certatum
617 1124 682 1162 cum
703 1106 802 1163 Poenis
825 1108 977 1179 recordor,
1009 1109 1061 1166 vix
1082 1119 1196 1168 nentem
1218 1112 1379 1170 Alexandri
1397 1111 1482 1170 sullec-

392 1212 428 1266 13
442 1221 537 1270 turam
564 1211 655 1270 fuisse
688 1230 755 1268 reor
785 1212 823 1268 ad
851 1233 940 1272 unum
953 1214 1077 1288 bellum.
1125 1217 1166 1274 Et
1191 1216 1330 1286 forsitan,
1358 1237 1436 1292 quum
1460 1229 1481 1274 et
1519 1240 1521 1255 ¹

442 1317 599 1376 foederibus
622 1316 744 1376 vetustis
764 1317 863 1377 iuncta
884 1337 931 1376 res
953 1321 1065 1378 Punica
1088 1296 1230 1378 Romanae
1250 1331 1341 1393 esset,
1368 1334 1394 1380 et
1413 1325 1483 1380 timer
1519 1302 1521 1305 Ι

441 1444 496 1500 per
533 1424 672 1482 adversus
706 1441 888 1482 communem
917 1427 1030 1483 hostem
1058 1427 1131 1484 duas
1163 1428 1379 1503 potentissimas
1412 1429 1483 1485 mnis

345 1553 348 1561 ¹
441 1529 569 1604 virisque
584 1531 669 1586 urbes
689 1539 825 1600 maret,
846 1531 933 1588 simul
946 1532 1059 1590 Punico
1073 1535 1267 1608 Romamne
1289 1535 1405 1591 obrutus
1424 1535 1484 1592 bello
1519 1604 1521 1615 Ι

392 1637 428 1693 14
443 1646 528 1696 esset.
571 1637 641 1694 N'on
669 1634 785 1708 quidem
807 1636 979 1694 Alexandro
1000 1638 1073 1695 duce
1094 1658 1147 1696 nec
1166 1640 1287 1714 integris
1310 1640 1484 1697 Macedonum
1519 1656 1521 1727 p

442 1743 544 1812 rebus,
578 1742 629 1798 sed
653 1742 764 1816 experti
785 1750 892 1800 'tamen
915 1753 982 1800 sunt
1012 1745 1139 1802 Romani
1170 1745 1363 1802 Macedonem
1390 1747 1485 1802 hostem
1519 1742 1521 1861 ³

335 1915 344 1938 Ι
443 1849 582 1906 adversus
598 1848 787 1920 Antiochum,
808 1849 986 1924 Philippum,
1007 1851 1126 1921 Persen,
1147 1870 1207 1907 non
1225 1851 1315 1930 modo
1336 1870 1399 1910 cum
1418 1851 1487 1907 clade
1519 1874 1521 1929 Ι

391 1955 428 2009 15
443 1955 513 2025 ulla,
534 1954 584 2010 sed
605 1973 642 2010 ne
663 1973 728 2012 cum
755 1955 885 2030 periculo
910 1955 1026 2029 quidem
1052 1975 1115 2014 suo.
1166 1957 1255 2014 Absit
1279 1958 1389 2015 invidia
1411 1959 1486 2013 verbe
1519 1946 1521 2069 ³

443 2071 472 2119 et
492 2061 588 2118 civilia
608 2061 685 2119 bella
709 2060 827 2131 sileant3
860 2060 1021 2136 [nunquam
1043 2063 1081 2119 ab
1103 2063 1198 2136 equite
1221 2061 1331 2140 hoste,]
1357 2082 1487 2137 nunquan
1519 2076 1521 2161 ³

442 2188 461 2226 a
483 2168 589 2243 pedite,
615 2185 762 2241 nunquam
791 2176 895 2242 aperta
917 2168 987 2237 acie,
1008 2187 1156 2242 nunquam
1178 2168 1285 2242 eequis,
1316 2170 1413 2244 utique
1429 2187 1487 2224 nnn·
1519 2224 1521 2275 Ι

392 2271 428 2326 16
443 2293 531 2349 quem
553 2272 659 2330 nostris
679 2273 752 2330 locis
774 2272 985 2344 laboravimus3
1014 2253 1149 2349 eqnit'em,
1179 2273 1319 2348 sagittas,
1340 2275 1428 2332 saltus
1445 2274 1488 2330 im·
1519 2290 1521 2293 ·

444 2381 571 2456 pedites,
604 2379 671 2435 avie
703 2363 911 2436 commeatibus
933 2379 1008 2440 ,loca
1040 2379 1139 2455 gravis
1171 2379 1260 2435 armis
1290 2380 1375 2437 miles
1405 2380 1491 2436 timere
1519 2392 1521 2395 ·

393 2485 428 2538 17
444 2494 548 2562 potest
575 2482 672 2540 'Mille
693 2484 769 2541 acies
798 2483 949 2559 graviores
970 2503 1058 2558 quam
1080 2485 1276 2542 Macedonum
1305 2495 1394 2561 atque
1412 2487 1492 2544 Alex·

445 2591 528 2649 andri
551 2590 656 2651 avertit
677 2598 862 2664 eventuque,
888 2590 975 2646 modo
996 2590 1034 2646 sit
1053 2599 1210 2665 perpetuus
1229 2590 1327 2661 huius,
1353 2611 1411 2666 qua
1429 2593 1493 2648 vivi·

445 2715 518 2768 mus,
538 2697 620 2772 pacis
642 2713 725 2750 amor
746 2704 775 2750 et
796 2695 888 2752 civilis
909 2713 979 2752 cura
1000 2695 1170 2753 concordiae.

263 2847 265 2851 ,
343 2793 390 2865 20
527 2803 570 2860 M.
589 2800 705 2858 Foslius
728 2800 868 2858 Flaccina
885 2801 952 2857 inde
973 2811 1003 2858 et
1029 2802 1065 2859 L.
1088 2801 1222 2858 Plautius
1242 2801 1354 2858 Venox
1374 2803 1496 2860 consules

261 2882 522 3002 ffliigfmi·
564 2907 610 2964 Εο
633 2924 709 2963 anno
730 2906 768 2963 ab
787 2905 986 2981 frequentibus
1006 2906 1180 2966 Samnitium
1201 2908 1320 2982 populis
1339 2908 1377 2964 de
1396 2908 1494 2965 federe

409 3013 609 3078 2renovando
631 3012 720 3087 legati
741 3031 828 3086 quum
851 3021 983 3080 senatum
1002 3013 1084 3070 humi
1104 3013 1189 3070 strati
1206 3010 1377 3083 movissent,
1406 3014 1494 3070 reiecti

441 3121 480 3178 ad
515 3120 654 3196 populum
689 3118 919 3192 haudquaquam
953 3128 1013 3176 tam
1046 3116 1180 3174 efficaces
1210 3119 1362 3176 habebant
1393 3138 1495 3194 preces

409 3227 546 3302 3Itaque
570 3227 606 3283 de
627 3223 735 3282 foedere
757 3233 908 3298 negatum3
929 3224 1047 3281 indutiae
1067 3223 1183 3294 biennii,
1205 3242 1295 3298 quum
1317 3244 1371 3300 per
1391 3226 1494 3300 aliquot

407 3334 500 3390 4dies
522 3333 693 3408 fatigassent
714 3329 842 3404 singulos
863 3330 1011 3404 precibus,
1037 3331 1205 3404 impetrate.
1258 3331 1300 3386 Et
1327 3351 1366 3388 ex
1392 3332 1493 3406 Apulia

440 3439 606 3495 Teanenses
616 3435 811 3508 Canusinique
825 3436 1060 3510 populationibus
1071 3435 1149 3503 fessi,
1171 3435 1322 3492 obsidibus
1339 3438 1375 3494 L.
1384 3439 1494 3496 Plautio

408 3546 424 3598 5
441 3543 552 3600 consuli
573 3540 662 3612 datis,
683 3540 713 3596 in
735 3539 909 3597 deditionem
938 3551 1112 3600 venerunt..
1136 3539 1251 3598 Eodem
1276 3559 1355 3600 anno
1375 3544 1493 3618 primum

439 3648 568 3725 preelecti
590 3645 720 3722 Capuam
743 3647 834 3704 creari
861 3647 963 3721 coepti,
992 3646 1105 3721 legibus
1132 3647 1170 3702 ab
1196 3646 1231 3703 L.
1261 3647 1354 3704 Furio
1375 3661 1494 3724 praeture

440 3755 525 3826 datis,
547 3773 635 3828 quum
658 3761 809 3826 utrumque
829 3751 885 3826 ipsi
911 3772 965 3828 pro
986 3745 1113 3810 remedio
1134 3751 1219 3825 aegris
1246 3753 1334 3811 rebus
1356 3755 1494 3813 discordia

406 3861 573 3918 hintestina
599 3843 749 3936 petissent;
772 3868 800 3914 et
829 3859 893 3915 duae
913 3859 1015 3915 Romae
1036 3857 1142 3914 additas
1162 3858 1269 3930 tribus,
1297 3858 1443 3918 Ufentina
1466 3877 1494 3915 ec

436 3967 573 4025 Falerna.
626 4000 629 4010 ·
694 3965 697 3971 ’
730 3965 732 3972 ’

410 4076 425 4128 7
523 4059 672 4129 Inclinatis
703 4069 792 4128 semel
821 4070 851 4126 in
872 4070 983 4144 Apulia
1013 4072 1110 4137 rebus,
1132 4069 1239 4126 Teates
1269 4089 1388 4146 quoque
1410 4071 1492 4147 Apuli

262 4157 425 4207 ‘mm‘
440 4179 477 4235 nd
498 4195 590 4235 novos
613 4176 759 4246 consules,
790 4173 823 4232 O.
844 4175 959 4232 lunium
981 4175 1159 4246 Bubulcum,
1188 4175 1224 4248 Q.
1245 4176 1402 4234 AEmilium
1429 4180 1491 4236 Bar·

264 4225 426 4276 A'cb'w‘
441 4283 554 4354 hulam,
581 4281 676 4346 foeurs
706 4281 826 4356 petitum
854 4293 1008 4353 venerunt,
1035 4282 1116 4358 Pacis
1143 4301 1196 4357 Per
1219 4301 1335 4340 ⁰¹¹¹¹¹⁰m
1358 4283 1489 4359 Apuliam
