<?xml version="1.0" encoding="UTF-8"?>
<!DOCTYPE html PUBLIC "-//W3C//DTD XHTML 1.0 Transitional//EN"
    "http://www.w3.org/TR/xhtml1/DTD/xhtml1-transitional.dtd">
<html xmlns="http://www.w3.org/1999/xhtml" xml:lang="en" lang="en">
 <head>
  <title>
</title>
<meta http-equiv="Content-Type" content="text/html;charset=utf-8" />
  <meta name='ocr-system' content='tesseract 3.04.00' />
  <meta name='ocr-capabilities' content='ocr_page ocr_carea ocr_par ocr_line ocrx_word'/>
</head>
<body>
  <div class='ocr_page' id='page_1' title='image "./titiliviihistor03ussigoog_0412.png"; bbox 0 0 3392 5084; ppageno 0'>
   <div class='ocr_carea' id='block_1_1' title="bbox 443 466 1182 565">
    <p class='ocr_par' dir='ltr' id='par_1_1' title="bbox 443 466 1182 565">
     <span class='ocr_line' id='line_1_1' title="bbox 443 466 1182 565; baseline -0.015 -6"><span class='ocrx_word' id='word_1_1' title='bbox 443 504 480 559; x_wconf 75' lang='lat' dir='ltr'>st</span> <span class='ocrx_word' id='word_1_2' title='bbox 725 498 803 565; x_wconf 66' lang='lat' dir='ltr'>mser</span> <span class='ocrx_word' id='word_1_3' title='bbox 820 497 868 547; x_wconf 81' lang='lat' dir='ltr'>vi.</span> <span class='ocrx_word' id='word_1_4' title='bbox 905 499 1112 561; x_wconf 64' lang='lat' dir='ltr'>(suessa)</span> <span class='ocrx_word' id='word_1_5' title='bbox 1176 466 1182 479; x_wconf 77' lang='grc'><em>’</em></span> 
     </span>
    </p>
   </div>
   <div class='ocr_carea' id='block_1_2' title="bbox 311 677 1528 4332">
    <p class='ocr_par' dir='ltr' id='par_1_2' title="bbox 311 677 1528 4332">
     <span class='ocr_line' id='line_1_2' title="bbox 397 677 1469 760; baseline -0.01 -17"><span class='ocrx_word' id='word_1_6' title='bbox 397 686 507 760; x_wconf 78' lang='lat' dir='ltr'>pinque</span> <span class='ocrx_word' id='word_1_7' title='bbox 537 682 709 757; x_wconf 75' lang='lat' dir='ltr'>cognatione</span> <span class='ocrx_word' id='word_1_8' title='bbox 738 681 842 739; x_wconf 88' lang='lat' dir='ltr'>Licinii</span> <span class='ocrx_word' id='word_1_9' title='bbox 870 699 902 737; x_wconf 92' lang='lat' dir='ltr'>se</span> <span class='ocrx_word' id='word_1_10' title='bbox 930 680 1009 755; x_wconf 89' lang='lat' dir='ltr'>apud</span> <span class='ocrx_word' id='word_1_11' title='bbox 1037 690 1137 755; x_wconf 86' lang='lat' dir='ltr'>patros</span> <span class='ocrx_word' id='word_1_12' title='bbox 1166 697 1306 735; x_wconf 83' lang='lat' dir='ltr'>excusare</span> <span class='ocrx_word' id='word_1_13' title='bbox 1334 677 1469 734; x_wconf 87' lang='lat' dir='ltr'>solitum.</span> 
     </span>
     <span class='ocr_line' id='line_1_3' title="bbox 398 783 1472 863; baseline -0.007 -17"><span class='ocrx_word' id='word_1_14' title='bbox 398 790 484 847; x_wconf 90' lang='lat' dir='ltr'>simul</span> <span class='ocrx_word' id='word_1_15' title='bbox 505 797 673 863; x_wconf 73' lang='lat' dir='ltr'>negantem,</span> <span class='ocrx_word' id='word_1_16' title='bbox 705 786 837 863; x_wconf 77' lang='lat' dir='ltr'>magistri</span> <span class='ocrx_word' id='word_1_17' title='bbox 866 786 995 860; x_wconf 89' lang='lat' dir='ltr'>equitum</span> <span class='ocrx_word' id='word_1_18' title='bbox 1023 786 1118 843; x_wconf 84' lang='lat' dir='ltr'>mains</span> <span class='ocrx_word' id='word_1_19' title='bbox 1149 803 1237 858; x_wconf 86' lang='lat' dir='ltr'>quam</span> <span class='ocrx_word' id='word_1_20' title='bbox 1265 783 1377 840; x_wconf 81' lang='lat' dir='ltr'>tribuni</span> <span class='ocrx_word' id='word_1_21' title='bbox 1401 800 1472 839; x_wconf 87' lang='lat' dir='ltr'>con·</span> 
     </span>
     <span class='ocr_line' id='line_1_4' title="bbox 368 890 1471 967; baseline -0.011 -12"><span class='ocrx_word' id='word_1_22' title='bbox 368 894 503 955; x_wconf 80' lang='lat' dir='ltr'>bsularis</span> <span class='ocrx_word' id='word_1_23' title='bbox 524 892 677 967; x_wconf 88' lang='lat' dir='ltr'>imperium</span> <span class='ocrx_word' id='word_1_24' title='bbox 699 910 771 951; x_wconf 88' lang='lat' dir='ltr'>esse.</span> <span class='ocrx_word' id='word_1_25' title='bbox 821 890 949 947; x_wconf 86' lang='lat' dir='ltr'>Licinius</span> <span class='ocrx_word' id='word_1_26' title='bbox 971 890 1157 965; x_wconf 77' lang='lat' dir='ltr'>Sextiusque,</span> <span class='ocrx_word' id='word_1_27' title='bbox 1172 909 1261 964; x_wconf 88' lang='lat' dir='ltr'>quum</span> <span class='ocrx_word' id='word_1_28' title='bbox 1282 890 1471 945; x_wconf 88' lang='lat' dir='ltr'>tribunorum</span> 
     </span>
     <span class='ocr_line' id='line_1_5' title="bbox 399 996 1475 1074; baseline -0.007 -19"><span class='ocrx_word' id='word_1_29' title='bbox 399 998 477 1074; x_wconf 90' lang='lat' dir='ltr'>plebi</span> <span class='ocrx_word' id='word_1_30' title='bbox 500 998 692 1056; x_wconf 84' lang='lat' dir='ltr'>creandorum</span> <span class='ocrx_word' id='word_1_31' title='bbox 724 996 833 1053; x_wconf 86' lang='lat' dir='ltr'>indicta</span> <span class='ocrx_word' id='word_1_32' title='bbox 861 996 979 1053; x_wconf 86' lang='lat' dir='ltr'>comitia</span> <span class='ocrx_word' id='word_1_33' title='bbox 1010 1006 1121 1064; x_wconf 79' lang='lat' dir='ltr'>essent,</span> <span class='ocrx_word' id='word_1_34' title='bbox 1151 996 1195 1052; x_wconf 85' lang='lat' dir='ltr'>ita</span> <span class='ocrx_word' id='word_1_35' title='bbox 1222 1014 1256 1052; x_wconf 90' lang='lat' dir='ltr'>se</span> <span class='ocrx_word' id='word_1_36' title='bbox 1283 1014 1409 1069; x_wconf 77' lang='lat' dir='ltr'>gerere,</span> <span class='ocrx_word' id='word_1_37' title='bbox 1441 1007 1475 1049; x_wconf 87' lang='lat' dir='ltr'>ut</span> 
     </span>
     <span class='ocr_line' id='line_1_6' title="bbox 400 1100 1475 1179; baseline -0.006 -18"><span class='ocrx_word' id='word_1_38' title='bbox 400 1104 544 1179; x_wconf 80' lang='lat' dir='ltr'>negando,</span> <span class='ocrx_word' id='word_1_39' title='bbox 565 1103 625 1161; x_wconf 85' lang='lat' dir='ltr'>iam</span> <span class='ocrx_word' id='word_1_40' title='bbox 647 1103 701 1162; x_wconf 90' lang='lat' dir='ltr'>sibi</span> <span class='ocrx_word' id='word_1_41' title='bbox 723 1102 796 1159; x_wconf 86' lang='lat' dir='ltr'>velle</span> <span class='ocrx_word' id='word_1_42' title='bbox 818 1100 981 1159; x_wconf 89' lang='lat' dir='ltr'>continuari</span> <span class='ocrx_word' id='word_1_43' title='bbox 1001 1102 1158 1170; x_wconf 76' lang='lat' dir='ltr'>honorem,</span> <span class='ocrx_word' id='word_1_44' title='bbox 1190 1100 1335 1157; x_wconf 74' lang='lat' dir='ltr'>acerrime</span> <span class='ocrx_word' id='word_1_45' title='bbox 1369 1118 1475 1155; x_wconf 84' lang='lat' dir='ltr'>accen·</span> 
     </span>
     <span class='ocr_line' id='line_1_7' title="bbox 369 1205 1473 1281; baseline -0.009 -10"><span class='ocrx_word' id='word_1_46' title='bbox 369 1208 627 1277; x_wconf 58' lang='lat' dir='ltr'>ciceronianis,</span> <span class='ocrx_word' id='word_1_47' title='bbox 659 1208 738 1281; x_wconf 91' lang='lat' dir='ltr'>quod</span> <span class='ocrx_word' id='word_1_48' title='bbox 760 1206 969 1263; x_wconf 82' lang='lat' dir='ltr'>dissimulando</span> <span class='ocrx_word' id='word_1_49' title='bbox 999 1205 1146 1281; x_wconf 63' lang='lat' dir='ltr'>petebant,</span> <span class='ocrx_word' id='word_1_50' title='bbox 1175 1205 1302 1281; x_wconf 85' lang='lat' dir='ltr'>plebem.</span> <span class='ocrx_word' id='word_1_51' title='bbox 1351 1206 1473 1262; x_wconf 88' lang='lat' dir='ltr'>Nonum</span> 
     </span>
     <span class='ocr_line' id='line_1_8' title="bbox 400 1311 1528 1387; baseline -0.004 -15"><span class='ocrx_word' id='word_1_52' title='bbox 400 1333 559 1372; x_wconf 80' lang='lat' dir='ltr'>acaunum</span> <span class='ocrx_word' id='word_1_53' title='bbox 582 1314 640 1370; x_wconf 82' lang='lat' dir='ltr'>iam</span> <span class='ocrx_word' id='word_1_54' title='bbox 665 1312 744 1370; x_wconf 86' lang='lat' dir='ltr'>velut</span> <span class='ocrx_word' id='word_1_55' title='bbox 772 1311 802 1367; x_wconf 89' lang='lat' dir='ltr'>in</span> <span class='ocrx_word' id='word_1_56' title='bbox 824 1312 887 1370; x_wconf 88' lang='lat' dir='ltr'>acie</span> <span class='ocrx_word' id='word_1_57' title='bbox 909 1312 1049 1369; x_wconf 87' lang='lat' dir='ltr'>adversus</span> <span class='ocrx_word' id='word_1_58' title='bbox 1078 1312 1235 1385; x_wconf 76' lang='lat' dir='ltr'>optimates</span> <span class='ocrx_word' id='word_1_59' title='bbox 1256 1312 1396 1368; x_wconf 82' lang='lat' dir='ltr'>maximo</span> <span class='ocrx_word' id='word_1_60' title='bbox 1418 1311 1477 1387; x_wconf 90' lang='lat' dir='ltr'>pri·</span> <span class='ocrx_word' id='word_1_61' title='bbox 1527 1324 1528 1349; x_wconf 65' lang='lat'><strong>³</strong></span> 
     </span>
     <span class='ocr_line' id='line_1_9' title="bbox 399 1416 1476 1495; baseline -0.002 -20"><span class='ocrx_word' id='word_1_62' title='bbox 399 1419 488 1477; x_wconf 81' lang='lat' dir='ltr'>vatim</span> <span class='ocrx_word' id='word_1_63' title='bbox 512 1417 657 1495; x_wconf 83' lang='lat' dir='ltr'>periculo,</span> <span class='ocrx_word' id='word_1_64' title='bbox 680 1418 759 1475; x_wconf 91' lang='lat' dir='ltr'>nullo</span> <span class='ocrx_word' id='word_1_65' title='bbox 778 1418 894 1493; x_wconf 87' lang='lat' dir='ltr'>publica</span> <span class='ocrx_word' id='word_1_66' title='bbox 915 1417 1109 1474; x_wconf 88' lang='lat' dir='ltr'>emolumento</span> <span class='ocrx_word' id='word_1_67' title='bbox 1136 1425 1225 1475; x_wconf 86' lang='lat' dir='ltr'>sture.</span> <span class='ocrx_word' id='word_1_68' title='bbox 1275 1416 1476 1474; x_wconf 86' lang='lat' dir='ltr'>Consenuisse</span> 
     </span>
     <span class='ocr_line' id='line_1_10' title="bbox 399 1521 1528 1597; baseline -0.002 -17"><span class='ocrx_word' id='word_1_69' title='bbox 399 1525 457 1581; x_wconf 89' lang='lat' dir='ltr'>iam</span> <span class='ocrx_word' id='word_1_70' title='bbox 483 1542 580 1581; x_wconf 87' lang='lat' dir='ltr'>secum</span> <span class='ocrx_word' id='word_1_71' title='bbox 604 1534 633 1580; x_wconf 87' lang='lat' dir='ltr'>et</span> <span class='ocrx_word' id='word_1_72' title='bbox 650 1523 817 1597; x_wconf 80' lang='lat' dir='ltr'>rogationes</span> <span class='ocrx_word' id='word_1_73' title='bbox 840 1521 1041 1597; x_wconf 87' lang='lat' dir='ltr'>promulgatas</span> <span class='ocrx_word' id='word_1_74' title='bbox 1068 1530 1098 1578; x_wconf 91' lang='lat' dir='ltr'>et</span> <span class='ocrx_word' id='word_1_75' title='bbox 1127 1522 1185 1579; x_wconf 84' lang='lat' dir='ltr'>vim</span> <span class='ocrx_word' id='word_1_76' title='bbox 1210 1542 1331 1579; x_wconf 85' lang='lat' dir='ltr'>omnem</span> <span class='ocrx_word' id='word_1_77' title='bbox 1353 1522 1478 1580; x_wconf 88' lang='lat' dir='ltr'>tribuni·</span> <span class='ocrx_word' id='word_1_78' title='bbox 1527 1552 1528 1571; x_wconf 57' lang='lat' dir='ltr'>r</span> 
     </span>
     <span class='ocr_line' id='line_1_11' title="bbox 371 1626 1478 1704; baseline -0.001 -20"><span class='ocrx_word' id='word_1_79' title='bbox 371 1630 452 1687; x_wconf 81' lang='lat' dir='ltr'>&#39;lciae</span> <span class='ocrx_word' id='word_1_80' title='bbox 472 1628 633 1704; x_wconf 82' lang='lat' dir='ltr'>potestatis.</span> <span class='ocrx_word' id='word_1_81' title='bbox 681 1628 783 1685; x_wconf 89' lang='lat' dir='ltr'>Primo</span> <span class='ocrx_word' id='word_1_82' title='bbox 806 1626 1012 1684; x_wconf 83' lang='lat' dir='ltr'>intercessione</span> <span class='ocrx_word' id='word_1_83' title='bbox 1036 1628 1214 1703; x_wconf 85' lang='lat' dir='ltr'>collegarum</span> <span class='ocrx_word' id='word_1_84' title='bbox 1234 1628 1267 1684; x_wconf 88' lang='lat' dir='ltr'>in</span> <span class='ocrx_word' id='word_1_85' title='bbox 1295 1628 1382 1703; x_wconf 88' lang='lat' dir='ltr'>leges</span> <span class='ocrx_word' id='word_1_86' title='bbox 1410 1646 1478 1683; x_wconf 86' lang='lat' dir='ltr'>suas</span> 
     </span>
     <span class='ocr_line' id='line_1_12' title="bbox 401 1732 1479 1810; baseline -0.001 -19"><span class='ocrx_word' id='word_1_87' title='bbox 401 1742 562 1810; x_wconf 81' lang='lat' dir='ltr'>pugnatum</span> <span class='ocrx_word' id='word_1_88' title='bbox 593 1750 670 1802; x_wconf 78' lang='lat' dir='ltr'>esse,</span> <span class='ocrx_word' id='word_1_89' title='bbox 699 1732 801 1789; x_wconf 84' lang='lat' dir='ltr'>deindo</span> <span class='ocrx_word' id='word_1_90' title='bbox 830 1733 1015 1807; x_wconf 77' lang='lat' dir='ltr'>ablegatione</span> <span class='ocrx_word' id='word_1_91' title='bbox 1038 1732 1195 1790; x_wconf 87' lang='lat' dir='ltr'>iuventutis</span> <span class='ocrx_word' id='word_1_92' title='bbox 1227 1734 1265 1790; x_wconf 86' lang='lat' dir='ltr'>ad</span> <span class='ocrx_word' id='word_1_93' title='bbox 1290 1734 1479 1792; x_wconf 79' lang='lat' dir='ltr'>Veliternum</span> 
     </span>
     <span class='ocr_line' id='line_1_13' title="bbox 371 1835 1480 1913; baseline 0 -18"><span class='ocrx_word' id='word_1_94' title='bbox 371 1840 522 1909; x_wconf 82' lang='lat' dir='ltr'>8bcllum3</span> <span class='ocrx_word' id='word_1_95' title='bbox 549 1847 697 1913; x_wconf 87' lang='lat' dir='ltr'>postremo</span> <span class='ocrx_word' id='word_1_96' title='bbox 720 1836 902 1894; x_wconf 87' lang='lat' dir='ltr'>dictatorium</span> <span class='ocrx_word' id='word_1_97' title='bbox 924 1835 1034 1893; x_wconf 87' lang='lat' dir='ltr'>fulmen</span> <span class='ocrx_word' id='word_1_98' title='bbox 1062 1838 1092 1893; x_wconf 92' lang='lat' dir='ltr'>in</span> <span class='ocrx_word' id='word_1_99' title='bbox 1119 1856 1151 1894; x_wconf 92' lang='lat' dir='ltr'>se</span> <span class='ocrx_word' id='word_1_100' title='bbox 1172 1837 1364 1897; x_wconf 83' lang='lat' dir='ltr'>intentatum.</span> <span class='ocrx_word' id='word_1_101' title='bbox 1417 1842 1480 1897; x_wconf 88' lang='lat' dir='ltr'>Iam</span> 
     </span>
     <span class='ocr_line' id='line_1_14' title="bbox 402 1942 1480 2021; baseline 0 -21"><span class='ocrx_word' id='word_1_102' title='bbox 402 1963 454 2002; x_wconf 88' lang='lat' dir='ltr'>nec</span> <span class='ocrx_word' id='word_1_103' title='bbox 476 1944 602 2017; x_wconf 87' lang='lat' dir='ltr'>collegas</span> <span class='ocrx_word' id='word_1_104' title='bbox 625 1960 679 1999; x_wconf 90' lang='lat' dir='ltr'>nec</span> <span class='ocrx_word' id='word_1_105' title='bbox 710 1942 816 1999; x_wconf 89' lang='lat' dir='ltr'>bellum</span> <span class='ocrx_word' id='word_1_106' title='bbox 846 1960 900 1998; x_wconf 87' lang='lat' dir='ltr'>nso</span> <span class='ocrx_word' id='word_1_107' title='bbox 923 1942 1093 2000; x_wconf 88' lang='lat' dir='ltr'>dictatorem</span> <span class='ocrx_word' id='word_1_108' title='bbox 1115 1944 1250 2014; x_wconf 78' lang='lat' dir='ltr'>obstare,</span> <span class='ocrx_word' id='word_1_109' title='bbox 1278 1946 1397 2021; x_wconf 78' lang='lat' dir='ltr'>quippe</span> <span class='ocrx_word' id='word_1_110' title='bbox 1434 1945 1480 2019; x_wconf 88' lang='lat' dir='ltr'>qui</span> 
     </span>
     <span class='ocr_line' id='line_1_15' title="bbox 403 2047 1528 2125; baseline -0.004 -18"><span class='ocrx_word' id='word_1_111' title='bbox 403 2051 489 2107; x_wconf 87' lang='lat' dir='ltr'>etiam</span> <span class='ocrx_word' id='word_1_112' title='bbox 524 2066 609 2105; x_wconf 86' lang='lat' dir='ltr'>omen</span> <span class='ocrx_word' id='word_1_113' title='bbox 640 2047 754 2124; x_wconf 86' lang='lat' dir='ltr'>plebeio</span> <span class='ocrx_word' id='word_1_114' title='bbox 786 2048 896 2105; x_wconf 88' lang='lat' dir='ltr'>consuli</span> <span class='ocrx_word' id='word_1_115' title='bbox 926 2048 1067 2122; x_wconf 87' lang='lat' dir='ltr'>magistro</span> <span class='ocrx_word' id='word_1_116' title='bbox 1093 2047 1224 2122; x_wconf 89' lang='lat' dir='ltr'>equitum</span> <span class='ocrx_word' id='word_1_117' title='bbox 1252 2068 1291 2107; x_wconf 87' lang='lat' dir='ltr'>ex</span> <span class='ocrx_word' id='word_1_118' title='bbox 1321 2050 1415 2125; x_wconf 87' lang='lat' dir='ltr'>plebe</span> <span class='ocrx_word' id='word_1_119' title='bbox 1440 2051 1482 2107; x_wconf 90' lang='lat' dir='ltr'>di·</span> <span class='ocrx_word' id='word_1_120' title='bbox 1527 2098 1528 2103; x_wconf 73' lang='grc'>,</span> 
     </span>
     <span class='ocr_line' id='line_1_16' title="bbox 402 2144 1528 2227; baseline 0.002 -14"><span class='ocrx_word' id='word_1_121' title='bbox 402 2156 494 2213; x_wconf 88' lang='lat' dir='ltr'>cendo</span> <span class='ocrx_word' id='word_1_122' title='bbox 527 2154 652 2223; x_wconf 84' lang='lat' dir='ltr'>dederit3</span> <span class='ocrx_word' id='word_1_123' title='bbox 685 2172 717 2209; x_wconf 88' lang='lat' dir='ltr'>se</span> <span class='ocrx_word' id='word_1_124' title='bbox 741 2152 835 2227; x_wconf 86' lang='lat' dir='ltr'>ipsam</span> <span class='ocrx_word' id='word_1_125' title='bbox 869 2153 983 2227; x_wconf 89' lang='lat' dir='ltr'>plebem</span> <span class='ocrx_word' id='word_1_126' title='bbox 1015 2144 1060 2209; x_wconf 70' lang='lat' dir='ltr'>et&#39;</span> <span class='ocrx_word' id='word_1_127' title='bbox 1078 2154 1234 2211; x_wconf 85' lang='lat' dir='ltr'>commoda</span> <span class='ocrx_word' id='word_1_128' title='bbox 1266 2155 1385 2213; x_wconf 85' lang='lat' dir='ltr'>morari</span> <span class='ocrx_word' id='word_1_129' title='bbox 1420 2175 1483 2213; x_wconf 71' lang='lat' dir='ltr'>sna·</span> <span class='ocrx_word' id='word_1_130' title='bbox 1516 2179 1528 2222; x_wconf 70' lang='lat' dir='ltr'>‚t</span> 
     </span>
     <span class='ocr_line' id='line_1_17' title="bbox 372 2233 1528 2337; baseline 0.001 -22"><span class='ocrx_word' id='word_1_131' title='bbox 372 2261 540 2321; x_wconf 84' lang='lat' dir='ltr'>9Liberam</span> <span class='ocrx_word' id='word_1_132' title='bbox 571 2259 672 2316; x_wconf 82' lang='lat' dir='ltr'>urbem</span> <span class='ocrx_word' id='word_1_133' title='bbox 699 2277 735 2315; x_wconf 85' lang='lat' dir='ltr'>ac</span> <span class='ocrx_word' id='word_1_134' title='bbox 765 2256 860 2315; x_wconf 84' lang='lat' dir='ltr'>forum</span> <span class='ocrx_word' id='word_1_135' title='bbox 888 2277 908 2315; x_wconf 84' lang='lat' dir='ltr'>a</span> <span class='ocrx_word' id='word_1_136' title='bbox 935 2256 1142 2327; x_wconf 72' lang='lat' dir='ltr'>creditoribus,</span> <span class='ocrx_word' id='word_1_137' title='bbox 1175 2258 1285 2317; x_wconf 87' lang='lat' dir='ltr'>liberos</span> <span class='ocrx_word' id='word_1_138' title='bbox 1316 2280 1416 2337; x_wconf 83' lang='lat' dir='ltr'>agros</span> <span class='ocrx_word' id='word_1_139' title='bbox 1446 2263 1484 2317; x_wconf 88' lang='lat' dir='ltr'>ab</span> <span class='ocrx_word' id='word_1_140' title='bbox 1515 2233 1528 2323; x_wconf 62' lang='lat' dir='ltr'>&#39;n</span> 
     </span>
     <span class='ocr_line' id='line_1_18' title="bbox 355 2361 1528 2440; baseline 0.002 -21"><span class='ocrx_word' id='word_1_141' title='bbox 355 2366 389 2420; x_wconf 80' lang='lat' dir='ltr'>ll)</span> <span class='ocrx_word' id='word_1_142' title='bbox 402 2367 514 2424; x_wconf 88' lang='lat' dir='ltr'>iniustis</span> <span class='ocrx_word' id='word_1_143' title='bbox 535 2364 753 2440; x_wconf 85' lang='lat' dir='ltr'>possessoribus</span> <span class='ocrx_word' id='word_1_144' title='bbox 774 2362 938 2437; x_wconf 75' lang='lat' dir='ltr'>extemplo,</span> <span class='ocrx_word' id='word_1_145' title='bbox 966 2362 991 2419; x_wconf 89' lang='lat' dir='ltr'>si</span> <span class='ocrx_word' id='word_1_146' title='bbox 1011 2361 1096 2433; x_wconf 78' lang='lat' dir='ltr'>velit,</span> <span class='ocrx_word' id='word_1_147' title='bbox 1123 2363 1234 2419; x_wconf 87' lang='lat' dir='ltr'>habere</span> <span class='ocrx_word' id='word_1_148' title='bbox 1254 2383 1359 2439; x_wconf 86' lang='lat' dir='ltr'>posse.</span> <span class='ocrx_word' id='word_1_149' title='bbox 1411 2367 1484 2438; x_wconf 75' lang='lat' dir='ltr'>Qun</span> <span class='ocrx_word' id='word_1_150' title='bbox 1515 2369 1528 2438; x_wconf 70' lang='lat' dir='ltr'>l</span> 
     </span>
     <span class='ocr_line' id='line_1_19' title="bbox 403 2441 1528 2552; baseline 0.001 -24"><span class='ocrx_word' id='word_1_151' title='bbox 403 2490 523 2528; x_wconf 88' lang='lat' dir='ltr'>munera</span> <span class='ocrx_word' id='word_1_152' title='bbox 555 2469 671 2543; x_wconf 88' lang='lat' dir='ltr'>quando</span> <span class='ocrx_word' id='word_1_153' title='bbox 702 2468 819 2525; x_wconf 87' lang='lat' dir='ltr'>tandem</span> <span class='ocrx_word' id='word_1_154' title='bbox 850 2468 922 2525; x_wconf 85' lang='lat' dir='ltr'>satis</span> <span class='ocrx_word' id='word_1_155' title='bbox 952 2476 1038 2552; x_wconf 88' lang='lat' dir='ltr'>grato</span> <span class='ocrx_word' id='word_1_156' title='bbox 1071 2468 1169 2525; x_wconf 88' lang='lat' dir='ltr'>animo</span> <span class='ocrx_word' id='word_1_157' title='bbox 1202 2472 1427 2540; x_wconf 75' lang='lat' dir='ltr'>oesfimntrrron,</span> <span class='ocrx_word' id='word_1_158' title='bbox 1460 2473 1483 2528; x_wconf 87' lang='lat' dir='ltr'>si</span> <span class='ocrx_word' id='word_1_159' title='bbox 1517 2441 1528 2534; x_wconf 53' lang='grc' dir='ltr'>’ς</span> 
     </span>
     <span class='ocr_line' id='line_1_20' title="bbox 403 2572 1528 2651; baseline 0.004 -19"><span class='ocrx_word' id='word_1_160' title='bbox 403 2576 477 2633; x_wconf 87' lang='lat' dir='ltr'>inter</span> <span class='ocrx_word' id='word_1_161' title='bbox 499 2574 682 2650; x_wconf 86' lang='lat' dir='ltr'>accipiendas</span> <span class='ocrx_word' id='word_1_162' title='bbox 710 2574 747 2631; x_wconf 90' lang='lat' dir='ltr'>de</span> <span class='ocrx_word' id='word_1_163' title='bbox 775 2572 834 2630; x_wconf 86' lang='lat' dir='ltr'>suis</span> <span class='ocrx_word' id='word_1_164' title='bbox 864 2573 1026 2630; x_wconf 89' lang='lat' dir='ltr'>commodis</span> <span class='ocrx_word' id='word_1_165' title='bbox 1047 2575 1217 2649; x_wconf 85' lang='lat' dir='ltr'>rogationes</span> <span class='ocrx_word' id='word_1_166' title='bbox 1238 2594 1323 2651; x_wconf 88' lang='lat' dir='ltr'>spem</span> <span class='ocrx_word' id='word_1_167' title='bbox 1356 2580 1483 2636; x_wconf 68' lang='lat' dir='ltr'>honoris</span> <span class='ocrx_word' id='word_1_168' title='bbox 1526 2606 1528 2641; x_wconf 56' lang='lat' dir='ltr'>n</span> 
     </span>
     <span class='ocr_line' id='line_1_21' title="bbox 404 2677 1528 2759; baseline 0.002 -22"><span class='ocrx_word' id='word_1_169' title='bbox 404 2680 545 2737; x_wconf 83' lang='lat' dir='ltr'>latoribus</span> <span class='ocrx_word' id='word_1_170' title='bbox 567 2698 667 2736; x_wconf 87' lang='lat' dir='ltr'>earum</span> <span class='ocrx_word' id='word_1_171' title='bbox 688 2677 836 2736; x_wconf 82' lang='lat' dir='ltr'>incidant?</span> <span class='ocrx_word' id='word_1_172' title='bbox 868 2679 938 2735; x_wconf 89' lang='lat' dir='ltr'>Non</span> <span class='ocrx_word' id='word_1_173' title='bbox 959 2696 1023 2735; x_wconf 88' lang='lat' dir='ltr'>esse</span> <span class='ocrx_word' id='word_1_174' title='bbox 1044 2680 1195 2738; x_wconf 70' lang='lat' dir='ltr'>modestius</span> <span class='ocrx_word' id='word_1_175' title='bbox 1221 2684 1327 2759; x_wconf 89' lang='lat' dir='ltr'>populi</span> <span class='ocrx_word' id='word_1_176' title='bbox 1350 2686 1483 2743; x_wconf 85' lang='lat' dir='ltr'>Romani</span> <span class='ocrx_word' id='word_1_177' title='bbox 1526 2710 1528 2749; x_wconf 78' lang='lat'><strong>;</strong></span> 
     </span>
     <span class='ocr_line' id='line_1_22' title="bbox 405 2782 1482 2865; baseline 0.006 -25"><span class='ocrx_word' id='word_1_178' title='bbox 405 2785 434 2841; x_wconf 91' lang='lat' dir='ltr'>id</span> <span class='ocrx_word' id='word_1_179' title='bbox 455 2784 613 2859; x_wconf 85' lang='lat' dir='ltr'>postulare,</span> <span class='ocrx_word' id='word_1_180' title='bbox 639 2793 671 2840; x_wconf 90' lang='lat' dir='ltr'>ut</span> <span class='ocrx_word' id='word_1_181' title='bbox 692 2783 756 2859; x_wconf 90' lang='lat' dir='ltr'>ipse</span> <span class='ocrx_word' id='word_1_182' title='bbox 787 2782 889 2841; x_wconf 80' lang='lat' dir='ltr'>fenore</span> <span class='ocrx_word' id='word_1_183' title='bbox 909 2784 1022 2841; x_wconf 85' lang='lat' dir='ltr'>levetur</span> <span class='ocrx_word' id='word_1_184' title='bbox 1041 2792 1071 2841; x_wconf 91' lang='lat' dir='ltr'>et</span> <span class='ocrx_word' id='word_1_185' title='bbox 1091 2785 1122 2841; x_wconf 90' lang='lat' dir='ltr'>in</span> <span class='ocrx_word' id='word_1_186' title='bbox 1143 2804 1247 2861; x_wconf 85' lang='lat' dir='ltr'>agrum</span> <span class='ocrx_word' id='word_1_187' title='bbox 1274 2788 1390 2845; x_wconf 85' lang='lat' dir='ltr'>iniuria</span> <span class='ocrx_word' id='word_1_188' title='bbox 1413 2808 1482 2865; x_wconf 90' lang='lat' dir='ltr'>pos·</span> 
     </span>
     <span class='ocr_line' id='line_1_23' title="bbox 405 2888 1483 2965; baseline 0.006 -20"><span class='ocrx_word' id='word_1_189' title='bbox 405 2900 515 2946; x_wconf 87' lang='lat' dir='ltr'>sessum</span> <span class='ocrx_word' id='word_1_190' title='bbox 539 2907 557 2945; x_wconf 82' lang='lat' dir='ltr'><strong>a</strong></span> <span class='ocrx_word' id='word_1_191' title='bbox 578 2889 743 2963; x_wconf 86' lang='lat' dir='ltr'>potentibus</span> <span class='ocrx_word' id='word_1_192' title='bbox 771 2888 940 2960; x_wconf 83' lang='lat' dir='ltr'>inducatur,</span> <span class='ocrx_word' id='word_1_193' title='bbox 971 2909 1026 2965; x_wconf 90' lang='lat' dir='ltr'>per</span> <span class='ocrx_word' id='word_1_194' title='bbox 1056 2910 1129 2964; x_wconf 86' lang='lat' dir='ltr'>quos</span> <span class='ocrx_word' id='word_1_195' title='bbox 1158 2910 1194 2947; x_wconf 85' lang='lat' dir='ltr'>ea</span> <span class='ocrx_word' id='word_1_196' title='bbox 1224 2903 1407 2952; x_wconf 87' lang='lat' dir='ltr'>consecutus</span> <span class='ocrx_word' id='word_1_197' title='bbox 1438 2895 1483 2951; x_wconf 80' lang='lat' dir='ltr'>sit</span> 
     </span>
     <span class='ocr_line' id='line_1_24' title="bbox 406 2994 1482 3074; baseline 0.007 -24"><span class='ocrx_word' id='word_1_198' title='bbox 406 3012 489 3051; x_wconf 89' lang='lat' dir='ltr'>senes</span> <span class='ocrx_word' id='word_1_199' title='bbox 511 2994 679 3052; x_wconf 87' lang='lat' dir='ltr'>tribunicios</span> <span class='ocrx_word' id='word_1_200' title='bbox 701 3012 759 3051; x_wconf 92' lang='lat' dir='ltr'>non</span> <span class='ocrx_word' id='word_1_201' title='bbox 784 2994 846 3051; x_wconf 90' lang='lat' dir='ltr'>sine</span> <span class='ocrx_word' id='word_1_202' title='bbox 866 2996 979 3053; x_wconf 88' lang='lat' dir='ltr'>honore</span> <span class='ocrx_word' id='word_1_203' title='bbox 999 3005 1126 3067; x_wconf 75' lang='lat' dir='ltr'>tontum,</span> <span class='ocrx_word' id='word_1_204' title='bbox 1148 2997 1313 3055; x_wconf 77' lang='lat' dir='ltr'>sedetiam</span> <span class='ocrx_word' id='word_1_205' title='bbox 1336 3000 1405 3058; x_wconf 90' lang='lat' dir='ltr'>sine</span> <span class='ocrx_word' id='word_1_206' title='bbox 1430 3018 1482 3074; x_wconf 87' lang='lat' dir='ltr'>spe</span> 
     </span>
     <span class='ocr_line' id='line_1_25' title="bbox 357 3098 1528 3179; baseline 0.006 -26"><span class='ocrx_word' id='word_1_207' title='bbox 357 3100 389 3153; x_wconf 90' lang='lat' dir='ltr'>ll</span> <span class='ocrx_word' id='word_1_208' title='bbox 406 3098 525 3155; x_wconf 90' lang='lat' dir='ltr'>honoris</span> <span class='ocrx_word' id='word_1_209' title='bbox 547 3099 700 3172; x_wconf 86' lang='lat' dir='ltr'>relinquat</span> <span class='ocrx_word' id='word_1_210' title='bbox 748 3100 877 3157; x_wconf 83' lang='lat' dir='ltr'>Proinde</span> <span class='ocrx_word' id='word_1_211' title='bbox 897 3100 955 3175; x_wconf 89' lang='lat' dir='ltr'>ipsi</span> <span class='ocrx_word' id='word_1_212' title='bbox 976 3102 1100 3177; x_wconf 89' lang='lat' dir='ltr'>primum</span> <span class='ocrx_word' id='word_1_213' title='bbox 1126 3112 1289 3161; x_wconf 85' lang='lat' dir='ltr'>statuerent</span> <span class='ocrx_word' id='word_1_214' title='bbox 1311 3107 1398 3179; x_wconf 88' lang='lat' dir='ltr'>apud</span> <span class='ocrx_word' id='word_1_215' title='bbox 1421 3106 1482 3162; x_wconf 88' lang='lat' dir='ltr'>ani·</span> <span class='ocrx_word' id='word_1_216' title='bbox 1526 3124 1528 3127; x_wconf 51' lang='lat'><strong>⁴</strong></span> 
     </span>
     <span class='ocr_line' id='line_1_26' title="bbox 311 3202 1481 3277; baseline 0.007 -17"><span class='ocrx_word' id='word_1_217' title='bbox 311 3246 313 3252; x_wconf 83' lang='lat'><em>.</em></span> <span class='ocrx_word' id='word_1_218' title='bbox 406 3222 486 3273; x_wconf 77' lang='lat' dir='ltr'>mos,</span> <span class='ocrx_word' id='word_1_219' title='bbox 520 3202 589 3277; x_wconf 89' lang='lat' dir='ltr'>quid</span> <span class='ocrx_word' id='word_1_220' title='bbox 611 3203 732 3273; x_wconf 80' lang='lat' dir='ltr'>vellent,</span> <span class='ocrx_word' id='word_1_221' title='bbox 763 3203 867 3263; x_wconf 89' lang='lat' dir='ltr'>deinde</span> <span class='ocrx_word' id='word_1_222' title='bbox 888 3206 1011 3263; x_wconf 88' lang='lat' dir='ltr'>comitiis</span> <span class='ocrx_word' id='word_1_223' title='bbox 1032 3206 1193 3265; x_wconf 77' lang='lat' dir='ltr'>tribuniciis</span> <span class='ocrx_word' id='word_1_224' title='bbox 1214 3208 1407 3267; x_wconf 84' lang='lat' dir='ltr'>declararent</span> <span class='ocrx_word' id='word_1_225' title='bbox 1429 3230 1481 3267; x_wconf 83' lang='lat' dir='ltr'>vo·</span> 
     </span>
     <span class='ocr_line' id='line_1_27' title="bbox 406 3305 1483 3391; baseline 0.011 -28"><span class='ocrx_word' id='word_1_226' title='bbox 406 3309 555 3365; x_wconf 85' lang='lat' dir='ltr'>luntatem.</span> <span class='ocrx_word' id='word_1_227' title='bbox 614 3307 646 3366; x_wconf 91' lang='lat' dir='ltr'>Si</span> <span class='ocrx_word' id='word_1_228' title='bbox 674 3305 824 3369; x_wconf 84' lang='lat' dir='ltr'>coniuncte</span> <span class='ocrx_word' id='word_1_229' title='bbox 851 3309 921 3368; x_wconf 83' lang='lat' dir='ltr'>ferri</span> <span class='ocrx_word' id='word_1_230' title='bbox 948 3313 987 3368; x_wconf 85' lang='lat' dir='ltr'>ab</span> <span class='ocrx_word' id='word_1_231' title='bbox 1015 3329 1047 3367; x_wconf 92' lang='lat' dir='ltr'>se</span> <span class='ocrx_word' id='word_1_232' title='bbox 1076 3311 1279 3387; x_wconf 86' lang='lat' dir='ltr'>promulgatas</span> <span class='ocrx_word' id='word_1_233' title='bbox 1307 3318 1483 3391; x_wconf 84' lang='lat' dir='ltr'>rogationes</span> 
     </span>
     <span class='ocr_line' id='line_1_28' title="bbox 407 3399 1482 3496; baseline 0.01 -27"><span class='ocrx_word' id='word_1_234' title='bbox 407 3414 522 3483; x_wconf 77' lang='lat' dir='ltr'>vellent,</span> <span class='ocrx_word' id='word_1_235' title='bbox 542 3399 614 3483; x_wconf 74' lang='lat' dir='ltr'>esse,</span> <span class='ocrx_word' id='word_1_236' title='bbox 644 3413 722 3488; x_wconf 90' lang='lat' dir='ltr'>quod</span> <span class='ocrx_word' id='word_1_237' title='bbox 744 3414 861 3470; x_wconf 91' lang='lat' dir='ltr'>eosdem</span> <span class='ocrx_word' id='word_1_238' title='bbox 883 3416 1035 3472; x_wconf 84' lang='lat' dir='ltr'>reficerent</span> <span class='ocrx_word' id='word_1_239' title='bbox 1054 3416 1186 3473; x_wconf 79' lang='lat' dir='ltr'>tribunos</span> <span class='ocrx_word' id='word_1_240' title='bbox 1206 3417 1316 3492; x_wconf 82' lang='lat' dir='ltr'>plebis3</span> <span class='ocrx_word' id='word_1_241' title='bbox 1348 3424 1482 3496; x_wconf 85' lang='lat' dir='ltr'>perlatu-</span> 
     </span>
     <span class='ocr_line' id='line_1_29' title="bbox 359 3510 1481 3603; baseline 0.01 -29"><span class='ocrx_word' id='word_1_242' title='bbox 359 3520 394 3574; x_wconf 81' lang='lat'>12</span> <span class='ocrx_word' id='word_1_243' title='bbox 408 3510 456 3573; x_wconf 75' lang='lat' dir='ltr'>rbs</span> <span class='ocrx_word' id='word_1_244' title='bbox 479 3520 564 3589; x_wconf 74' lang='lat' dir='ltr'>enim,</span> <span class='ocrx_word' id='word_1_245' title='bbox 587 3536 651 3591; x_wconf 86' lang='lat' dir='ltr'>quoe</span> <span class='ocrx_word' id='word_1_246' title='bbox 665 3518 927 3594; x_wconf 79' lang='lat' dir='ltr'>promulgaveriut3</span> <span class='ocrx_word' id='word_1_247' title='bbox 948 3520 1002 3590; x_wconf 85' lang='lat' dir='ltr'>sin,</span> <span class='ocrx_word' id='word_1_248' title='bbox 1024 3522 1104 3595; x_wconf 90' lang='lat' dir='ltr'>quod</span> <span class='ocrx_word' id='word_1_249' title='bbox 1117 3522 1223 3596; x_wconf 87' lang='lat' dir='ltr'>cuique</span> <span class='ocrx_word' id='word_1_250' title='bbox 1236 3524 1382 3597; x_wconf 86' lang='lat' dir='ltr'>privatim</span> <span class='ocrx_word' id='word_1_251' title='bbox 1408 3546 1481 3603; x_wconf 86' lang='lat' dir='ltr'>opus</span> 
     </span>
     <span class='ocr_line' id='line_1_30' title="bbox 409 3621 1482 3699; baseline 0.011 -22"><span class='ocrx_word' id='word_1_252' title='bbox 409 3622 455 3691; x_wconf 82' lang='lat' dir='ltr'>sit,</span> <span class='ocrx_word' id='word_1_253' title='bbox 479 3621 509 3677; x_wconf 91' lang='lat' dir='ltr'>id</span> <span class='ocrx_word' id='word_1_254' title='bbox 531 3623 618 3678; x_wconf 89' lang='lat' dir='ltr'>modo</span> <span class='ocrx_word' id='word_1_255' title='bbox 641 3624 733 3699; x_wconf 84' lang='lat' dir='ltr'>accipi</span> <span class='ocrx_word' id='word_1_256' title='bbox 755 3624 853 3694; x_wconf 82' lang='lat' dir='ltr'>velint,</span> <span class='ocrx_word' id='word_1_257' title='bbox 876 3642 949 3699; x_wconf 89' lang='lat' dir='ltr'>opus</span> <span class='ocrx_word' id='word_1_258' title='bbox 970 3643 1034 3682; x_wconf 89' lang='lat' dir='ltr'>esse</span> <span class='ocrx_word' id='word_1_259' title='bbox 1055 3626 1126 3683; x_wconf 86' lang='lat' dir='ltr'>nibil</span> <span class='ocrx_word' id='word_1_260' title='bbox 1152 3627 1301 3685; x_wconf 82' lang='lat' dir='ltr'>invidiosa</span> <span class='ocrx_word' id='word_1_261' title='bbox 1323 3633 1482 3689; x_wconf 83' lang='lat' dir='ltr'>continua·</span> 
     </span>
     <span class='ocr_line' id='line_1_31' title="bbox 410 3726 1482 3813; baseline 0.012 -32"><span class='ocrx_word' id='word_1_262' title='bbox 410 3726 488 3782; x_wconf 90' lang='lat' dir='ltr'>tione</span> <span class='ocrx_word' id='word_1_263' title='bbox 509 3727 641 3797; x_wconf 82' lang='lat' dir='ltr'>honoris3</span> <span class='ocrx_word' id='word_1_264' title='bbox 663 3746 716 3784; x_wconf 88' lang='lat' dir='ltr'>nec</span> <span class='ocrx_word' id='word_1_265' title='bbox 731 3746 761 3785; x_wconf 89' lang='lat' dir='ltr'>se</span> <span class='ocrx_word' id='word_1_266' title='bbox 776 3729 953 3786; x_wconf 88' lang='lat' dir='ltr'>tribunatum</span> <span class='ocrx_word' id='word_1_267' title='bbox 973 3749 1028 3789; x_wconf 89' lang='lat' dir='ltr'>nec</span> <span class='ocrx_word' id='word_1_268' title='bbox 1048 3730 1113 3789; x_wconf 91' lang='lat' dir='ltr'>illos</span> <span class='ocrx_word' id='word_1_269' title='bbox 1136 3751 1180 3797; x_wconf 80' lang='lat' dir='ltr'>ea,</span> <span class='ocrx_word' id='word_1_270' title='bbox 1203 3752 1270 3807; x_wconf 80' lang='lat' dir='ltr'>quae</span> <span class='ocrx_word' id='word_1_271' title='bbox 1290 3737 1482 3813; x_wconf 81' lang='lat' dir='ltr'>promulgata</span> 
     </span>
     <span class='ocr_line' id='line_1_32' title="bbox 410 3830 656 3901; baseline 0.008 -15"><span class='ocrx_word' id='word_1_272' title='bbox 410 3830 476 3901; x_wconf 74' lang='lat' dir='ltr'>sint,</span> <span class='ocrx_word' id='word_1_273' title='bbox 497 3831 656 3890; x_wconf 87' lang='lat' dir='ltr'>habituros.</span> 
     </span>
     <span class='ocr_line' id='line_1_33' title="bbox 352 3924 1480 4021; baseline 0.01 -28"><span class='ocrx_word' id='word_1_274' title='bbox 352 3924 399 3993; x_wconf 78' lang='lat' dir='ltr'>lt}</span> <span class='ocrx_word' id='word_1_275' title='bbox 497 3935 648 3994; x_wconf 85' lang='lat' dir='ltr'>Adversus</span> <span class='ocrx_word' id='word_1_276' title='bbox 678 3946 738 3994; x_wconf 90' lang='lat' dir='ltr'>tam</span> <span class='ocrx_word' id='word_1_277' title='bbox 771 3938 946 3996; x_wconf 88' lang='lat' dir='ltr'>obstinatam</span> <span class='ocrx_word' id='word_1_278' title='bbox 975 3941 1138 4002; x_wconf 81' lang='lat' dir='ltr'>orationem</span> <span class='ocrx_word' id='word_1_279' title='bbox 1169 3941 1355 4001; x_wconf 77' lang='lat' dir='ltr'>tribunorum</span> <span class='ocrx_word' id='word_1_280' title='bbox 1392 3967 1480 4021; x_wconf 82' lang='lat' dir='ltr'>quum</span> 
     </span>
     <span class='ocr_line' id='line_1_34' title="bbox 410 4041 1480 4127; baseline 0.013 -31"><span class='ocrx_word' id='word_1_281' title='bbox 410 4059 470 4115; x_wconf 82' lang='lat' dir='ltr'>prae</span> <span class='ocrx_word' id='word_1_282' title='bbox 491 4041 661 4116; x_wconf 80' lang='lat' dir='ltr'>indignitate</span> <span class='ocrx_word' id='word_1_283' title='bbox 682 4060 778 4099; x_wconf 87' lang='lat' dir='ltr'>rerum</span> <span class='ocrx_word' id='word_1_284' title='bbox 794 4050 897 4119; x_wconf 88' lang='lat' dir='ltr'>stupor</span> <span class='ocrx_word' id='word_1_285' title='bbox 917 4044 1119 4121; x_wconf 86' lang='lat' dir='ltr'>silentiumque</span> <span class='ocrx_word' id='word_1_286' title='bbox 1132 4045 1201 4103; x_wconf 89' lang='lat' dir='ltr'>inde</span> <span class='ocrx_word' id='word_1_287' title='bbox 1224 4058 1339 4106; x_wconf 86' lang='lat' dir='ltr'>ceteros</span> <span class='ocrx_word' id='word_1_288' title='bbox 1362 4064 1480 4127; x_wconf 88' lang='lat' dir='ltr'>patrum</span> 
     </span>
     <span class='ocr_line' id='line_1_35' title="bbox 378 4142 1479 4225; baseline 0.016 -28"><span class='ocrx_word' id='word_1_289' title='bbox 378 4142 566 4215; x_wconf 82' lang='lat' dir='ltr'>2defixisset‚</span> <span class='ocrx_word' id='word_1_290' title='bbox 589 4148 668 4221; x_wconf 89' lang='lat' dir='ltr'>App.</span> <span class='ocrx_word' id='word_1_291' title='bbox 685 4146 824 4205; x_wconf 87' lang='lat' dir='ltr'>Claudius</span> <span class='ocrx_word' id='word_1_292' title='bbox 840 4146 973 4220; x_wconf 80' lang='lat' dir='ltr'>Crassus,</span> <span class='ocrx_word' id='word_1_293' title='bbox 994 4168 1087 4225; x_wconf 87' lang='lat' dir='ltr'>nepos</span> <span class='ocrx_word' id='word_1_294' title='bbox 1101 4151 1268 4223; x_wconf 83' lang='lat' dir='ltr'>decemviri,</span> <span class='ocrx_word' id='word_1_295' title='bbox 1289 4155 1398 4213; x_wconf 80' lang='lat' dir='ltr'>dicinrr</span> <span class='ocrx_word' id='word_1_296' title='bbox 1411 4159 1479 4214; x_wconf 89' lang='lat' dir='ltr'>odio</span> 
     </span>
     <span class='ocr_line' id='line_1_36' title="bbox 411 4249 1479 4332; baseline 0.014 -28"><span class='ocrx_word' id='word_1_297' title='bbox 411 4249 504 4323; x_wconf 84' lang='lat' dir='ltr'>magis</span> <span class='ocrx_word' id='word_1_298' title='bbox 536 4249 637 4321; x_wconf 88' lang='lat' dir='ltr'>iraque</span> <span class='ocrx_word' id='word_1_299' title='bbox 659 4268 746 4323; x_wconf 87' lang='lat' dir='ltr'>qnam</span> <span class='ocrx_word' id='word_1_300' title='bbox 769 4269 821 4327; x_wconf 88' lang='lat' dir='ltr'>spe</span> <span class='ocrx_word' id='word_1_301' title='bbox 844 4253 882 4309; x_wconf 82' lang='lat' dir='ltr'>ad</span> <span class='ocrx_word' id='word_1_302' title='bbox 904 4254 1127 4311; x_wconf 77' lang='lat' dir='ltr'>dismiadendnm</span> <span class='ocrx_word' id='word_1_303' title='bbox 1149 4258 1330 4332; x_wconf 82' lang='lat' dir='ltr'>processisse</span> <span class='ocrx_word' id='word_1_304' title='bbox 1349 4272 1379 4317; x_wconf 88' lang='lat' dir='ltr'>et</span> <span class='ocrx_word' id='word_1_305' title='bbox 1400 4262 1479 4319; x_wconf 83' lang='lat' dir='ltr'>locu·</span> 
     </span>
    </p>
   </div>
   <div class='ocr_carea' id='block_1_3' title="bbox 0 0 1700 5084">
    <p class='ocr_par' dir='ltr' id='par_1_3' title="bbox 0 0 1700 5084">
     <span class='ocr_line' id='line_1_37' title="bbox 0 0 1700 5084; baseline 0 0"><span class='ocrx_word' id='word_1_306' title='bbox 0 0 1700 5084; x_wconf 95' lang='lat' dir='ltr'> </span> 
     </span>
    </p>
   </div>
  </div>
 </body>
</html>
