3392 5084
490 500 567 549 Liber
584 499 657 550 vm.
694 498 980 562 (auhsau-aas.)
1105 524 1107 539 =
1162 503 1218 559 119

203 681 322 739 innoxia
351 685 530 743 multitudine
559 683 641 742 ficri?
674 685 833 759 Equidem,
867 685 920 742 etsi
942 703 1012 742 meae
1040 693 1138 760 partes
1159 686 1311 760 estqui-12

203 787 297 844 reuda
310 790 406 864 magis
426 789 573 846 sententias
586 807 673 864 quam
689 791 791 848 dandae
804 799 879 860 suut,
899 780 1009 861 tamen,
1028 808 1116 865 quum
1137 789 1261 862 videam,

204 894 389 952 Privernates
411 895 521 952 vicinos
544 895 721 955 Samnitibus
751 915 829 967 esse,
859 897 934 954 unde
954 914 1029 954 nunc
1056 896 1140 954 nobis
1168 897 1260 954 incer-

203 1000 312 1057 tissima
344 1019 404 1075 pax
434 1010 493 1072 est,
522 1020 609 1076 quam
643 1002 790 1059 minimum
817 1001 925 1059 irarum
955 1002 1029 1058 iuter
1055 1020 1108 1058 nos
1139 1001 1261 1076 illosque

202 1105 324 1180 relinqui
344 1106 464 1164 velim.“
512 1106 607 1180 Quum
628 1107 767 1183 ipseper
788 1125 852 1166 sese
873 1095 919 1165 res
941 1125 1047 1183 anceps
1069 1117 1153 1177 esset,
1174 1117 1262 1183 prout
1314 1110 1351 1180 21

202 1213 340 1287 cuiusque
371 1213 516 1288 ingenium
544 1223 625 1284 erat,
655 1214 781 1272 atrocius
807 1214 943 1272 mitiusve
972 1212 1171 1284 suadentibus,
1199 1220 1259 1268 tum

201 1317 357 1376 incertiora
389 1319 486 1376 omnia
515 1304 649 1376 unus'ex
672 1319 892 1378 Privernatibus
921 1319 1025 1394 legatis
1058 1317 1135 1389 fecit,
1167 1318 1259 1394 magis

202 1424 392 1495 condicionis,
419 1425 449 1481 in
471 1443 530 1499 qua
557 1433 643 1481 natus
673 1436 761 1492 esset,
789 1443 877 1500 quarn
905 1425 1053 1502 presentis
1081 1425 1258 1483 necessitatis

202 1549 329 1599 mem0r3
352 1531 402 1605 qui
422 1529 616 1606 interrogatus
636 1531 795 1605 aquodam
814 1531 949 1589 tristioris
970 1531 1117 1590 sententiae
1131 1523 1288 1600 auctore,2

203 1654 287 1710 quam
320 1655 437 1712 poenam
468 1631 585 1694 mei-itus
615 1637 801 1694 Privernates
831 1646 973 1708 censeret,
1012 1637 1124 1706 ,Eam“
1157 1635 1258 1711 inquit,

205 1759 310 1816 ,mam
342 1744 503 1812 merentur,
539 1742 589 1816 qui
620 1761 653 1799 se
682 1741 815 1800 libertate
843 1743 947 1818 dignos
978 1746 1121 1799 censent.“
1170 1740 1287 1802 Cuius3
1341 1786 1343 1792 η

203 1867 287 1921 quum
321 1847 413 1905 feroci
442 1866 582 1924 responso
613 1847 775 1907 infestiores
803 1848 898 1907 factos
930 1848 1041 1906 videret
1070 1847 1169 1905 consul
1198 1865 1257 1918 eos,
1335 1899 1339 1908 .

204 1953 249 2028 qui
270 1963 341 2010 aute
361 1952 575 2011 Privernatium
596 1971 714 2012 causam
738 1956 963 2030 impugnabant,
992 1964 1024 2010 ut
1045 1955 1107 2029 ipse
1135 1953 1258 2029 benigna
1338 1927 1346 1936 .

201 2061 426 2136 interrogatione
452 2059 549 2116 mitius
580 2079 749 2136 responsum
771 2060 895 2131 eliceret,
929 2059 1039 2133 „Quid,
1067 2059 1092 2117 si
1121 2063 1288 2135 poenam“4

201 2167 294 2241 inquit
319 2167 508 2235 „remittimus
528 2167 627 2236 vobis,
649 2169 763 2242 qualem
792 2186 846 2224 nos
867 2184 968 2242 pacem
995 2164 1144 2222 vobiscum
1171 2165 1257 2221 habi-

201 2283 279 2329 turos
302 2255 489 2347 speremus?“
516 2272 567 2342 „Si
589 2274 694 2330 bonam
717 2273 871 2330 <rederium
894 2272 1002 2346 inquit,
1038 2280 1085 2340 „et
1110 2270 1198 2327 fidam
1229 2278 1257 2325 et

200 2387 383 2453 perpetuam,
410 2378 579 2449 simelam,
606 2377 686 2435 haud
712 2378 905 2439 diuturnam.“
955 2379 1031 2435 Tum
1053 2395 1123 2433 vcro
1144 2373 1287 2445 minaris

200 2503 251 2541 nec
274 2485 303 2540 id
325 2483 471 2560 ambigue,
492 2484 691 2542 Privernatem
716 2485 850 2559 quidam,
882 2492 910 2541 et
931 2483 986 2540 illis
1010 2481 1130 2540 vocibus
1152 2481 1189 2537 ad
1210 2500 1254 2537 re·

201 2591 365 2647 bellandum
391 2589 506 2650 incitari
534 2599 655 2666 pacatos
683 2592 822 2666 populos3
853 2608 922 2665 pars
945 2588 1042 2646 mitior
1073 2594 1190 2644 senatus
1218 2585 1286 2646 adt

203 2698 323 2754 meliora
352 2713 492 2772 respousa
519 2698 634 2754 trahere
662 2710 691 2754 et
712 2698 822 2767 dicere,
852 2685 907 2753 viri
928 2706 956 2753 ct
976 2695 1059 2754 liberi
1081 2711 1180 2750 vocem
1203 2711 1256 2749 au·

202 2805 306 2861 ditem:
330 2823 367 2860 an
388 2803 466 2860 credi
486 2821 588 2878 posse,
617 2802 706 2858 ullum
728 2803 867 2877 populum
890 2809 939 2858 aut
960 2801 1104 2857 hominem
1135 2797 1257 2872 denique
1333 2802 1339 2822 ‘

201 2908 288 2966 inca
311 2908 488 2978 condicione,
518 2909 598 2966 cuius
621 2927 685 2964 eum
707 2908 856 2982 peniteat,
878 2907 992 2977 diutius,
1022 2924 1108 2979 quam
1141 2921 1258 2962 necesse

201 3017 244 3086 sit,
272 3013 460 3072 mansurum?
491 3015 538 3071 lbi
566 3033 667 3090 pacem
692 3031 755 3070 esse
780 3013 887 3084 fidam,
914 3013 965 3070 ubi
987 3010 1143 3069 voluntarii
1160 3008 1286 3085 pacati7

200 3123 264 3191 sint,
287 3139 380 3195 usque
404 3136 438 3174 eo
460 3118 540 3188 loco,
561 3119 611 3176 ubi
631 3120 797 3176 servitutem
818 3136 882 3176 esse
902 3118 1005 3188 velint,
1032 3117 1117 3174 fidem
1139 3133 1257 3190 speran-
1335 3191 1341 3202 .

202 3227 267 3283 dam
290 3244 362 3283 esse.
403 3225 440 3281 In
461 3226 536 3282 hanc
556 3225 727 3282 sententiam
748 3226 875 3282 maxime
897 3223 996 3280 consul
1027 3222 1090 3296 ipse
1110 3219 1286 3278 inclinavit8

202 3333 321 3402 animos,
352 3330 508 3388 identidem
540 3331 577 3388 ad
609 3330 753 3406 principes
774 3329 980 3386 sententiarum
1009 3327 1182 3396 consulares,
1214 3326 1256 3382 uti

201 3437 332 3495 exaudiri
359 3446 460 3512 posset
490 3455 509 3494 a
538 3412 684 3512 pluribus,
713 3436 849 3505 dicendo,
883 3453 932 3491 eos
962 3434 1086 3504 demum,
1110 3433 1158 3508 qui
1186 3430 1285 3489 nihils

200 3554 391 3618 praeterquam
421 3542 457 3598 de
487 3543 618 3600 libertate
639 3542 780 3617 cogitent,
810 3540 913 3616 dignos
944 3557 1021 3609 esse,
1054 3537 1104 3612 qui
1132 3538 1257 3598 Romani

200 3651 280 3707 fiant.
322 3650 427 3723 Itaque
448 3657 478 3705 et
497 3649 527 3705 in
542 3659 643 3707 senatu
657 3667 775 3705 causam
797 3645 956 3714 obtinuere,
978 3653 1064 3701 etex
1085 3644 1255 3702 auctoritate
1273 3649 1305 3702 lt)

200 3766 313 3828 patrum
336 3755 429 3812 latum
451 3755 490 3810 ad
509 3754 647 3829 populum
663 3765 715 3825 est,
736 3764 769 3811 ut
781 3750 1001 3817 Privernatibus
1015 3749 1116 3808 civitas
1131 3751 1255 3808 daretur.

201 3860 310 3918 Eodem
343 3879 422 3918 anno
450 3861 557 3918 Anxur
588 3861 707 3917 trecenti
738 3859 768 3916 in
790 3857 934 3917 coloniam
967 3855 1047 3912 missi
1076 3867 1155 3927 sunt;
1187 3857 1255 3914 bina
1272 3860 1304 3914 ll

202 3965 299 4041 iugera
320 3968 384 4042 agri
405 3978 586 4042 acceperunt.
1243 4036 1248 4052 1

281 4072 404 4132 Secutus
424 4081 469 4129 est
489 4091 581 4130 annus
593 4073 673 4129 nulla
687 4090 719 4128 re
739 4072 807 4128 belli
820 4071 936 4130 domive
957 4070 1086 4146 insignis,
1108 4072 1142 4128 P.
1163 4069 1251 4127 Plau·
1303 4072 1347 4141 22
1408 4071 1413 4080 '

202 4177 239 4233 tio
271 4179 417 4250 Proculo,
449 4181 484 4241 P.
518 4176 653 4236 Cornelio
686 4178 813 4253 Scapula
848 4177 1028 4248 consulibus,
1059 4187 1251 4253 praetcrquam

204 4287 275 4358 quod
296 4287 448 4362 Fregellas
470 4285 674 4358 (Hernicorum
692 4287 716 4342 is
738 4303 817 4360 ager,
839 4283 942 4343 deinde
956 4284 1130 4343 Volscorum
1145 4285 1283 4362 fuerat)2

1266 4161 1422 4214 A.u.c.426.

1264 4230 1298 4281 A.
1307 4227 1418 4280 cutte.
