3392 5084
449 525 506 582 Μ
641 467 647 481 Δ
758 521 836 571 Liber
854 521 888 574 X.
925 483 974 582 (d.
984 537 1010 574 u.
1020 536 1043 574 c.
1054 505 1132 581 till.)¹

406 705 494 774 nium,
516 703 652 778 Papirius
674 705 713 761 ad
727 705 928 779 Aquiloniam,
950 702 999 762 ubi
1021 723 1136 762 summa
1156 705 1201 762 rei
1210 704 1389 764 Samnitium
1403 711 1469 760 erat

375 808 546 886 llpervenit.
592 809 639 868 Ibi
661 808 840 883 aliquamdiu
870 827 923 866 neo
952 817 1097 866 cessatum
1123 811 1162 867 ab
1189 810 1280 866 armis
1307 816 1353 865 est
1384 823 1469 880 neque

406 915 519 973 naviter
546 924 722 990 pugnatum
754 912 924 971 lacessendo
951 915 1079 989 quietos,
1106 914 1309 971 resistentibus
1336 911 1468 977 cedendo,

407 1019 668 1092 comminandoque
679 1018 772 1092 magis
784 1037 872 1092 quam
883 1018 1034 1077 inferendo
1042 1039 1171 1096 pugnam
1182 1019 1244 1076 dies
1257 1018 1468 1074 absumebatur.

407 1125 607 1198 Quodcunque
628 1122 802 1198 inciperetur
820 1126 1086 1201 remittereturque‚
1108 1123 1237 1181 omnium
1256 1143 1364 1192 rerum,
1386 1121 1468 1178 etiam

377 1235 392 1287 7
406 1247 574 1305 parvarum,
594 1239 715 1286 eventus
726 1228 928 1304 perferebatur
940 1230 971 1287 in
989 1231 1051 1288 dies
1065 1233 1094 1287 io
1108 1231 1202 1286 altera
1215 1231 1355 1287 Romana
1368 1235 1468 1292 casua,

408 1355 472 1410 quaa
495 1335 596 1410 viginti
618 1335 738 1392 millium
761 1335 858 1410 spatio
880 1336 1011 1405 aberant,
1032 1347 1061 1394 et
1076 1335 1204 1394 absentis
1219 1333 1342 1408 collegae
1355 1331 1469 1390 consilia

407 1418 540 1498 omnibus
565 1441 698 1516 gerendis
720 1442 880 1498 intererant
900 1441 1000 1511 rebua3
1021 1440 1215 1514 intentiorque
1236 1438 1395 1508 Carvilius,
1416 1455 1469 1511 quo

339 1529 342 1536 ¹
407 1547 517 1604 maiore
544 1545 708 1604 discrimine
736 1563 782 1603 res
809 1545 991 1614 vertebatur,
1023 1545 1053 1600 in
1087 1545 1279 1620 Aquiloniam
1313 1561 1403 1618 quan
1435 1540 1470 1597 ad

376 1649 580 1721 docminium,
603 1652 681 1726 quod
703 1651 866 1720 obsidebat,
888 1659 960 1706 erat.
1004 1649 1197 1725 LPapirius,
1219 1649 1279 1706 iam
1300 1668 1356 1724 per
1376 1648 1469 1704 omnia

407 1756 444 1812 ad
478 1755 672 1814 dimicandum
706 1756 777 1813 satis
806 1763 938 1830 paratus,
968 1755 1099 1811 nuntium
1132 1755 1170 1810 ad
1203 1753 1349 1829 collegam
1379 1752 1469 1818 mitat

406 1860 462 1916 sibi
482 1861 512 1916 in
532 1861 629 1918 animo
652 1879 716 1918 esse
737 1872 857 1937 postero
879 1860 941 1929 die,
970 1859 1069 1934 siper
1096 1858 1228 1934 auspioia
1255 1859 1373 1923 liceret,
1404 1878 1469 1916 oon·

376 1966 505 2040 diligere
533 1985 597 2022 cum
624 1967 724 2035 hoste;
763 1983 836 2042 opus
864 1983 928 2022 essa
959 1973 988 2021 et
1016 1963 1111 2033 illum,
1144 1972 1255 2038 quanta
1285 1965 1416 2021 maxima
1443 1963 1469 2018 vi

406 2081 514 2148 posset,
536 2071 701 2130 Cominium
721 2075 901 2146 oppugnare,
922 2087 960 2125 ne
981 2068 1049 2142 quid
1065 2068 1224 2126 laxamenti
1236 2064 1469 2128 -sit'samnititos

358 2179 393 2231 to
407 2178 445 2234 ad
471 2177 601 2235 subsidia
627 2177 818 2251 Aquiloniam
848 2173 1016 2232 mittendas
1049 2174 1135 2231 Diem
1162 2174 1201 2230 ad
1229 2174 1468 2250 proficiscendum

407 2281 522 2339 nuntius
554 2282 670 2351 habuit;
712 2290 797 2339 nocte
832 2280 932 2350 rediit,
968 2279 1134 2353 approbare
1165 2279 1309 2353 collegam
1343 2281 1470 2337 consulta

349 2367 390 2442 ’11
407 2384 542 2444 referens.
592 2387 738 2461 Papirius,
761 2385 863 2442 nuntio
884 2384 984 2451 misso,
1006 2382 1152 2458 extemplo
1175 2384 1342 2442 contionem
1356 2385 1468 2450 habuit;

407 2489 498 2546 multe
527 2490 563 2547 de
591 2493 727 2548 universo
757 2509 864 2567 genera
890 2489 972 2557 belli,
1002 2489 1093 2544 multa
1119 2489 1156 2544 de
1181 2491 1319 2564 praesenti
1347 2491 1468 2547 hostium

407 2603 566 2670 apparatu,
597 2615 676 2652 vana
697 2596 791 2671 magis
813 2595 910 2671 specie
931 2612 1019 2669 quam
1042 2591 1154 2650 efficaci
1174 2593 1213 2649 ad
1233 2605 1385 2664 eventum,
1415 2595 1469 2652 dis-

359 2699 509 2760 l2seruit:
544 2719 602 2758 non
628 2677 703 2759 enim
734 2703 836 2758 cristas
863 2699 985 2756 vulnera
1012 2698 1125 2767 facere;
1155 2706 1186 2754 et
1205 2716 1260 2772 per
1282 2699 1364 2774 picta
1383 2709 1469 2773 atque

406 2813 510 2862 aurata
531 2815 614 2862 scuta
636 2807 760 2864 transire
782 2808 947 2864 Romanum
969 2803 1075 2879 pilum;
1108 2812 1138 2861 et
1158 2805 1287 2861 candore
1311 2805 1468 2862 tunicarum

356 2911 392 2967 13
405 2906 562 2984 fulgentem
585 2909 694 2982 aciem,
725 2912 774 2968 ubi
795 2915 843 2968 res'
874 2909 953 2968 ferro
974 2919 1107 2985 geratur,
1139 2909 1293 2968 cruentari.
1341 2912 1467 2967 Auream

406 3014 474 3071 olim
499 3021 587 3089 atque
609 3023 777 3090 argenteam
800 3015 974 3074 Samnitium
1003 3015 1095 3073 aciem
1122 3035 1140 3071 a
1167 3023 1290 3090 parente
1316 3033 1371 3071 suo
1397 3015 1468 3072 occi-

407 3119 493 3176 dione
520 3107 660 3190 occisam,
692 3119 846 3194 spoliaque
877 3138 913 3176 ea
939 3119 1109 3176 honestiora
1142 3119 1247 3176 victori
1276 3120 1354 3176 hosti
1385 3137 1468 3193 quam

358 3224 477 3300 idipsis
500 3243 583 3282 arma
603 3223 703 3284 fuisse.
748 3225 858 3282 Datum
880 3226 936 3282 hoo
956 3224 1057 3282 forsan
1079 3224 1189 3281 nomini
1210 3223 1387 3300 familiaque
1403 3242 1467 3290 aaa,

407 3341 439 3388 ut
460 3330 599 3388 adversus
621 3331 765 3387 maximos
793 3341 915 3386 conatus
939 3330 1112 3388 Samnitium
1143 3338 1361 3405 opponerent-ur
1386 3331 1467 3386 duces

407 3436 558 3512 spoliaque
579 3456 615 3494 ea
635 3434 786 3503 referrent,
809 3453 874 3508 quae
895 3435 1020 3509 insignia
1040 3434 1162 3510 publicis
1183 3435 1272 3492 etiam
1293 3435 1366 3493 locis
1387 3435 1467 3493 deco·

358 3539 504 3600 terendis
527 3549 631 3597 essent.
680 3541 762 3598 Deos
784 3540 965 3598 immortales
996 3540 1099 3597 adesse
1128 3549 1249 3615 propter
1271 3541 1358 3598 toties
1383 3540 1466 3616 petita

406 3643 533 3709 foedera,
561 3645 647 3702 toties
669 3653 772 3719 rupta;
803 3653 881 3715 tum,
909 3646 1015 3721 siqua
1042 3645 1208 3703 coniectura
1236 3646 1342 3702 mentis
1371 3646 1466 3704 divium

317 3746 319 3753 ⁴
360 3746 393 3802 16
406 3749 452 3820 sit,
474 3749 544 3807 nulli
566 3767 694 3823 unquam
717 3749 859 3808 exercitui
872 3749 963 3808 fnisse
982 3749 1155 3821 infestiores,
1178 3767 1266 3824 qnam
1283 3751 1334 3825 qui
1348 3749 1467 3808 nefando

304 3925 308 3932 ,
406 3871 490 3911 sacro
520 3853 612 3912 mixta
638 3855 789 3912 hominum
818 3855 1020 3930 pecudumque
1046 3855 1125 3912 cade
1155 3873 1324 3929 respersus,
1357 3854 1467 3931 annpiti

358 3958 392 4011 17
408 3958 492 4015 deum
514 3959 565 4016 irae
586 3961 719 4030 devotus,
741 3959 809 4016 hinc
832 3957 973 4018 foederum
995 3978 1060 4016 cum
1084 3959 1226 4017 Romanis
1246 3961 1372 4018 ictorum
1386 3970 1467 4017 restes

409 4062 489 4132 deos,
512 4063 579 4121 hinc
599 4064 800 4122 iurisiurandi
823 4065 964 4122 adversus
985 4064 1096 4122 foedera
1110 4065 1239 4140 suscepti
1259 4065 1466 4124 exsecrationes

409 4169 543 4237 horrens,
571 4168 680 4226 invitus
705 4169 861 4240 iuraverit,
891 4169 984 4226 oderit
1003 4180 1232 4239 sacramentum,
1262 4189 1322 4229 uno
1343 4180 1466 4247 tompore

312 4262 358 4330 40
410 4271 490 4340 deos,
512 4272 599 4342 cives,
620 4274 719 4331 hostes
742 4281 861 4332 metuat
908 4274 980 4331 Hoec
994 4283 1145 4349 comperta
1157 4273 1348 4350 perfugarum
1363 4272 1467 4332 indiciis
