3392 5084
482 513 561 562 niter
576 514 630 565 111.
651 514 699 577 (Δ.
716 512 766 568 ch.
780 516 942 580 tas-tes.)
1049 471 1052 480 .
1147 519 1203 578 149

196 695 299 751 Valerio
318 696 413 754 Manii
433 697 503 769 filio,
526 699 629 756 Volesi
649 707 770 775 nepote,
798 703 926 774 quaestor
947 710 1010 758 erat
1035 701 1072 759 T.
1095 701 1246 775 Quinctius

195 798 368 874 Capitolinus,
392 803 444 878 qni
464 812 509 861 ter
530 805 633 862 consul
652 789 757 865 fuerat.
799 807 841 876 Is,
863 807 999 880 quonism
1023 825 1117 880 neque
1137 806 1245 879 Quinc·

188 906 232 976 ‚tie
248 903 361 963 familiae
385 907 472 967 Caeso
492 929 587 985 neque
606 911 652 968 rei
663 911 788 985 publicae
809 911 954 969 maximus
975 911 1112 969 iuvenum
1132 913 1245 970 restitui

195 1020 283 1083 posset,
303 1012 413 1070 falsum
435 1023 551 1085 testem,
583 1015 633 1090 qui
655 1015 783 1072 dicendae
805 1035 900 1074 causae
928 1016 1048 1073 innoxio
1070 1025 1244 1092 potestatem

195 1117 339 1190 ademisset,
360 1120 442 1176 insto
464 1138 499 1178 ao
519 1120 569 1195 pio
591 1120 670 1178 bello
690 1123 931 1196 persequebatur.
975 1121 1071 1194 Quum
1087 1121 1275 1197 Verginiusl

194 1221 302 1277 maxime
329 1242 369 1280 ex
390 1224 514 1282 tribunis
542 1226 579 1282 de
607 1226 672 1302 lege
692 1236 807 1302 ageret,
836 1227 925 1284 dnum
956 1244 1088 1283 mensum
1119 1227 1245 1301 spatium

195 1325 340 1385 consulibus
363 1329 466 1386 datum
489 1339 533 1386 est
553 1330 592 1386 ad
614 1331 824 1406 inspiciendam
847 1332 959 1407 legem,
990 1341 1036 1401 ut,
1065 1349 1153 1405 quum
1176 1331 1245 1388 edo-

195 1431 301 1489 cuissent
330 1436 491 1510 populum,
528 1436 599 1511 quid
634 1435 747 1494 bandis
786 1437 906 1495 occultae
944 1436 1084 1508 ferretur,
1119 1438 1246 1496 sinerent

195 1534 279 1593 deinde
299 1536 475 1614 suffragium
496 1541 578 1601 inire.
625 1543 694 1600 Hoc
713 1543 860 1602 intervalli
881 1543 981 1602 datum
1002 1561 1050 1600 res
1074 1543 1245 1619 tranquillas

196 1639 216 1694 in
232 1644 297 1700 urbe
316 1643 397 1702 fecit.
441 1647 506 1704 Neo
532 1646 698 1706 diuturnam
726 1649 851 1723 quietem
872 1649 967 1723 AEqui
998 1649 1153 1719 dederunt,
1186 1647 1275 1723 qui,5

196 1757 263 1821 mpto
289 1748 417 1821 foedere,
447 1752 526 1826 quod
553 1752 641 1811 ictum
670 1763 733 1810 erat
760 1755 859 1830 priore
888 1773 965 1812 anno
994 1771 1059 1812 cum
1093 1754 1244 1827 Romanis,

196 1851 324 1927 imperium
363 1857 404 1913 ad
441 1857 609 1916 Gracchum
641 1858 775 1917 Oloeliutn
813 1859 959 1929 deferunt3
1003 1859 1028 1916 is
1061 1870 1123 1918 tum
1156 1861 1244 1935 longe

196 1962 308 2037 princeps
328 1962 360 2018 in
373 1963 484 2037 AEquis
506 1972 579 2024 erat.
622 1963 759 2024 Graccho
781 1965 905 2024 ducein
927 1965 1108 2023 Lavieanum
1130 1961 1275 2040 agrum,6

197 2063 248 2122 inde
265 2065 292 2122 in
312 2067 514 2125 Tusculanum
537 2069 636 2127 hostili
656 2062 845 2146 populatione
866 2069 994 2140 veniunt,
1013 2050 1148 2145 planique
1168 2085 1243 2144 pree·

198 2172 230 2227 dae
255 2173 281 2229 iu
307 2173 422 2249 Algido
451 2182 548 2231 castra
575 2175 684 2236 locant.
731 2178 767 2233 In
797 2196 833 2235 ea
858 2185 956 2234 castra
987 2174 1025 2247 Q.
1048 2174 1174 2243 Fabius,
1207 2174 1244 2233 P.

199 2276 363 2350 Volumnius,
395 2280 437 2338 A.
459 2281 628 2338 Postumius
649 2281 739 2355 legati
768 2281 806 2338 ab
832 2283 930 2340 Roma
948 2287 1089 2338 venerunt
1111 2286 1243 2352 questum

199 2381 294 2441 iniurias
315 2395 345 2442 et
368 2403 407 2442 ex
421 2383 530 2443 foedera
543 2403 592 2443 res
605 2387 767 2462 repetitum.
810 2387 872 2444 Eos
893 2387 1061 2460 AEquorum
1076 2384 1275 2459 imperatum]

201 2506 248 2560 qua
265 2492 404 2548 mandata
425 2492 553 2549 habeant
575 2492 612 2549 ab
634 2500 737 2549 senatu
760 2494 911 2561 Romano,
944 2491 982 2548 ad
1004 2507 1141 2564 quereum
1165 2489 1245 2546 iubet

201 2592 284 2663 dicere3
322 2615 355 2653 se
395 2596 454 2654 alia
488 2596 603 2653 inten'm
638 2604 780 2656 cetimum.
845 2597 978 2670 Quercus
1020 2595 1121 2669 ingens
1157 2595 1246 2650 arbor

202 2703 310 2770 pretorio
330 2702 512 2771 imminebat,
534 2701 615 2759 cuins
636 2702 742 2758 umbra
763 2720 858 2777 opaca
880 2703 963 2760 sedes
987 2709 1057 2759 eret
1108 2702 1185 2757 Tum
1208 2699 1277 2756 ex8

203 2801 280 2878 legatis
316 2824 394 2866 unus
426 2807 527 2863 abiens
561 2807 620 2877 „Et
649 2805 729 2864 hmo“
761 2806 856 2883 inquit
889 2815 1025 2877 ,saerata
1057 2823 1180 2880 quercus
1218 2813 1247 2860 at

205 2910 313 2986 quiequid
334 2914 457 2977 deorum
481 2920 534 2982 est,
555 2912 685 2982 audiant,
708 2911 803 2970 foedus
825 2930 844 2968 a
867 2910 952 2968 vobis
975 2920 1102 2985 ruptum,
1124 2909 1246 2967 nostris·

205 3030 244 3085 que
270 3028 296 3074 et
325 3036 403 3076 nune
436 3016 560 3092 querelis
593 3017 691 3074 adsint
718 3027 748 3075 et
775 3036 846 3075 mox
868 3015 971 3085 armis,
1004 3033 1093 3089 quum
1125 3015 1245 3072 deorum
1355 3053 1357 3058 ,

205 3117 385 3199 hominumque
417 3123 504 3181 simul
533 3123 645 3180 violata
679 3124 745 3180 iura
773 3123 996 3196 exsequemur“.
1059 3122 1185 3206 Romam
1214 3113 1276 3177 ut9

205 3225 291 3286 rediere
308 3230 413 3306 legati,
445 3237 563 3286 mnatns
594 3229 679 3285 iussit
707 3229 829 3285 altemm
857 3225 1003 3282 consulem
1027 3233 1129 3281 conus
1151 3224 1245 3283 Grae-

207 3330 315 3391 thumim
336 3335 476 3410 Algidum
503 3335 662 3391 exereitum
684 3334 799 3402 ducere,
828 3332 913 3390 alteri
941 3328 1160 3406 populationem
1182 3329 1245 3385 fini·

207 3451 241 3490 um
257 3440 416 3515 AEquorum
437 3436 618 3514 provinciam
639 3437 728 3498 dedit.
775 3436 900 3496 Tribuni
921 3453 974 3494 suo
1003 3453 1085 3492 more
1106 3435 1246 3511 impedire

208 3535 330 3616 deletum,
352 3555 381 3602 et
394 3543 519 3601 forsitan
535 3542 574 3598 ad
589 3541 720 3600 ultimum
735 3543 924 3617 impedissent
933 3559 941 3613 ;
964 3541 1017 3598 sed
1034 3559 1128 3598 novus
1149 3541 1246 3599 subito

210 3643 297 3704 additus
325 3659 420 3707 terror
447 3657 500 3706 est.
541 3648 598 3704 vis
620 3647 795 3706 Sabinorum
824 3625 926 3723 ingens
955 3665 1048 3723 prope
1071 3646 1109 3703 ad
1140 3646 1247 3704 moenia
1295 3641 1340 3710 26

211 3750 266 3806 nbis
293 3754 398 3813 infeste
423 3753 614 3830 populatione
638 3753 732 3826 venit3
764 3751 868 3812 foedati
895 3755 976 3829 agri,
1007 3762 1101 3810 terror
1125 3751 1247 3809 iniectus

211 3854 256 3911 mbi
282 3870 329 3922 est.
383 3862 461 3918 Tum
492 3860 576 3935 plebs
608 3859 733 3934 benigne
776 3877 860 3916 arma
893 3859 985 3935 cepit3
1020 3857 1246 3915 reclamantibus

210 3953 293 4022 matre
303 3967 424 4025 tribunis
445 3966 545 4041 magni
566 3965 625 4022 duo
646 3965 790 4023 exereitus
811 3964 922 4040 scripti.
965 3964 1098 4022 Alterum
1119 3961 1278 4021 Nautius2

213 4075 288 4127 matra
308 4073 431 4132 Sabinos
461 4071 560 4142 duxit,
587 4070 749 4145 castrisque
770 4057 814 4127 ad
829 4070 950 4127 Eretum
978 4069 1081 4144 positis
1109 4087 1163 4143 per
1195 4086 1246 4125 sx-

212 4171 340 4239 utditiones
360 4195 484 4254 parvas,
512 4175 683 4252 plerumque
704 4174 853 4232 nocturnis
874 4175 1101 4246 incursionibus,
1133 4182 1246 4231 tantem

213 4279 346 4341 aunuum
376 4283 406 4340 in
435 4282 547 4342 Sabino
578 4297 651 4354 agro
683 4279 824 4349 reddidit,
856 4289 888 4337 nt
916 4279 1079 4354 comparati
1110 4279 1149 4336 ad
1181 4297 1246 4336 eam
