3392 5084
547 1752 550 1755 ρ
602 1614 923 1711 Pessime.

711 1821 811 1828 ..—

225 1916 423 2019 Facturusue
453 1979 551 2035 operae
581 1961 703 2035 pretium
730 1961 800 2031 sim,
834 1959 859 2017 si
897 1977 915 2015 a
945 1954 1102 2032 primordio
1126 1952 1214 2019 'urbis
1247 1971 1292 2009 res

227 2068 330 2143 populi
351 2067 479 2126 Romani
499 2067 728 2142 perscripserim.
750 2083 803 2124 nec
831 2064 902 2122 sstis
925 2062 1004 2132 scio,
1035 2078 1105 2131 nec,
1137 2060 1162 2117 si
1192 2059 1291 2126 sciam,

232 2173 329 2231 dicere
340 2174 444 2243 ausim,
468 2174 574 2247 quippe
591 2172 640 2247 qui
651 2191 739 2246 quum
756 2180 884 2235 veterem
904 2179 964 2227 tum
979 2166 1127 2242 vulgatam
1147 2182 1210 2222 esse
1230 2184 1291 2222 rem
1305 2161 1322 2217 2

229 2281 356 2350 videam,
380 2280 449 2337 dum
474 2278 544 2334 novi
563 2295 678 2351 semper
698 2278 853 2353 scriptores
878 2276 979 2333 autin
1005 2275 1091 2332 rebus
1113 2270 1217 2327 certius
1237 2268 1291 2325 oli-

233 2385 302 2460 quid
323 2385 465 2442 allaturos
487 2401 518 2439 se
538 2392 589 2439 aut
612 2383 754 2440 scribendi
776 2390 839 2439 arte
862 2380 963 2441 rudem
978 2386 1151 2438 vetustatem
1174 2394 1291 2451 supera-

234 2501 315 2548 turos
336 2492 464 2548 credunt.
512 2489 668 2563 Utcunque
690 2488 752 2558 erit,
773 2488 886 2545 iuvabit
907 2497 1005 2544 tamen
1027 2504 1123 2543 rerum
1144 2480 1323 2559 gestarum3

235 2596 380 2652 memoriae
400 2595 539 2670 principis
560 2589 703 2652 terrarum
724 2594 825 2669 populi
856 2613 910 2669 pro
932 2593 1007 2651 virili
1028 2600 1111 2668 parte
1141 2601 1170 2647 et
1198 2590 1291 2665 ipsum

235 2701 425 2770 consuluisse3
445 2708 474 2757 et
497 2700 523 2757 si
543 2702 573 2757 in
594 2710 676 2758 tante
697 2700 870 2776 scriptorum
894 2700 980 2756 turba
1000 2718 1066 2755 mea
1087 2698 1167 2755 fama
1187 2696 1218 2762 iu
1241 2695 1292 2752 ob·

236 2826 321 2864 scuro
342 2807 397 2877 sit,
426 2807 577 2866 nobilitate
605 2827 640 2866 ac
669 2806 867 2881 magnitudine
897 2824 995 2862 eorum
1019 2822 1082 2874 me,
1115 2802 1164 2877 qui
1184 2800 1294 2858 nomini

236 2912 364 2969 officient
383 2931 458 2984 meo,
489 2914 629 2971 consoler.
678 2915 738 2971 Res
761 2920 804 2969 est
824 2920 965 2987 praeteree
988 2920 1015 2967 et
1035 2909 1167 2967 immensi
1189 2905 1324 2981 operis‚4

237 3029 268 3075 ut
288 3038 353 3093 quae
376 3037 465 3094 supra
485 3020 769 3094 septingentesimum
791 3037 899 3075 annum
926 3025 1089 3092 repetatur,
1119 3024 1147 3072 et
1171 3031 1234 3089 quae
1256 3011 1293 3068 ab
1345 3054 1348 3079 ,

238 3124 348 3199 exiguis
370 3123 503 3198 profecta
523 3126 611 3182 initiis
632 3145 667 3183 eo
689 3124 820 3193 creverit,
843 3133 875 3179 ut
897 3122 1167 3205 iem·magnitudine
1181 3120 1294 3177 laboret

237 3248 299 3286 sua.
330 3231 371 3287 Et
390 3230 546 3306 legentium
567 3228 713 3307 plerisque
731 3229 809 3285 haud
833 3228 933 3286 dubito
956 3230 1025 3304 quin
1048 3229 1148 3304 primae
1169 3225 1293 3300 origines

237 3336 429 3411 proximoque
450 3336 610 3411 originibus
637 3335 732 3393 minus
754 3334 913 3409 praebitura
935 3334 1091 3410 voluptatis
1112 3334 1184 3401 sint,
1213 3329 1293 3387 festi-

236 3442 370 3498 nantibus
392 3443 430 3499 ad
451 3442 513 3498 haec
532 3460 620 3512 nova,
644 3443 747 3517 quibus
768 3440 827 3497 iam
851 3439 964 3514 pridem
987 3438 1170 3515 praevalentis
1193 3434 1295 3512 populi

237 3548 312 3604 vires
333 3566 365 3603 se
388 3548 458 3622 ipsae
480 3548 645 3618 conficiunt3
677 3566 731 3622 ego
754 3555 857 3603 contra
878 3549 934 3604 hoc
956 3564 1072 3621 quoque
1093 3543 1201 3601 laboris
1221 3549 1324 3618 prae-5

238 3654 323 3710 mium
346 3664 460 3727 petam,
490 3662 522 3711 ut
554 3674 601 3711 me
629 3662 823 3729 aconspectu
845 3654 1006 3722 melorum,
1038 3670 1102 3727 quae
1131 3658 1231 3707 nostra
1251 3656 1294 3703 tot

237 3776 400 3831 perennes
422 3759 495 3816 vidit
524 3768 612 3829 aetas,
642 3760 782 3835 tantisper
817 3767 903 3830 certe,
935 3761 1003 3817 dum
1036 3758 1132 3834 prisca
1161 3755 1212 3812 illa
1233 3763 1294 3811 tota

238 3874 330 3922 mente
355 3875 470 3940 repet0,
498 3873 646 3936 avertam,
679 3867 772 3923 omnis
800 3882 906 3939 expers
933 3884 1025 3935 cursa,
1055 3882 1118 3939 quae
1145 3860 1295 3918 scribentis

240 3971 374 4039 animum,
401 3970 454 4027 etsi
482 3988 541 4025 non
572 3971 686 4028 flectere
708 3991 727 4028 a
747 3990 837 4043 vero,
875 3970 1029 4029 sollicitum
1058 3979 1155 4026 tamen
1184 3967 1296 4025 efficere

238 4077 338 4150 possit.
1202 4076 1204 4081 ’

320 4181 392 4254 Quae
420 4192 487 4239 ante
516 4183 661 4240 conditam
690 4184 908 4241 condendamve
935 4184 1036 4240 urbem
1058 4181 1178 4257 poeticis
1201 4178 1326 4256 magisss
1361 4200 1365 4224 ⁸

241 4285 345 4344 decora
365 4286 470 4345 fabulis
499 4308 586 4363 quam
615 4288 788 4364 incorruptis
818 4308 914 4345 rerum
937 4297 1082 4364 gestarum
1103 4286 1294 4345 monument-is

265 4405 329 4443 Livius
345 4417 367 4443 ex
381 4418 420 4443 ree.
436 4409 535 4456 liedvigii.
609 4435 611 4438 -
1062 4397 1077 4451 ,Ῑ
