3392 5084
605 432 614 459 b

1511 385 1513 410 ι

473 521 512 577 36
724 518 802 567 Liber
818 518 868 569 Ἦ.
904 519 952 581 (Δ.
963 534 987 568 ιι.
998 534 1020 569 c.
1031 522 1192 585 sii-88³.)

1447 711 1452 722 .
1511 671 1513 728 l

430 704 516 761 etiam
537 702 639 779 plebis,
662 712 774 761 utnon
795 704 883 761 modo
906 704 945 761 ad
966 704 1143 763 tribunatum
1165 705 1289 763 militum
1309 708 1465 783 interpam·
1511 737 1513 744 ·

398 809 491 871 reios
510 808 675 885 petendum,
697 808 776 883 quod
796 819 880 866 tanta
898 810 930 867 vi
950 819 982 867 ut
994 810 1094 867 liceret
1113 813 1304 880 tetenderant,
1323 814 1372 869 sed
1387 833 1420 870 ne
1436 816 1465 871 ad

427 914 558 991 plebeios
600 914 715 991 quidem
752 914 939 990 magistratus
979 918 1172 991 capessendos
1208 919 1401 994 petendosque
1426 919 1466 975 ulli

428 1011 576 1079 viro‘acri
596 1020 812 1097 experientique
835 1020 948 1078 animus
970 1032 1055 1091 esset,
1076 1024 1347 1100 possessionemque
1368 1025 1466 1083 honoris

428 1128 559 1203 usurpati
581 1128 668 1185 modo
693 1146 712 1185 a
732 1126 816 1202 plebe
842 1145 1026 1201 perpaucos
1048 1148 1140 1187 annos
1161 1149 1350 1205 recuperasse
1369 1132 1397 1187 in
1416 1150 1466 1205 per·

397 1242 545 1309 apetium
575 1244 674 1311 patres
700 1226 905 1305 viderentur.¹)
962 1234 1009 1291 Ns
1029 1234 1060 1291 id
1081 1233 1166 1291 nimis
1188 1234 1286 1291 laetum
1310 1236 1387 1311 parti
1404 1235 1467 1292 alteri

428 1348 513 1409 esset,
531 1358 635 1415 parva,
656 1347 688 1395 ut
709 1337 879 1414 plerumque
899 1314 982 1409 solet,
1002 1358 1064 1397 rem
1086 1340 1230 1414 ingentem
1248 1341 1466 1398 moliundicausa
1511 1357 1513 1412 g

428 1446 589 1503 intervenit.
636 1446 677 1502 Μ.
699 1443 785 1503 Fabii
805 1442 959 1512 Ambusti,
995 1445 1121 1519 potentis
1152 1446 1207 1503 viri
1238 1465 1331 1521 quum
1350 1448 1420 1503 inter
1435 1446 1467 1502 sui

429 1552 559 1627 corporis
579 1551 720 1621 homines,
751 1560 812 1607 tum
837 1552 925 1607 etiam
946 1549 985 1605 ad
1005 1550 1128 1625 plebem,
1160 1552 1238 1627 quod
1260 1540 1469 1627 haudquaquam

428 1656 503 1717 inter
523 1658 554 1715 id
574 1674 666 1732 genus
696 1665 877 1731 contemptor
906 1655 967 1711 eius
992 1656 1172 1729 habebatur,
1207 1658 1274 1715 filim
1297 1658 1363 1715 duae
1383 1670 1470 1732 nupta,

428 1762 491 1821 Ser.
514 1762 642 1838 Sulpicio
670 1760 779 1830 maior,
812 1760 907 1817 minor
934 1758 969 1819 Ο.
991 1761 1103 1821 Licinio
1132 1764 1248 1823 Stoloni
1275 1776 1357 1836 erat,
1387 1763 1471 1821 illustri

429 1868 543 1942 quidem
565 1868 639 1938 viro,
660 1876 758 1930 tamen
779 1865 909 1941 plebei03
939 1885 1032 1943 eaque
1051 1870 1117 1944 ipsa
1138 1869 1265 1928 affinitas
1288 1871 1372 1927 haud
1392 1882 1471 1945 spreta
1511 1932 1513 1938 ,

397 1982 416 2037 6
428 1975 552 2049 gratiam
574 1973 669 2032 Fabio
691 1972 728 2029 ad
749 1971 869 2046 vulgum
891 1974 1051 2047 quesierat.
1096 1977 1187 2032 Forte
1207 1977 1250 2033 ita
1270 1977 1382 2049 incidit,
1407 1976 1471 2033 utin
1511 2039 1513 2042 ¹

429 2079 492 2139 Sor.
514 2078 634 2155 Sulpicii
657 2078 764 2135 tribuni
786 2078 907 2135 militum
930 2079 1016 2135 domo
1044 2098 1159 2138 sorores
1180 2082 1283 2139 Fabiae
1306 2102 1394 2157 quum
1413 2083 1472 2139 inter

427 2204 468 2259 se,
492 2196 524 2243 ut
544 2188 585 2258 fit,
607 2184 786 2243 sermonibus
807 2192 921 2258 tempus
942 2194 1075 2256 tererent,
1095 2187 1180 2244 lictor
1201 2187 1333 2263 Sulpicii,
1355 2186 1472 2262 quumis
1511 2248 1513 2256 ¹

428 2292 552 2351 defero
576 2310 608 2349 se
628 2292 746 2348 domum
767 2290 923 2366 reciperet,
950 2289 1059 2363 forem,
1088 2303 1120 2349 ut
1141 2312 1205 2350 mos
1227 2302 1286 2363 est,
1317 2295 1403 2369 virga
1420 2314 1473 2369 per·
1511 2357 1513 2360 ¹

427 2409 545 2459 outeret.
594 2397 690 2471 Quum
712 2396 750 2453 ad
770 2396 816 2466 id,
848 2396 937 2453 moris
959 2397 1020 2453 eius
1040 2397 1170 2468 insueta,
1203 2399 1374 2474 expavisset
1396 2399 1473 2455 minor

398 2506 531 2575 7Fsbia,
552 2504 623 2561 risui
643 2501 737 2559 sorori
757 2500 820 2572 fnit,
844 2502 960 2559 mirami
980 2503 1116 2576 ignorare
1135 2504 1166 2562 id
1187 2523 1335 2575 sororem;
1364 2515 1473 2561 ceterum
1511 2569 1513 2572 ¹

300 2626 322 2683 ‚⁴
427 2615 452 2671 is
474 2590 550 2670 risus
570 2608 701 2667 stimulos
723 2606 822 2683 parvis
844 2608 945 2665 mobili
964 2609 1050 2665 rebus
1073 2610 1170 2668 animo
1196 2612 1332 2669 muliebri
1353 2610 1472 2668 subdidit.
1511 2675 1513 2691 ἱ

400 2698 413 2705 ’
426 2716 604 2793 Frequentia
633 2732 748 2791 quoque
774 2714 1013 2789 prosequentium*
1042 2716 1282 2792 rogantiumque,
1321 2737 1391 2775 num
1417 2714 1474 2789 quid

426 2823 522 2895 vellet,
544 2822 630 2879 credo
645 2819 824 2878 fortunatum
845 2817 1060 2877 matrimonium
1083 2821 1109 2877 ei
1130 2822 1238 2878 sororis
1260 2823 1368 2894 visum,
1387 2823 1473 2895 suique

426 2928 520 3003 ipsam
542 2926 619 2983 malo
642 2926 777 2997 arbitrio,
810 2944 868 3001 quo
890 2945 909 2983 a
928 2926 1069 3002 proximis
1102 2926 1224 3002 quisque
1246 2928 1365 2985 minime
1385 2925 1473 2986 anteiri

395 3033 503 3105 8vult‚
535 3024 729 3108 panituiaa
768 3030 928 3091 Confusam
960 3051 1025 3089 eam
1056 3051 1094 3089 ex
1124 3030 1233 3091 recenti
1265 3052 1366 3091 morsu
1398 3032 1471 3091 animi

427 3158 515 3215 quum
536 3148 619 3215 pater
639 3137 714 3195 forte
736 3138 870 3207 vidisset,
897 3147 1082 3212 percontatus
1111 3137 1222 3209 „Satin'
1246 3139 1368 3197 salve?“
1402 3157 1470 3196 aver·

426 3253 531 3303 tantem
554 3262 672 3301 oausam
694 3219 818 3315 doloris,
847 3243 954 3319 quippe
974 3263 1028 3301 nec
1047 3244 1118 3301 satis
1139 3245 1219 3319 piam
1240 3246 1382 3302 adversus
1401 3262 1469 3301 soro·

394 3358 485 3411 brem
506 3368 560 3407 nec
580 3350 737 3409 admodum
757 3351 787 3407 in
808 3350 902 3407 virum
924 3350 1123 3421 honorificam,
1144 3351 1242 3408 elicuit
1254 3352 1377 3409 comiter
1387 3349 1470 3409 subci-

424 3455 531 3525 tando,
563 3462 593 3511 ut
621 3454 776 3526 fateretur,
808 3475 873 3513 eam
898 3474 961 3513 esse
982 3474 1100 3513 causam
1129 3455 1252 3525 doloris,
1286 3458 1366 3531 quod
1385 3457 1470 3513 iuncta

424 3559 529 3634 impari
561 3570 649 3631 esset,
676 3571 768 3638 nupta
790 3562 825 3619 ¹in
851 3562 956 3632 domo,
988 3580 1075 3636 quam
1102 3579 1156 3617 nec
1184 3562 1279 3618 honos
1300 3582 1354 3620 nec
1386 3559 1469 3637 gratia
1511 3627 1513 3630 Ι

374 3672 411 3728 10
423 3666 532 3731 intrare
546 3679 651 3741 posset.
688 3666 849 3731 Consolans
865 3666 932 3723 inde
947 3667 1036 3723 filiam
1048 3668 1210 3724 Ambustus
1228 3668 1338 3725 bonum
1354 3668 1468 3724 animun

423 3771 532 3827 habere
556 3770 659 3829 iussit:¹
674 3775 790 3831 eosdem
809 3773 978 3850 propediem
1000 3772 1078 3830 domi
1100 3772 1228 3829 visuram
1248 3774 1384 3842 honores,
1405 3787 1468 3851 quos

375 3884 408 3939 ll
424 3876 501 3951 apud
523 3894 652 3935 sororem
674 3880 778 3941 videat.
824 3880 906 3953 Inde*
930 3880 1051 3937 consilia
1072 3878 1145 3943 inire
1168 3897 1233 3935 cum
1255 3872 1362 3955 genero
1383 3875 1466 3949 ooepit

424 3982 552 4053 adhibito
582 3984 616 4041 L.
638 3984 756 4057 Sextio,
788 3997 905 4043 strenuo
940 3986 1122 4042 adolescente
1154 3994 1183 4041 et
1210 3985 1291 4043 cuius
1319 3985 1379 4061 spei
1405 3979 1465 4038 nihil
1511 4041 1512 4058 ἶ

327 4094 373 4165 35
422 4097 526 4163 praeter
562 4106 653 4164 genus
684 4092 838 4167 patricium
870 4093 990 4150 deesset.
1044 4090 1168 4149 Occasio
1197 4092 1349 4149 videbatur
1379 4107 1463 4147 remu
1511 4071 1512 4074 Ἴ

1510 4137 1513 4178 i

317 4270 319 4274 Ι
422 4194 622 4253 novandarum
645 4208 764 4273 pmpter
784 4198 929 4273 ingentem
952 4197 1010 4255 vim
1032 4198 1096 4256 aeris
1117 4198 1220 4268 alieni,
1244 4199 1325 4255 cuius
1343 4198 1463 4253 levamen
1511 4191 1512 4198 ’

428 4348 431 4353 ’
453 4346 477 4414 ¹)
498 4352 623 4401 Tribunos
644 4353 751 4402 militum
770 4354 824 4403 eius
839 4354 909 4417 anni,
928 4367 979 4414 quo
993 4351 1024 4406 C.
1038 4353 1151 4403 Licinius
1165 4362 1192 4401 et
1204 4354 1234 4402 L.
1249 4354 1351 4404 Sextius
1363 4351 1460 4415 primum

497 4422 653 4471 tribunatum
672 4423 755 4487 plebis
774 4433 912 4486 gesserunt,
930 4423 1019 4473 Livius
1037 4425 1152 4473 omisisse
1169 4424 1278 4477 videtur.
