3392 5084
472 501 530 558 tus
777 497 915 548 LiberlX.
951 498 1063 562 (Aac
1077 498 1152 562 443.)

398 680 535 740 alodum
556 682 587 740 in
608 683 727 740 modum
748 683 893 748 laceratos
915 682 1081 741 occiderant
1101 684 1224 742 deditos.
1267 686 1344 743 Huic
1357 685 1473 744 infensus

427 788 588 846 crudelitati
610 789 720 858 Iunius,
742 789 814 846 nihil
835 789 980 863 antiquius
1002 791 1220 865 oppugnatione
1234 788 1376 849 Cluviana
1394 805 1474 864 ratus,
1511 805 1516 814 '

428 894 551 969 quodie
574 911 727 970 aggressus
751 895 939 963 samsonis,
967 895 997 951 vi
1019 895 1109 970 oepit,
1131 904 1220 970 atquo
1242 916 1340 955 omnes
1363 901 1474 974 puberes

396 999 575 1060 dinterleoit.
620 1000 693 1058 Inde
715 1000 809 1056 victor
832 1000 975 1058 exereitus
996 1000 1161 1058 &vinnom
1181 1003 1300 1073 ductus3
1323 1017 1408 1080 caput
1426 1007 1474 1062 boc

427 1116 489 1164 erat
509 1107 684 1164 Pentrorum
707 1105 892 1177 Samnitium
919 1105 1006 1181 longe
1027 1106 1200 1164 ditissimum
1222 1119 1310 1182 atque
1331 1111 1473 1185 opulentis·

397 1210 529 1269 bsimum
551 1213 638 1270 armis
668 1212 807 1287 virisque.
857 1210 913 1281 Ibi,
941 1210 1010 1286 quia
1038 1212 1117 1270 haud
1143 1221 1256 1270 tautum
1279 1215 1387 1272 irarum
1412 1226 1474 1284 erat

425 1335 477 1392 spe
498 1318 602 1394 praedae
634 1318 739 1374 milites
769 1317 884 1376 accensi
912 1317 1020 1393 oppido
1051 1318 1209 1392 potiuntur.
1264 1322 1372 1393 Minus¹
1386 1322 1474 1395 itaque

425 1424 556 1480 saevitum
577 1423 607 1481 in
627 1424 729 1482 hostes
753 1432 806 1494 est,
827 1422 932 1497 proedae
952 1423 1018 1498 plus
1036 1440 1118 1498 paene
1139 1442 1227 1498 quam
1250 1445 1289 1482 ex
1313 1427 1389 1484 omni
1399 1427 1472 1486 Sam·

395 1527 473 1586 bnio
494 1547 623 1604 unquam
645 1538 791 1605 egestum,
822 1528 1003 1603 benigneque
1024 1528 1118 1586 omnis
1145 1529 1230 1586 militi
1251 1549 1397 1591 concessa.
1440 1532 1473 1588 lit

391 1641 393 1653 '
424 1644 579 1709 postquam
603 1643 811 1711 praepotentem
834 1635 923 1692 armis
943 1635 1113 1692 Romanum
1140 1654 1194 1692 nec
1219 1637 1299 1694 acies
1328 1638 1472 1695 subsistere

425 1739 490 1796 ullae
516 1759 569 1796 neo
596 1751 692 1798 cestra
720 1760 773 1799 nec
802 1743 888 1798 urbes
920 1749 1070 1815 poterant,
1103 1741 1231 1798 omnium
1264 1743 1422 1819 principum
1447 1743 1472 1798 in

425 1845 545 1904 Samnio
567 1865 602 1902 eo
629 1865 704 1904 curte
734 1857 800 1904 sunt
831 1847 964 1917 intentae,
996 1855 1028 1904 ut
1054 1846 1165 1904 insidiis
1192 1860 1369 1921 quaereretur
1391 1849 1471 1916 locos,
1524 1872 1526 1887 =

424 1951 449 2008 si
471 1970 529 2025 qua
553 1951 669 2010 licentia
696 1952 856 2028 populandi
881 1951 990 2010 effusus
1012 1952 1154 2010 exercitus
1182 1953 1278 2028 excipi
1307 1973 1343 2011 ao
1363 1955 1470 2012 circum-
1524 1970 1526 2017 ξ

395 2057 516 2116 iveniri
536 2067 644 2133 posset.
695 2057 869 2132 Transfuga
892 2068 1021 2133 agrestes
1044 2069 1074 2116 et
1095 2057 1211 2133 captivi,
1242 2059 1361 2134 quidam
1383 2055 1469 2137 [pam]
1524 2026 1526 2171 ἱ

423 2162 599 2240 festapum
621 2164 741 2221 oonsilio
763 2164 863 2234 oblati,
884 2163 1073 2238 congruentia
1091 2163 1129 2220 ad
1150 2164 1299 2222 consulem
1322 2162 1470 2231 afferentes,
1524 2178 1526 2239 g

425 2287 489 2343 quas
510 2279 538 2326 et
560 2288 631 2326 vera
661 2281 758 2339 erant,
792 2269 905 2345 pecoris
933 2269 993 2326 vim
1022 2269 1168 2343 ingentem
1194 2270 1225 2326 in
1251 2270 1358 2327 saltum
1384 2270 1468 2326 auum

425 2376 604 2451 compulsam
626 2393 698 2444 esse,
721 2375 917 2450 perpulerunt,
938 2385 970 2431 ut
990 2374 1150 2449 praedatum
1172 2394 1207 2432 eo
1233 2377 1375 2451 expeditae
1394 2375 1469 2431 duce·

396 2477 523 2538 8rentur
543 2480 680 2556 legiones.
723 2481 771 2575 Ibi
791 2480 892 2556 ingens
916 2481 1046 2538 hostium
1066 2479 1209 2537 exercitus
1230 2481 1336 2538 itinere
1356 2480 1469 2538 oeonlms

424 2587 570 2644 insederat
592 2597 629 2657 et,
643 2596 806 2662 ‘postquam
827 2589 951 2644 intrasse
965 2589 1115 2646 Romanos
1135 2585 1209 2642 uidit
1230 2587 1347 2658 saltum,
1366 2594 1470 2661 repente

394 2691 543 2755 9exortus
565 2711 631 2751 cum
653 2695 780 2752 clamore
805 2713 840 2752 ac
863 2694 986 2751 tumultu
1007 2693 1139 2750 incautos
1162 2692 1283 2748 invadit.
1329 2692 1368 2750 Et
1386 2689 1469 2765 primo

424 2817 502 2856 nova
523 2817 570 2856 res
591 2800 813 2874 trepidationem
834 2798 913 2869 fecit,
934 2799 1002 2856 dum
1023 2817 1107 2854 arma
1122 2797 1249 2872 capiunt,
1271 2797 1397 2856 sarcines
1408 2813 1470 2851 oon·

423 2915 526 2980 gerunt
550 2905 580 2960 in
602 2905 745 2974 medium3
775 2907 850 2977 dein,
871 2916 1037 2982 postquam,
1057 2916 1090 2961 ut
1111 2903 1234 2978 quisque
1254 2904 1424 2960 liberaverat
1442 2917 1470 2954 se

396 3079 398 3087 s
425 3027 512 3066 onere
533 3019 742 3085 aptaveratque
764 3011 863 3082 ermis,
894 3011 932 3067 ad
953 3010 1037 3085 signa
1058 3009 1183 3083 undique
1205 3009 1332 3079 coibant,
1358 3018 1385 3063 et
1401 3003 1469 3062 notis

425 3115 571 3174 ordinibus
591 3116 622 3172 in
643 3126 741 3174 vetere
762 3116 914 3192 disciplina
934 3115 1042 3172 militiae
1069 3115 1127 3171 iam
1148 3115 1210 3172 sine
1230 3126 1374 3191 praecepto
1392 3110 1468 3168 ullius

375 3218 411 3273 10
424 3241 478 3280 sua
507 3232 609 3298 sponte
638 3224 803 3280 struebatur
836 3223 931 3293 acies,
969 3221 1069 3280 consul
1102 3222 1140 3278 ad
1173 3221 1328 3297 ancipitem
1355 3217 1467 3277 mamme

422 3345 550 3404 pugnam
572 3329 712 3386 advectus
734 3329 828 3400 desilit
851 3347 995 3403 essequo,
1017 3339 1044 3384 et
1065 3328 1166 3385 Iovem
1189 3328 1371 3401 Martemque
1390 3334 1466 3396 atque

423 3435 495 3491 alios
517 3443 639 3492 testetur
660 3437 739 3505 deos,
761 3454 792 3492 se
813 3435 921 3492 nullam
940 3453 1023 3491 suam
1043 3434 1166 3510 gloriam
1186 3433 1263 3503 inde,
1285 3431 1337 3490 sed
1352 3429 1465 3506 predam

374 3537 407 3590 ll
423 3540 505 3596 militi
527 3550 701 3615 quaerentem
723 3542 753 3598 in
779 3561 844 3598 eum
873 3540 970 3597 locum
992 3540 1157 3610 devenisse,
1183 3538 1330 3614 neque'in
1349 3555 1380 3594 se
1399 3533 1465 3592 abed

359 3669 360 3674 ¹
424 3664 510 3720 quam
532 3645 650 3704 nimiam
673 3647 785 3704 ditandi
806 3666 843 3703 ex
865 3647 949 3703 hoste
969 3645 1068 3703 militis
1083 3664 1183 3704 curam
1197 3643 1367 3720 reprehendi
1379 3657 1464 3717 posset

285 3724 286 3734 l
424 3753 460 3809 eb
483 3771 517 3810 eo
539 3771 579 3810 se.
589 3753 731 3809 dedecore
751 3751 860 3834 nullam
885 3772 946 3809 rem
974 3752 1060 3810 aliam
1088 3770 1175 3826 quem
1200 3751 1337 3809 virtutem
1358 3732 1464 3805 militm

372 3851 409 3913 12
422 3858 641 3917 vindicaturam.
684 3857 906 3916 Conniterentur
927 3858 1014 3916 modo
1036 3876 1095 3915 uno
1111 3857 1208 3913 animo
1223 3873 1325 3913 omnes
1344 3853 1465 3911 invadere

421 3965 533 4021 hostem
554 3964 662 4020 victum
684 3963 756 4034 acie,
779 3961 881 4020 castris
891 3973 1023 4034 exutum,
1044 3963 1183 4020 nudatum
1199 3963 1329 4033 urbibus,
1349 3960 1464 4018 ultimam

422 4088 504 4145 spem
522 4068 600 4128 furto
623 4068 793 4125 insidiarum
822 4078 980 4126 tentantem
1012 4079 1042 4126 et
1061 4068 1142 4140 loeo,
1169 4087 1229 4126 non
1255 4067 1344 4125 armis
1364 4066 1465 4124 fretum

374 4169 409 4224 13
423 4175 481 4232 Sed
509 4193 593 4249 quem
625 4191 688 4232 esse
716 4173 775 4230 iam
806 4174 906 4256 virtuti
926 4176 1067 4234 &manse
1088 4173 1343 4251 inexpugnabilem
1362 4165 1465 4229 locum?

421 4281 594 4355 Fregellana
627 4297 682 4336 arx
712 4278 900 4353 Soranaque,
931 4291 961 4338 et
994 4281 1157 4354 ubicunque
1188 4279 1289 4354 iniquo
1316 4293 1466 4337 successum
