3392 5084
483 501 561 550 uiua
576 499 652 551 vm.
689 459 967 563 (neusse-sa.)
1171 505 1207 560 77

200 684 324 759 equitum
346 683 423 759 eiQ.
436 685 547 743 Fabius
558 686 719 744 Ambustus
735 685 820 743 datus
841 695 895 748 est.
936 685 1007 744 Nou
1027 685 1119 744 tribus
1140 691 1251 741 tautum

199 790 387 867 supplicatum
408 791 452 849 ire
471 790 590 866 placuit,
616 793 668 850 sod
688 791 825 848 finitimos
846 791 933 852 etiam
954 791 1089 868 populos,
1122 790 1252 865 ordoque

199 898 237 967 iis,
265 916 327 972 quo
348 896 472 972 quisque
492 897 539 954 die
561 898 767 974 supplicarent,
798 905 933 956 statutus.
986 897 1099 956 Iudicia
1120 915 1155 954 eo
1175 895 1280 952 annot)

198 1005 291 1080 populi
311 1003 409 1062 tristia
428 1003 459 1061 in
488 1001 668 1062 feneratores
698 1003 792 1074 iacta,
822 1003 926 1077 quibus
953 1004 991 1060 ab
1018 1003 1147 1061 edilibus
1174 1000 1252 1059 dicta
1281 983 1284 994 ¹

199 1111 251 1167 dies
274 1120 371 1181 osset,
398 1109 567 1178 traduntur3
588 1117 617 1168 et
639 1128 696 1180 res,
716 1110 795 1167 haud
816 1109 876 1166 ulla
897 1107 1002 1184 insigni
1023 1109 1061 1165 ad
1082 1107 1251 1164 memoriam

198 1235 291 1290 eausa,
327 1217 366 1274 ad
386 1216 581 1290 interregnum
607 1214 699 1274 rediit.
754 1212 802 1271 Ex
828 1214 1012 1296 intergegno,
1039 1225 1071 1272 ut
1099 1213 1130 1270 id
1155 1221 1250 1272 actum
1266 1213 1302 1268 10

197 1323 280 1380 rideri
302 1329 415 1397 posset,
436 1321 524 1377 ambo
544 1319 660 1395 patricii
678 1319 812 1378 consules
833 1321 924 1379 creati
944 1330 1019 1393 sunt,
1050 1321 1092 1378 M.
1114 1319 1250 1378 Valerius
1262 1306 1422 1424 sthi&

198 1427 305 1486 Corvus
328 1428 454 1495 tertium,
475 1428 515 1484 A.
537 1425 688 1485 Cornelius
709 1425 827 1486 Cossus.
1412 1410 1420 1428 ’

270 1534 394 1592 Maiora
413 1534 472 1590 iam
493 1533 560 1591 hino
580 1533 658 1591 bella
675 1542 705 1590 et
725 1532 834 1590 viribus
854 1532 980 1590 hostium
1002 1540 1031 1590 et
1044 1529 1252 1606 longinquitate
1296 1524 1343 1596 29

198 1640 236 1696 rel
264 1639 422 1714 regionum
449 1638 496 1695 vel
527 1647 690 1714 temporum
719 1636 862 1716 [spatio],
903 1639 1006 1714 quibus
1033 1638 1169 1696 bellatum
1199 1645 1251 1707 est,

198 1745 332 1803 dicentur.
375 1745 513 1819 Namque
531 1764 566 1803 eo
589 1763 665 1802 anno
680 1746 820 1802 adversus
835 1744 991 1816 Samnites,
1012 1753 1127 1820 gentem
1148 1743 1251 1819 opibus
1328 1782 1332 1790 ,

197 1851 341 1925 armisque
367 1850 513 1923 validam,
546 1858 628 1909 mota
655 1869 757 1924 arma;
794 1850 966 1910 Samnitium
994 1851 1100 1909 bellum
1134 1848 1281 1924 ancipiti2

196 1957 286 2015 Marte
308 1965 425 2032 gestum
449 1958 580 2033 Pyrrhus
599 1957 700 2028 hostis,
721 1957 868 2033 Pyrrhum
883 1957 968 2015 Poeui
992 1956 1091 2016 secuti.
1134 1955 1252 2029 Quanta

196 2083 284 2120 rerum
308 2063 418 2120 moles!
451 2063 565 2138 quoties
584 2063 616 2120 in
637 2072 768 2120 extrema
797 2062 987 2138 periculorum
1010 2071 1142 2132 ventum,
1170 2061 1252 2118 utin

196 2171 263 2228 hanc
286 2168 530 2244 magnitudinem,
551 2187 615 2244 quae
636 2168 687 2226 vix
701 2169 865 2239 sustinetur,
887 2166 957 2244 erigi
972 2168 1122 2243 imperium
1137 2165 1251 2243 posset!

196 2275 263 2333 Belli
285 2283 387 2333 antem
417 2293 506 2332 causa
532 2293 598 2331 cnm
620 2274 798 2334 Samnitibus
819 2273 976 2345 Romanis,
1004 2291 1093 2348 quum
1114 2273 1281 2330 societate3

197 2382 380 2456 amicitiaque
410 2379 499 2437 iuncti
529 2391 640 2452 essent,
676 2381 853 2438 extrinsecus
874 2380 967 2452 venit,
998 2399 1057 2437 non
1086 2389 1151 2436 orta
1177 2379 1252 2436 inter

197 2487 268 2564 ipsos
290 2494 350 2547 est.
395 2485 541 2546 Samnites
562 2486 697 2546 Sidicinis
717 2487 825 2544 iniusta
845 2504 937 2557 arma,
967 2486 1036 2560 quia
1057 2485 1166 2542 viribus
1187 2484 1282 2560 plust

197 2603 344 2666 poterant,
377 2610 464 2666 quum
500 2591 678 2665 intulissent,
712 2593 807 2652 coacti
836 2591 939 2668 inopes
957 2591 1008 2648 'ad
1042 2591 1251 2667 opulentiorum

199 2699 335 2756 auxilium
357 2697 513 2773 confugere
524 2697 681 2776 Campanis
695 2717 759 2756 sese
773 2699 958 2772 coniungunt
1002 2694 1145 2773 Campani
1159 2697 1281 2773 mugis5

199 2820 295 2862 nomen
319 2803 360 2862 ad
381 2804 545 2880 presidium
571 2804 717 2862 sociorum
749 2822 837 2879 quam
866 2803 942 2860 vires
972 2821 1060 2877 quum
1083 2803 1252 2875 attulissent,

197 2909 311 2969 fluentes
335 2911 405 2968 luxu
427 2913 465 2969 ab
487 2910 597 2969 duratis
623 2929 678 2967 uso
701 2926 847 2966 armorum
873 2910 904 2966 in
925 2908 1053 2968 Sidicino
1073 2911 1149 2986 pulsi
1171 2931 1252 2988 agro,

198 3012 222 3070 iu
239 3035 271 3072 se
292 3015 401 3072 deinde
414 3018 520 3075 molem
540 3035 654 3076 omnem
669 3015 736 3073 belli
750 3024 906 3073 verterunt.
951 3016 1087 3092 Namque
1098 3017 1283 3089 Samnites,d

199 3122 306 3180 omissis
323 3121 458 3181 Sidicinis
473 3124 567 3200 ipsam
583 3141 679 3180 arcem
694 3121 882 3180 finitimorum
898 3119 1064 3197 Campanos
1079 3124 1183 3193 adorti,
1199 3143 1251 3182 un·

199 3227 329 3304 deaque
348 3227 443 3286 facilis
457 3229 588 3300 victoria,
608 3229 714 3304 prada
727 3236 816 3302 atque
835 3227 935 3302 glorias
956 3228 1021 3304 plus
1037 3238 1120 3299 esset,
1142 3229 1251 3302 Tifata,

198 3332 376 3393 imminentes
396 3334 505 3411 Capua
528 3334 631 3411 colles,
663 3353 750 3410 quum
779 3333 913 3409 prasidio
941 3335 1024 3392 firmo
1053 3343 1251 3410 occupassent,

200 3439 372 3499 descendunt
391 3441 458 3498 inde
479 3441 622 3515 quadrato
644 3440 759 3516 agmine
784 3439 815 3496 in
835 3439 1000 3515 planitiem,
1033 3458 1097 3515 quae
1118 3437 1251 3517 Capuam

201 3546 354 3622 Tifataque
378 3547 536 3605 interiacet.
578 3546 625 3604 Ibi
645 3564 745 3603 rursus
766 3545 829 3603 acie
856 3546 1037 3616 dimicatum3
1069 3546 1283 3624 adversoque?

199 3653 299 3736 prelio,
310 3651 455 3728 Campani
469 3652 546 3710 intra
566 3654 673 3710 moenia
693 3627 952 3729 compulsi,“⁶quum
974 3654 1079 3711 robore
1097 3653 1252 3712 iuventutis

201 3774 252 3814 sua
273 3758 373 3817 acciso
392 3760 473 3816 nulla
492 3759 657 3835 propinqua
677 3778 744 3835 spes
765 3767 849 3828 esset,
871 3759 963 3816 coacti
980 3769 1046 3816 sunt
1061 3760 1098 3818 ab
1111 3760 1251 3818 Romanis

201 3871 292 3936 petere
313 3864 464 3922 auxilium.
523 3865 629 3940 Legati
654 3864 809 3922 introducti
838 3864 870 3922 in
902 3873 1032 3922 senatum
1063 3866 1189 3924 maxime
1220 3867 1251 3924 in
1295 3859 1342 3928 3⁰

202 3968 269 4028 hanc
290 3972 462 4028 sententiam
484 3970 574 4029 locuti
595 3980 671 4029 sunt
715 3971 865 4048 „Populus
887 3988 940 4027 nos
952 3968 1118 4046 Campanus
1138 3972 1250 4048 legates

204 4076 236 4131 ad
264 4095 335 4148 vos,
368 4087 466 4154 patres
498 4076 670 4153 conscripti,
705 4077 790 4147 misit,
822 4076 978 4135 amicitiam
1009 4077 1039 4134 in
1070 4081 1250 4153 perpetuum,

204 4183 335 4242 auxilinm
365 4203 493 4259 presens
520 4203 540 4241 a
560 4183 645 4241 vobis
665 4182 795 4258 petitum.
848 4183 945 4258 Quam
966 4183 991 4241 si
1012 4183 1143 4240 secundis
1163 4183 1281 4241 rebus2

204 4289 302 4347 nostris
322 4289 503 4367 petissemus,
535 4290 611 4348 sicut
630 4297 727 4364 coepta
746 4287 876 4361 celerius,
897 4289 940 4346 ita
959 4288 1115 4347 infirmiore
1136 4289 1250 4348 viuculo
