3392 5084
465 548 500 603 10
713 542 791 593 Liber
808 542 857 591 VI.
891 539 943 605 (A.
956 557 981 590 u.
997 557 1019 591 c.
1033 542 1196 604 368-369.)

296 730 328 771 -’
386 732 531 797 urentur,
553 734 582 784 et
602 726 745 799 Romanis
774 725 967 800 recuperandi
995 725 1152 799 tuendique
1179 720 1250 782 cura
1272 732 1344 784 erat.
1386 723 1466 797 Igitur

418 831 533 891 senatui
567 850 632 889 cum
665 829 790 889 Camillo
823 831 872 906 agi
905 830 1025 905 placuit,
1057 837 1089 885 ut
1118 828 1226 886 omisso
1252 829 1344 885 Antio
1374 828 1460 884 bellun

416 937 572 995 Etruscum
595 935 766 1015 susciperet3
794 936 923 1011 legiones
941 936 1084 1011 urbanae,
1107 934 1211 1008 quibus
1234 932 1383 1007 Quinctius
1403 952 1462 1007 pra

386 1042 521 1112 diuerat,
543 1042 569 1099 ei
591 1042 793 1099 decernuntur.
838 1040 1013 1113 Quanquam
1029 1046 1179 1113 expertum
1202 1038 1360 1095 exercitum
1383 1056 1463 1093 assue-

416 1158 535 1222 tumque
555 1144 693 1221 imperio,
716 1144 816 1219 quiin
836 1144 954 1203 Volscis
977 1155 1053 1213 erat,
1082 1142 1199 1211 mallet,
1225 1143 1299 1199 nibil
1323 1143 1465 1208 recusante

415 1252 567 1311 Valerium
590 1250 790 1307 tautummodo
812 1249 926 1325 imperii
959 1249 1070 1306 socium
1092 1248 1272 1322 depoposcit
1332 1247 1462 1321 Quinctius

414 1356 615 1431 Horatiusque
637 1372 818 1413 successores
839 1355 961 1412 Valerio
982 1354 1013 1411 iu
1034 1352 1160 1409 Volscos
1183 1351 1274 1411 missi.

382 1464 399 1518 t
496 1448 627 1519 Profecti
659 1461 696 1517 ab
731 1461 800 1517 urbe
829 1458 960 1519 Sutrium
989 1457 1112 1516 Furius
1128 1466 1157 1513 et
1189 1457 1330 1515 Valerius
1367 1466 1461 1532 partem

413 1566 513 1642 oppidi
535 1566 594 1623 iam
618 1576 734 1640 captam
750 1565 788 1622 ab
803 1565 935 1622 Etruscis
952 1565 1097 1632 inuenere,
1119 1572 1253 1637 exparte
1269 1562 1371 1633 altera,
1389 1562 1464 1617 inter·

413 1670 511 1747 saeptis
533 1670 692 1740 itineribus,
714 1687 790 1743 aegre
814 1670 977 1745 oppidanos
998 1669 1057 1725 vim
1079 1667 1205 1724 hostiurn
1228 1668 1267 1723 ab
1289 1685 1323 1724 se
1344 1678 1464 1725 arcentes.

382 1774 512 1847 8Quum
533 1770 661 1834 Romani
683 1758 782 1830 auxilii
805 1774 963 1843 adventus,
991 1782 1051 1829 tum
1075 1771 1191 1829 Camilli
1219 1790 1326 1829 nomen
1357 1773 1467 1830 celabu-

413 1880 517 1937 rimum
542 1880 620 1955 apud
649 1880 748 1935 hostes
770 1878 924 1953 sociosque
948 1887 977 1934 et
1002 1878 1032 1933 in
1053 1877 1208 1952 praesentia
1229 1896 1293 1935 rem
1315 1878 1465 1935 inclinatam

382 1984 549 2043 9sustinuit
570 1994 599 2041 et
620 1982 746 2058 spatium
769 1984 806 2039 ad
834 2000 919 2056 opem
943 1980 1092 2038 ferendam
1121 1982 1209 2041 dedit.
1258 1984 1365 2057 Itaque
1386 1983 1465 2040 divise

413 2088 541 2146 exercitu
557 2086 698 2145 Camillus
720 2089 872 2164 collegam,
893 2085 923 2141 in
945 2104 1010 2142 eam
1032 2096 1145 2161 partem
1161 2087 1366 2146 circumductis
1380 2086 1466 2163 copiis,

388 2186 500 2267 ‘quam
522 2194 621 2249 hostes
645 2194 800 2263 tenebant,
823 2191 930 2249 moenia
958 2191 1084 2265 aggredi
1099 2192 1194 2261 iubet,
1227 2212 1287 2249 non
1316 2206 1397 2251 tanta
1416 2213 1469 2267 spe,

411 2298 497 2354 scalis
519 2298 586 2373 capi
607 2297 707 2354 urbem
728 2316 825 2371 posse,
848 2315 935 2370 quam
959 2305 998 2367 ut,
1021 2297 1131 2354 aversis
1153 2317 1188 2355 eo
1210 2300 1355 2370 hostibus,
1376 2308 1405 2356 et
1423 2318 1467 2373 op

411 2399 526 2477 pidauii
547 2402 606 2459 iam
628 2403 786 2477 pugnando
815 2402 899 2459 fessis
925 2402 1075 2458 laxaretur·
1101 2401 1187 2459 labor
1207 2412 1237 2459 et
1263 2403 1329 2479 ipse
1354 2403 1465 2477 spatium
1514 2453 1516 2456 .

311 2492 314 2505 ’
361 2512 398 2567 10
411 2506 538 2564 intrandi
570 2507 633 2563 sine
666 2506 822 2564 certamine
850 2506 958 2563 moenia
983 2508 1114 2568 haberet.
1162 2507 1249 2580 Quod
1277 2528 1367 2582 quum
1394 2504 1467 2564 simul

411 2612 546 2685 utrinque
567 2610 677 2668 facturn
699 2620 776 2668 esset
796 2630 961 2687 ancepsque
982 2622 1077 2669 terror
1099 2614 1241 2669 Etruscos
1272 2615 1469 2676 circumstaret,

412 2726 441 2773 et
471 2716 578 2773 moenia
599 2734 714 2773 summa
743 2717 771 2773 vi
806 2718 970 2793 oppugnari
999 2728 1028 2775 et
1048 2718 1125 2774 iutra
1145 2718 1254 2774 moenia
1278 2736 1344 2776 esse
1368 2721 1467 2775 bostem

363 2868 364 2873 ,
410 2822 557 2893 viderent,
587 2831 674 2896 porta
703 2840 750 2892 se,
780 2840 844 2896 quae
865 2840 924 2877 una
951 2821 1029 2879 forte
1057 2822 1349 2893 nonobsidebutur,
1376 2820 1467 2895 trepidi

359 2930 393 2983 ll
409 2945 468 2983 uuo
491 2927 607 3001 agmine
636 2926 755 2985 eiecere.
804 2928 916 3001 Magna
945 2928 1038 2985 caedes
1058 2927 1231 3001 fugientium
1255 2937 1285 2985 et
1305 2930 1335 2985 in
1355 2928 1424 2985 urbe
1444 2935 1468 2980 et

409 3051 462 3107 per
494 3048 582 3109 agros
612 3041 655 3089 est
672 3031 774 3102 'facta3
807 3032 905 3107 plures
937 3053 956 3089 a
982 3032 1119 3090 Furianis
1152 3032 1230 3088 intra
1259 3034 1368 3090 moenia
1394 3029 1466 3094 cati,

409 3136 560 3193 Valeriani
575 3136 768 3211 expeditiores
793 3137 831 3192 ad
857 3117 1073 3211 persequendos
1087 3136 1169 3193 fuere
1189 3154 1243 3193 nec
1265 3145 1334 3193 ante
1354 3147 1467 3195 nectem

353 3240 394 3316 ,12
408 3240 472 3313 quae
494 3250 680 3317 conspectum
697 3240 814 3311 ademit,
836 3243 922 3298 finem
939 3242 1066 3299 caedendi
1088 3241 1192 3299 iecere
1238 3241 1340 3297 Sutrio
1359 3250 1464 3313 recepto

406 3344 597 3418 restitutoque
625 3345 728 3415 sociis,
755 3346 870 3421 Nepete
901 3348 1044 3404 exercitas
1066 3348 1188 3416 ductus,
1221 3348 1302 3420 quod
1324 3365 1374 3422 per
1392 3344 1466 3401 dedi·

311 3442 354 3511 li)
406 3448 513 3505 tionem
528 3462 677 3523 acceptum
694 3450 753 3507 iam
775 3459 867 3508 totam
883 3452 999 3508 Etrusci
1020 3451 1176 3509 habebant.
1224 3451 1387 3508 Videbatur
1403 3451 1463 3525 plus

403 3552 434 3607 in
457 3571 492 3609 ea
521 3554 592 3609 urbe
613 3554 778 3629 recipienda
807 3554 916 3611 laboris
937 3554 1010 3625 iore,
1031 3576 1090 3612 non
1112 3556 1167 3627 [in]
1190 3574 1227 3612 eo
1251 3555 1361 3625 solum,
1392 3556 1464 3629 quod

1514 3633 1516 3656 Ι

406 3666 469 3713 tota
492 3656 618 3713 hostium
642 3667 713 3728 eret,
735 3660 890 3717 sedetiam
907 3661 1084 3735 quodperte
1098 3660 1313 3735 Nepesinorum
1333 3661 1463 3736 prodente

373 3760 551 3818 2oivitatem
573 3760 653 3819 iacta
677 3773 740 3842 erat
772 3764 895 3834 deditio;
924 3765 998 3821 mitti
1027 3776 1123 3820 tamen
1145 3765 1183 3820 ad
1206 3765 1351 3841 principes
1370 3783 1461 3823 eorum

403 3864 522 3940 placuit,
544 3876 576 3923 ut
597 3878 778 3925 secernerent
799 3890 831 3927 se
854 3871 892 3925 ab
913 3871 1045 3927 Etruscis
1067 3868 1227 3943 fidemque,
1259 3890 1345 3945 quam
1364 3871 1461 3945 implo-

370 3970 517 4027 3raesent
538 3973 575 4028 ab
598 3974 756 4044 Romanis,
778 3976 833 4050 ipsi
857 3984 1037 4049 praestarent.
1081 3975 1168 4033 Unde
1189 3994 1278 4048 quum
1300 3993 1459 4051 responsum

402 4076 522 4133 allatum
546 4086 631 4148 esset,
654 4079 725 4135 nihil
746 4098 805 4137 sure
827 4081 982 4155 potestatis
1004 4099 1076 4149 esse,
1093 4080 1232 4137 Etruscos
1255 4082 1458 4138 moeniacusto·

402 4179 524 4253 diasque
546 4186 697 4253 portarum
716 4195 823 4252 tenere,
846 4184 940 4259 primo
962 4183 1200 4259 populationibus
1227 4187 1291 4259 agri
1312 4196 1456 4243 terrorest

370 4286 388 4339 4
401 4285 556 4360 oppidanis
571 4276 723 4353 admotus;
745 4285 858 4355 deinde,
873 4298 1029 4360 postquam
1043 4288 1196 4345 deditionis
1219 4308 1308 4364 quam
1322 4286 1456 4347 societatis
