3392 5084
473 555 530 614 182
771 554 848 604 Liber
861 551 909 604 ΙΙΙ.
936 553 985 617 (Δ.
997 570 1021 603 u.
1034 570 1056 605 c.
1066 557 1139 619 ³05.)

430 738 612 816 magistratui
627 758 714 814 quam
729 738 852 815 patricio
876 757 946 797 cura
966 738 1078 811 firisset,
1099 751 1129 799 et
1142 751 1210 799 aute
1223 742 1354 801 inimicos
1367 743 1470 800 satietas

429 863 580 920 poenurum
599 862 715 903 suarum
731 843 863 919 cepisset,
886 863 974 918 qnam
996 844 1112 902 obviem
1134 846 1225 904 ituros
1245 847 1367 906 licentiae
1387 869 1468 906 eorum

399 949 562 1012 bsonsules
592 960 754 1028 appareret.
799 950 942 1024 Multique
970 959 1067 1020 erant,
1099 951 1150 1025 qui
1180 953 1295 1010 mollius
1328 955 1468 1012 consultum
1513 978 1514 981 ¹

431 1055 566 1128 dicerent,
591 1057 669 1132 quod
689 1056 785 1132 legum
808 1055 845 1112 ab
866 1053 903 1110 iis
922 1053 1048 1112 latarum
1078 1065 1177 1130 patres
1198 1070 1334 1118 auctores
1354 1060 1470 1130 fuissenq

429 1179 523 1236 neque
552 1171 615 1220 erat
644 1161 771 1230 dubium,
802 1159 871 1235 quin
893 1160 1009 1217 turbato
1037 1162 1079 1218 rei
1113 1163 1236 1237 publica
1258 1174 1336 1221 statu
1364 1167 1469 1242 tempori

428 1268 657 1328 succubuissent.

334 1370 381 1440 60
517 1371 667 1443 Consules,
698 1373 785 1430 rebus
821 1371 938 1428 urbanis
974 1373 1142 1447 compositis
1178 1372 1358 1452 fundatoque
1395 1381 1471 1455 plebis

250 1453 254 1460 ’
432 1487 523 1549 statu,
558 1479 588 1536 in
608 1477 772 1555 provincias
794 1477 901 1534 diversi
929 1477 1034 1535 abiere.
1089 1478 1224 1536 Valerius
1253 1482 1393 1542 adversus
1418 1505 1471 1542 con-

430 1584 543 1642 iuuctos
577 1585 636 1642 iam
671 1583 701 1642 in
737 1583 868 1658 Algido'
885 1583 1028 1640 exercitus
1062 1584 1230 1658 AEquorum
1255 1587 1472 1666 Volscorumque

397 1689 563 1752 2sustinuit
584 1689 703 1747 consilio
726 1689 846 1760 bellum;
868 1689 947 1763 quod
968 1688 993 1745 si
1013 1689 1157 1764 extemplo
1179 1711 1241 1748 rem
1262 1691 1386 1753 fortuma
1408 1717 1471 1754 com·

429 1794 567 1866 misisset,
595 1796 673 1852 haud
694 1796 755 1853 scio
785 1815 838 1866 an,
870 1794 1000 1868 quitum
1023 1794 1112 1851 animi
1133 1797 1170 1852 ab
1192 1797 1420 1859 decemvirorum
1438 1804 1472 1859 in·

428 1900 562 1959 felicibus
583 1901 717 1978 auspiciis
747 1901 888 1960 Romanis
918 1900 1107 1978 hostibusque
1133 1912 1231 1973 erant,
1265 1923 1371 1981 magno
1397 1909 1473 1965 detri-

398 2013 526 2069 3mento
555 2018 700 2066 certamen
732 2017 874 2064 staturum
904 2005 1001 2066 fuerit.
1048 2004 1159 2064 Castris
1185 2008 1264 2065 mille
1289 2029 1425 2084 passuum
1443 2015 1473 2068 ab

428 2114 512 2171 hoste
534 2113 651 2190 positis,
681 2114 780 2191 copias
805 2092 979 2171 continebat
1028 2112 1139 2170 Hostes
1161 2115 1286 2172 medium
1316 2117 1390 2176 inter
1418 2120 1474 2176 bina

429 2230 526 2278 castra
558 2220 683 2296 spatium
717 2220 779 2277 acie
808 2219 948 2276 instructa
974 2217 1174 2294 complebant,
1204 2225 1474 2300 provocantibusque

394 2332 415 2387 '4
430 2327 469 2384 ad
495 2326 628 2402 proelium
660 2345 830 2402 responsum
855 2325 1006 2381 Romanus
1033 2343 1119 2381 nemo
1148 2325 1298 2385 reddebat.
1355 2305 1473 2388 Tandem

430 2431 546 2508 fatigati
576 2432 680 2490 stando
714 2451 749 2490 ac
775 2430 968 2505 nequicquam
997 2431 1192 2505 exspectando
1224 2443 1374 2492 certamen
1394 2437 1474 2510 AEqui

429 2537 604 2612 Volscique,
646 2547 801 2613 postquam
820 2523 824 2530 ’
844 2555 1011 2595 concessum
1047 2539 1255 2611 propemodum
1293 2541 1329 2597 de
1365 2543 1473 2600 victoria

429 2643 600 2713 credebant,
639 2662 708 2719 pers
739 2644 769 2700 in
805 2643 963 2713 Hernicos,
1005 2661 1075 2719 pars
1106 2642 1137 2699 in
1172 2645 1294 2702 Latinos
1326 2650 1472 2723 praedatum

429 2751 548 2817 abeunt,
593 2749 762 2824 relinquitur
803 2748 897 2824 magis
940 2749 1041 2806 castris
1083 2750 1247 2824 praesidinm
1289 2771 1378 2827 quam
1413 2755 1473 2810 satis

397 2856 531 2915 bvirium
563 2856 601 2914 ad
630 2865 785 2913 certamen.
841 2854 928 2927 Quod
959 2855 1009 2911 ubi
1036 2855 1137 2912 consul
1165 2857 1272 2928 sensit,
1298 2861 1394 2918 reddit
1418 2862 1473 2918 illa·

429 2977 489 3020 tum
522 2971 608 3019 antea
639 2974 794 3030 terrorem,
828 2961 1027 3036 instructaque
1054 2961 1117 3018 acie
1147 2962 1222 3020 ultro
1251 2965 1364 3023 hostem
1393 2969 1473 3024 laces·

309 3111 311 3116 .
396 3068 474 3128 tsit.
523 3068 582 3128 Ubi
607 3067 648 3126 illi
674 3067 865 3136 couscientia,
893 3066 962 3140 quid
987 3068 1103 3124 abesset
1135 3069 1255 3142 virium,
1288 3071 1474 3128 detrectavere

427 3193 564 3251 pugnam,
587 3174 676 3232 crevit
691 3171 836 3247 extemplo
858 3172 999 3230 Romanis
1021 3173 1144 3245 animus,
1165 3185 1194 3230 et
1214 3195 1268 3251 pro
1291 3179 1375 3236 victis
1395 3179 1472 3235 hahe-

397 3283 498 3339 'lbant
519 3291 659 3357 paventes
673 3279 749 3336 intra
770 3277 890 3336 vallum.
935 3278 1031 3350 Quum
1052 3299 1105 3354 per
1127 3291 1219 3339 totum
1242 3284 1318 3340 diem
1340 3283 1473 3342 stetissent

427 3386 529 3444 intenti
551 3387 598 3442 ad
611 3397 771 3455 certamen,
800 3384 878 3440 nocti
899 3403 1019 3442 cessere.
1062 3386 1102 3443 Et
1122 3388 1248 3446 Romani
1271 3389 1386 3464 quidem
1405 3388 1494 3464 pleni„

427 3492 490 3568 spei
510 3479 635 3567 corpora
656 3493 812 3560 curabant3
835 3489 1062 3564 haudquaquam
1084 3494 1149 3568 pari
1169 3496 1268 3554 hostes
1292 3497 1390 3553 auimo
1409 3515 1470 3550 nun·

428 3598 483 3656 tios
505 3598 614 3674 passim
640 3597 744 3672 trepidi
765 3597 802 3653 ad
824 3596 1004 3654 revocandos
1024 3598 1202 3672 predatores
1223 3601 1378 3662 dimittunt.
1422 3602 1472 3657 lte·

394 3705 550 3764 8curritur
572 3724 608 3762 ex
623 3702 764 3780 proximis
784 3701 870 3775 locis;
893 3701 1042 3759 ulteriores
1060 3722 1119 3761 non
1133 3705 1251 3765 inventi.
1300 3708 1361 3768 Ubi
1380 3705 1472 3771 illuxit,

427 3811 572 3886 egreditur
594 3808 696 3868 castris
719 3811 883 3878 Romanus,
906 3800 1015 3864 vallum
1036 3809 1200 3881 invasurus,
1222 3812 1252 3868 ni
1273 3813 1360 3888 copia
1379 3829 1472 3888 pugna

333 3923 337 3930 '
428 3917 518 3972 fieret.
563 3917 603 3974 Et
624 3925 780 3993 postquam
809 3914 901 3971 multa
928 3914 987 3972 iam
1014 3914 1075 3971 dies
1102 3925 1165 3973 erat
1193 3935 1288 3991 neque
1312 3919 1473 3975 movebatur

426 4023 581 4097 quicquam
602 4024 640 4080 ab
661 4023 760 4091 hoste,
781 4020 862 4078 iubet
883 4020 968 4097 signa
987 4019 1086 4078 inferri
1111 4022 1225 4090 consul;
1255 4033 1390 4098 motaque
1409 3999 1482 4086 acie,

424 4127 584 4204 indignatio
612 4128 729 4203 AEquos
757 4137 785 4184 et
813 4125 939 4184 Volscos
966 4125 1096 4197 incessit,
1127 4127 1152 4183 si
1185 4128 1311 4186 victores
1342 4127 1471 4186 exercitus

373 4258 375 4266 ’
425 4234 533 4292 vallum
561 4233 657 4309 potius
682 4252 768 4309 quam
791 4233 882 4290 virtus
912 4239 941 4286 et
968 4250 1052 4288 arma
1072 4240 1210 4308 tegerent.
1258 4236 1352 4311 Igitur
1378 4243 1405 4292 et
1422 4229 1470 4305 ipsi

394 4340 617 4415 beffiagimtum
650 4341 687 4398 ab
717 4339 836 4396 ducibus
872 4337 985 4412 signum
1018 4356 1122 4414 pugnae
1153 4360 1300 4417 accepero.
1361 4342 1473 4412 Iamque
