3392 5084
394 484 398 511 ¹
523 491 601 540 Liber
618 490 664 541 lx.
702 493 746 555 (A.
760 489 807 542 cu
820 493 980 555 sar-ano.)
1181 493 1236 550 149

227 674 262 748 Q.
284 675 408 734 Fabium
432 677 608 733 Ambustum
630 676 777 746 dixerunt,
808 687 837 735 et
857 679 891 736 P.
915 677 1026 734 AElium
1048 679 1159 735 Paetum
1188 677 1278 753 magi-
1294 679 1329 734 13

226 792 317 839 strum
355 783 498 857 equitum3
540 783 643 856 quibus
682 782 753 839 vitio
769 791 774 797 ’
790 783 894 840 creatis
917 781 1044 840 ,suffecti
1074 785 1114 843 M.
1143 783 1279 842 AEmilius
1294 785 1329 841 14

225 888 326 962 Papus
348 888 485 958 dimeter,
512 889 547 950 L.
569 887 704 945 Valerius
724 888 848 946 Flaccus
878 889 1014 964 magister
1036 890 1172 965 equitum.
1195 936 1196 944 ,
1216 890 1279 948 Neo
1330 949 1333 958 ,

225 1013 276 1068 per
304 1013 355 1050 eos
390 994 507 1051 comitia
534 994 649 1062 habita3
682 1003 710 1051 et
736 994 805 1069 quia
834 994 959 1052 taedebat
987 995 1126 1071 populum
1153 997 1278 1055 omnium

225 1098 447 1172 magistratuum
468 1099 530 1156 eius
551 1099 628 1168 anui,
649 1117 695 1176 res
716 1099 754 1156 ad
773 1099 966 1175 interregnum
982 1102 1074 1160 rediit.
1116 1104 1278 1178 Intsrreges
1296 1104 1330 1158 lb

226 1203 387 1276 Q.Fabius
409 1206 564 1275 Maximus,
587 1206 632 1266 M.‘
645 1205 780 1263 Valerius
801 1204 922 1266 Corvus.
966 1208 997 1265 Is
1018 1209 1148 1266 oonatsses
1170 1210 1279 1266 creavit

224 1309 258 1382 Q.
288 1311 448 1368 Publilium
482 1312 634 1370 Philonem
665 1322 694 1368 et
727 1312 762 1369 L.
790 1312 939 1387 Papirium
975 1313 1130 1372 Cursorem
1166 1315 1278 1385 iterum,
1292 1351 1450 1400 ,mmm

223 1416 301 1472 haud
323 1417 412 1474 dubio
434 1435 574 1476 consensu
596 1418 729 1489 civitatis,
755 1418 842 1493 quod⁴
854 1419 925 1475 nulli
946 1439 981 1476 ea
1001 1429 1171 1495 tempestate
1192 1417 1445 1478 sucessorem.

225 1521 363 1580 clariores
384 1535 487 1580 essent

305 1628 374 1702 Quo
407 1629 497 1686 oresti
525 1637 592 1686 sunt
619 1630 680 1698 die,
709 1649 744 1687 ao
772 1629 825 1707 (sio
854 1631 928 1688 enim
957 1632 1105 1708 placuerat
1136 1633 1277 1708 patribus)
1349 1627 1372 1695 8
1447 1707 1449 1710 Ι

223 1736 427 1810 magistratum
453 1735 591 1805 inierunt,
622 1735 881 1811 sollemnibusque,
900 1748 1016 1794 senatus
1049 1739 1185 1796 consultis
1213 1757 1277 1814 per·

223 1838 314 1910 festia,
339 1841 376 1897 <le
403 1859 475 1917 paee
495 1839 628 1899 Caudina
654 1842 823 1910 retulerunt3
857 1851 885 1898 et
905 1843 1063 1914 Publilius,
1084 1862 1172 1919 panes
1194 1847 1307 1918 quem2

223 1945 315 2004 fasces
341 1956 441 2017 erant,
470 1946 555 2017 ,Die
582 1947 632 2022 Sp.
659 1949 810 2005 Postumi“
838 1948 940 2022 inquit.
989 1949 1046 2022 Qui
1066 1950 1123 2034 phi
1146 1949 1278 2020 surrexit,
1313 1965 1315 1972 ·

224 2052 324 2110 eodem
346 2053 396 2110 illo
417 2052 513 2122 vultu,
546 2071 603 2126 quo
628 2055 680 2111 sub
707 2054 808 2128 iugum
836 2055 940 2111 missus
969 2063 1046 2122 arat,
1087 2055 1194 2123 „Haud
1215 2062 1308 2118 sum3

222 2158 360 2233 ignarusu
383 2158 485 2233 inquit,
515 2158 675 2229 „romulee
695 2158 875 2233 ignominiae,
900 2177 959 2216 non
984 2160 1102 2216 honoris
1125 2177 1212 2216 cause
1234 2179 1278 2216 me

223 2265 348 2339 primum
370 2265 527 2322 excitatum
547 2265 715 2338 iussumque
740 2263 844 2334 dicere,
869 2283 927 2320 non
947 2275 1086 2339 tanquam
1108 2277 1278 2336 senatorem,

225 2371 272 2426 sed
296 2381 437 2445 tanquam
458 2391 538 2428 reum
570 2389 628 2446 qua
650 2368 772 2427 infelicia
793 2370 872 2439 betti,
893 2389 950 2444 qua
971 2371 1167 2446 ignominiose
1187 2371 1277 2446 pacis.

223 2475 285 2550 Ego
310 2488 427 2545 tamen,
458 2477 574 2552 quando
597 2493 691 2550 nequa
721 2475 757 2533 de
787 2494 867 2532 noxa
896 2487 996 2566 nostre
1023 2496 1115 2551 neque
1136 2478 1172 2534 de
1193 2479 1308 2552 poenal

226 2583 371 2653 retulistis,
393 2583 502 2640 omissa
521 2580 703 2651 defensione,
735 2599 799 2654 quae
819 2599 878 2637 non
908 2580 1076 2654 difficillima
1106 2594 1180 2640 esset
1202 2584 1279 2659 apud

223 2688 298 2747 haud
320 2689 440 2764 ignaros
461 2688 641 2745 fortunarum
660 2688 849 2743 humanarum
867 2689 1144 2765 necessitatiumque,
1167 2702 1279 2748 senten-

223 2795 290 2852 tiam
314 2797 352 2853 de
376 2814 420 2864 eo,
445 2794 482 2850 de
504 2812 562 2868 quo
584 2793 730 2861 retulistis,
757 2793 858 2868 paucis
879 2813 1028 2869 peragam,
1054 2814 1118 2870 quae
1141 2795 1281 2851 sententia

223 2903 300 2958 testis
323 2903 386 2969 erit,
415 2901 522 2957 mihine
542 2918 581 2955 an
602 2899 762 2974 legionibus
782 2899 886 2956 restris
907 2903 1093 2976 pepercerim,
1123 2920 1210 2976 quum
1232 2919 1278 2957 me

223 3023 268 3063 seu
307 3009 387 3084 turpi
418 3026 470 3064 seu
500 3004 664 3062 necessaria
698 3005 852 3080 sponsione
883 3007 1040 3076 obstrinxi3
1084 3026 1141 3081 qua
1171 3009 1307 3076 tamen,5

224 3115 338 3185 quando
358 3114 468 3171 iniussu
489 3111 589 3187 populi
609 3108 688 3167 faeta
701 3123 754 3180 est,
774 3130 833 3168 non
854 3121 966 3170 tenetur
979 3113 1102 3188 populus
1113 3113 1276 3178 Romanus,

222 3236 272 3277 neo
304 3221 460 3296 quiequam
490 3237 528 3274 ex
557 3235 593 3273 ea
622 3226 813 3291 preterquam
849 3233 974 3290 corpora
1004 3226 1104 3274 nostra
1139 3217 1277 3273 debentur

224 3322 408 3411 Samnitibus.
451 3324 602 3381 Dedamur
620 3341 674 3397 per
693 3321 806 3378 fetiales
822 3321 893 3378 nudi
913 3321 1072 3396 vinctiqu03
1094 3321 1306 3378 exsolvamusb

224 3430 362 3506 religione
377 3430 535 3507 populum,
556 3430 582 3484 si
602 3445 662 3501 qua
681 3426 890 3501 obligavimus,
912 3446 948 3483 ne
972 3427 1040 3502 quid
1066 3428 1155 3484 divini
1175 3429 1276 3484 huma-

223 3537 286 3594 nive
316 3539 425 3607 obstet,
458 3554 515 3610 quo
547 3535 643 3601 minus
667 3532 774 3588 iustum
801 3532 938 3608 piumque
970 3534 1006 3590 (le
1032 3535 1143 3608 integro
1164 3534 1277 3590 ineatur

225 3642 338 3704 bellum.
383 3645 501 3701 Interea
522 3640 653 3698 eonsules
674 3638 830 3695 exereitum
854 3641 986 3712 seribere,
1011 3660 1133 3712 armare,
1155 3641 1304 3700 educere?

225 3747 331 3821 placet,
351 3768 406 3807 neo
426 3748 506 3824 prius
526 3745 637 3821 ingredi
663 3745 788 3801 hostium
815 3748 896 3817 fines,
923 3765 1008 3820 quam
1032 3748 1129 3806 omniu
1149 3747 1225 3804 iusta
1245 3748 1275 3804 in

227 3853 367 3914 deditione
387 3864 487 3912 nostra
508 3850 637 3928 perlaeta
657 3859 766 3912 erunt.v
795 3853 875 3923 Vos,
899 3853 938 3909 dii
958 3854 1152 3925 immortales,
1173 3851 1306 3930 precor8

227 3976 394 4036 qumque,
415 3960 440 4016 ai
461 3959 544 4015 vobis
565 3975 623 4013 non
646 3955 702 4013 fuit
722 3958 816 4028 cordi,
838 3959 890 4033 Sp.
915 3959 1105 4029 Postumium,
1128 3962 1162 4020 T.
1184 3962 1275 4018 Vetu-

227 4065 295 4124 rium
319 4068 450 4125 eonsules
471 4083 535 4123 oum
558 4062 735 4121 Samnitibus
756 4083 895 4139 prospere
914 4065 1017 4123 bellum
1040 4085 1148 4142 gerere,
1173 4077 1203 4125 at
1223 4061 1306 4125 vos9

228 4172 294 4228 satis
314 4173 447 4232 habeatis
468 4171 574 4228 vidisse
594 4187 648 4225 nos
669 4169 840 4246 subiugum
864 4171 976 4242 missos,
997 4173 1103 4230 vidisse
1124 4172 1276 4248 sponsione

228 4270 323 4335 haemi
350 4277 509 4352 obligatos,
544 4275 642 4333 ridere
676 4275 769 4333 nudos
799 4276 970 4352 vinctosque
998 4279 1128 4337 hostibus
1155 4279 1276 4352 deditos,
