3392 5084
545 513 624 565 Liber
640 516 689 566 111.
726 517 774 579 (A.
795 517 842 567 ch.
862 516 935 582 446.)
1176 524 1232 580 193

198 693 232 748 Ρ.
249 691 402 768 Sulpicius
423 715 478 772 per
499 699 624 756 mediam
646 701 773 759 hostium
789 702 881 760 aciem
896 720 962 759 cum
984 703 1114 777 equitatu
1133 704 1272 779 perrupit.
1288 710 1306 762 4
1388 691 1396 706 ⁶

197 797 285 854 Unde
308 817 402 872 quum
425 803 529 860 eadem
553 805 660 862 reverti
680 815 780 881 posset
803 807 841 863 ad
869 824 953 878 suos,
984 807 1153 882 priusquam
1181 809 1274 866 hostis

195 903 333 960 turbatos
357 905 481 964 ordines
497 910 636 980 reliceret,
657 919 741 986 terga
751 911 923 987 impugnare
932 912 1059 969 hostium
1075 913 1167 970 satius
1178 913 1273 970 visum

196 1016 254 1078 est3
292 1021 507 1087 momentoque
537 1016 691 1090 temporis,
729 1015 760 1072 in
792 1034 926 1074 aversam
962 1017 1138 1074 incursando
1171 1019 1273 1090 aciem,

195 1114 317 1189 ancipiti
342 1125 458 1174 terrore
481 1119 650 1195 dissipasset
672 1122 785 1192 hostes,
813 1122 844 1178 ni
865 1139 919 1178 suo
940 1121 1061 1197 proprio
1082 1141 1148 1179 eum
1170 1124 1272 1199 proelio

196 1220 312 1293 equites
324 1221 506 1280 Volscorum
523 1227 729 1299 etAEquorum
745 1234 897 1302 exceptum
913 1226 1091 1302 aliquamdiu
1106 1228 1272 1288 tenuissent.

194 1325 238 1381 lbi
261 1346 339 1384 vero
364 1327 512 1403 Sulpicius
533 1349 641 1406 negare
664 1333 817 1390 cunctandi
838 1342 951 1407 tempus
966 1351 1038 1403 esse,
1062 1335 1303 1391 circumventos5

193 1432 434 1506 interclusosque
456 1435 495 1490 eb
517 1419 578 1494 suis
598 1437 773 1507 vociferans,
793 1439 822 1494 ni
844 1448 977 1512 equestre
999 1438 1133 1513 proelium
1155 1438 1272 1495 connixi

194 1541 271 1596 omni
297 1540 328 1595 vi
351 1541 542 1614 perlicerent3
571 1559 625 1598 nec
650 1541 754 1618 fugare
781 1543 907 1617 equitem
933 1542 1076 1617 integrum
1099 1543 1170 1600 satis
1193 1547 1301 1612 esse;6

194 1648 376 1703 conficerent
398 1665 490 1721 equos
512 1646 659 1722 virosque,
681 1667 718 1704 ne
734 1649 799 1722 quis
810 1650 996 1706 reveheretur
1005 1648 1072 1705 inde
1084 1649 1121 1705 ad
1135 1649 1271 1724 proelium

195 1761 240 1808 aut
262 1752 434 1826 integraret
455 1769 600 1827 pugnam3
626 1771 686 1810 non
712 1773 800 1829 posse
818 1753 887 1824 ,illos
910 1752 1044 1810 resistere
1065 1753 1135 1824 sibi,
1166 1754 1271 1828 quibus

195 1855 330 1913 conferta
354 1855 487 1930 peditum
510 1857 586 1914 acies
613 1859 754 1918 cessisset.
796 1857 887 1916 Haud
917 1857 1011 1914 surdis
1040 1859 1158 1916 auribus
1185 1859 1301 1916 dicta?

193 1961 397 2037 Impressione
420 1981 480 2019 una
501 1970 594 2020 totum
611 1963 770 2038 equitatum
785 1962 895 2033 fudere,
917 1981 1055 2038 magnam
1066 1966 1125 2022 vim
1137 1985 1175 2023 ex
1189 1967 1272 2040 equis

194 2068 430 2143 praecipitavere,
452 2068 533 2144 ipsos
547 2087 696 2144 equosque
709 2069 826 2145 spiculis
842 2068 1007 2127 confodere.
1039 2072 1070 2127 Is
1086 2071 1150 2127 finis
1165 2089 1272 2146 pugnae

194 2173 340 2246 equestris
365 2173 430 2232 fuit.
474 2175 561 2232 Tunc
583 2175 678 2232 adorti
692 2175 822 2250 peditum
837 2157 939 2244 aciem,
960 2176 1076 2233 nuntios
1088 2177 1127 2233 ad
1138 2177 1302 2233 eonsules8
1331 2211 1337 2222 ·

193 2281 231 2335 rei
253 2289 351 2356 gestae
376 2280 505 2349 mittunt,
528 2280 577 2336 ubi
590 2281 651 2338 iam
665 2281 858 2338 inclinabatur
872 2281 999 2338 hostium
1012 2281 1099 2340 acies.
1142 2280 1270 2339 Nuntius

195 2385 299 2442 deinde
314 2394 346 2444 et
362 2386 545 2443 vincentibus
557 2387 700 2444 Romanis
716 2386 827 2444 animos
844 2386 930 2459 auxit
940 2395 969 2444 et
978 2386 1135 2443 referentes
1146 2359 1270 2462 gradum

195 2491 319 2566 perculit
348 2493 480 2565 AEquos.
528 2493 564 2548 In
592 2491 688 2548 media
714 2491 839 2566 primum
871 2492 934 2548 acie
966 2490 1043 2557 vinci
1077 2493 1178 2567 coepti,
1213 2493 1301 2566 qual)

194 2597 357 2672 permissus
378 2598 525 2670 equitatus
540 2599 712 2654 turbaverat
733 2597 864 2666 ordines;
886 2597 1033 2653 sinistrum
1055 2597 1159 2654 deinde
1180 2616 1271 2655 cornu
1286 2600 1323 2654 10

197 2701 229 2756 ab
252 2701 399 2774 Quinctio
422 2703 540 2759 consule
561 2702 630 2778 pelli
652 2711 791 2778 coeptum3
812 2701 842 2758 in
865 2702 968 2758 dextro
988 2701 1147 2775 plurimum
1161 2703 1270 2760 laboris

195 2807 254 2867 fuit.
304 2807 354 2864 Ibi
376 2807 530 2883 Agrippa,
553 2807 828 2880 atate-viribusque
851 2805 951 2877 ferox,
974 2825 1064 2882 quum
1086 2807 1166 2863 omni
1187 2817 1271 2882 parte

195 2931 298 2988 pugnae
318 2912 427 2970 melius
449 2932 512 2970 rem
533 2913 595 2988 geri
621 2931 709 2988 quam
732 2912 810 2986 apud
829 2927 861 2967 se
886 2911 1014 2982 videret,
1043 2921 1161 2986 arrepta
1187 2911 1272 2986 signa

197 3019 230 3074 sb
252 3019 403 3095 signiferis
426 3019 636 3094 ipseeinferrc,
668 3017 800 3092 quaedam
828 3016 924 3073 iacere
949 3017 1036 3073 etiam
1066 3017 1097 3072 in
1124 3014 1271 3072 confertos

195 3123 292 3182 hostes
315 3125 418 3201 coepit3
447 3124 529 3181 cuius
556 3123 723 3198 ignominiae
750 3130 829 3179 metu
851 3122 988 3178 concitati
1009 3120 1115 3178 milites
1137 3121 1271 3176 invasere
1286 3124 1320 3178 ll

195 3228 318 3286 hostem.
374 3231 424 3287 Ita
452 3237 570 3304 aequata
599 3247 636 3285 ex
667 3228 745 3285 omni
776 3235 861 3303 parte
887 3227 1011 3283 victoria
1041 3236 1093 3286 est.
1142 3226 1271 3282 Nuntius

195 3342 256 3390 tum
284 3355 303 3392 a
331 3335 472 3408 Quinctio
501 3333 595 3405 venit,
630 3334 771 3390 victorem
803 3332 863 3389 iam
896 3350 929 3388 se
960 3331 1111 3388 imminere
1143 3330 1270 3387 hostium

196 3441 313 3511 castris3
334 3441 415 3498 nolle
428 3441 602 3515 irrumpere,
623 3446 779 3512 antequam
792 3438 865 3495 sciat
876 3437 1050 3494 debellatum
1065 3436 1137 3493 etin
1153 3434 1269 3490 sinistro

198 3563 287 3602 cornu
308 3563 388 3602 esse:
419 3545 444 3602 si
467 3545 527 3602 iam
549 3543 671 3601 fudisset
691 3544 800 3612 hostes,
822 3542 967 3600 conferret
991 3542 1028 3598 ad
1054 3559 1086 3597 se
1108 3539 1207 3616 signa,
1238 3549 1271 3597 ut
1287 3542 1323 3598 12

198 3650 283 3706 simul
303 3628 399 3708 omnis
422 3650 567 3708 exercitus
588 3648 689 3724 p‘rseda
715 3649 868 3724 potiretur.
912 3648 1016 3706 Victor
1037 3647 1176 3722 Agrippa
1204 3665 1270 3704 cum
1285 3649 1322 3703 13

198 3767 299 3813 mutua
320 3755 519 3831 gratulatione
548 3755 587 3811 ad
617 3755 759 3811 victorem
786 3755 927 3829 collegam
959 3762 1115 3826 castraque
1142 3752 1269 3808 hostium

200 3861 288 3921 venit.
330 3861 379 3918 Ibi
394 3861 497 3936 paucis
520 3858 740 3916 defendentibus
761 3870 967 3932 momentoque
989 3858 1071 3927 fusis,
1094 3857 1156 3914 sine
1177 3867 1270 3914 certa-

199 3967 277 4022 mine
304 3967 334 4023 in
360 3965 536 4022 munitiones
566 3964 747 4039 irrumpunt,
780 3965 938 4038 praedaque
966 3962 1076 4038 ingenti
1106 3971 1270 4036 compotem

200 4071 375 4141 exercitum,
412 4071 486 4127 suis·
507 4069 595 4126 etiam
630 4070 717 4125 rebus
753 4068 945 4144 recuperatis,
985 4085 1050 4141 quae
1080 4066 1271 4141 populatione

201 4193 340 4250 agrorum
362 4177 476 4232 amissae
501 4182 594 4245 erant,
613 4173 763 4230 reducunt.
796 4172 990 4247 Triumphum
1005 4189 1059 4228 nec
1073 4159 1154 4246 ipsos
1169 4178 1270 4244 postu·
1286 4176 1321 4231 14

200 4279 281 4336 lasse
307 4297 359 4336 nec
385 4280 512 4338 delatum
536 4279 573 4336 iis
599 4278 636 4335 ab
663 4284 764 4335 senatu
793 4277 920 4352 accipio,
943 4295 1002 4334 nec
1027 4276 1152 4333 traditur
1180 4292 1270 4332 causa

228 4392 297 4428 ttvtus
313 4401 335 4427 er
348 4401 387 4428 rec·
403 4391 502 4440 lladvigii.
732 4431 734 4435 .
1035 4383 1067 4425 13
