3392 5084
465 475 521 532 170
744 473 822 524 Liber
838 472 888 522 lx.
931 473 982 536 (Δ.
994 488 1020 521 ιι.
1034 475 1143 536 atto.)

386 663 516 716 locutos
537 675 631 733 posse.
678 657 735 716 His
765 658 931 716 stratoribus
957 666 1038 740 mota
1064 658 1185 734 propius
1210 668 1308 717 osana
1336 659 1457 734 missique
1521 656 1523 693 l

415 764 516 822 eodem
538 772 669 839 tempore
689 765 768 822 circa
788 764 844 822 tria
866 764 975 840 oppida
994 765 1115 835 milites,
1140 765 1247 840 partim
1274 765 1390 836 armati,
1415 767 1459 839 qui
1521 750 1523 817 l

415 869 520 928 occulti
540 869 703 945 propinqua
723 869 865 928 moenibus
879 870 1036 929 insiderent
1049 871 1124 942 loca,
1144 871 1251 947 partim
1269 873 1368 947 togati,
1386 873 1460 930 tectis
1521 876 1522 925 1

415 985 495 1034 veste
513 975 627 1052 gladiis,
649 976 699 1050 qui
721 976 774 1032 sub
795 975 889 1034 lucem
910 978 1018 1052 apertis
1039 977 1131 1053 portia
1144 979 1232 1034 urbes
1245 978 1459 1052 ingrederentur.
1521 954 1522 1049 l

385 1083 464 1152 snb
485 1082 530 1140 his
552 1081 638 1140 simul
668 1081 802 1140 custodes
830 1083 968 1141 trucidari
994 1085 1094 1160 empti,
1120 1084 1207 1141 simul
1233 1078 1333 1140 domm
1357 1085 1461 1158 siguum
1521 1088 1522 1165 l

414 1188 549 1256 armatu,
581 1198 613 1244 ut
643 1206 681 1246 ιι
698 1187 819 1270 ‚insidiis
850 1198 1062 1247 anement.
1112 1190 1162 1276 ns
1188 1198 1282 1264 porte
1314 1200 1464 1265 occupes,
1521 1170 1523 1255 ζ

384 1294 528 1368 btriaque
549 1293 657 1369 oppida
679 1294 779 1351 eadem
801 1294 876 1352 bora
897 1295 1057 1370 eodemque
1077 1297 1197 1354 consilio
1211 1305 1311 1371 captat
1331 1296 1380 1352 sed
1400 1297 1466 1370 quia
1521 1271 1523 1323 l

415 1399 580 1457 absentibus
603 1400 723 1458 ducibus
744 1399 868 1474 impetus
895 1409 938 1456 est
964 1399 1075 1469 iactus,
1102 1400 1198 1457 nullus
1221 1402 1325 1458 modus
1345 1401 1466 1458 caedibns
1521 1408 1522 1419 ³

414 1505 485 1575 luit,
516 1505 668 1580 deletaque
689 1506 842 1562 Ausonum
869 1523 941 1580 gens
962 1507 1014 1564 vix
1042 1515 1121 1564 certo
1148 1499 1318 1564 defectionis
1345 1507 1464 1575 crimim,

418 1613 536 1688 perinde
544 1630 591 1670 rao
613 1611 638 1668 si
658 1607 833 1696 internecivo
855 1612 931 1669 bello
953 1621 1100 1670 certasset.

407 1781 412 1792 ,
500 1718 612 1776 Eodem
635 1728 720 1788 anno,
742 1717 858 1792 prodito
878 1717 1009 1774 hostibus
1026 1717 1160 1774 Romano
1181 1717 1328 1794 praesidio,
1348 1719 1467 1776 Luceria

417 1822 588 1882 Samnitium
624 1822 716 1894 facta3
759 1841 812 1881 nec
843 1823 894 1880 diu
925 1823 1121 1898 proditoribus
1151 1823 1294 1899 impunita
1331 1843 1377 1882 res
1404 1824 1467 1882 tuit

312 1907 315 1914 ¹
384 1930 505 1990 2Haud
525 1929 627 2004 procul
648 1929 714 1986 iude
736 1929 1042 1986 exercitusRomanus
1063 1938 1135 2000 erat,
1155 1929 1237 1986 ouius
1255 1931 1350 2004 primo
1363 1931 1471 2006 impetu

414 2037 483 2094 urbs
504 2036 560 2094 sita
581 2035 610 2092 iu
638 2035 726 2110 plano
754 2035 875 2110 capitur.
923 2035 1059 2092 Lucerini
1087 2053 1122 2092 ac
1142 2033 1289 2094 Samnites
1318 2038 1356 2094 ad
1383 2039 1473 2095 iuter·

384 2141 562 2203 3ueoionem
584 2141 665 2219 caesi;
687 2159 780 2215 eoque
800 2140 845 2198 ira
866 2140 1024 2214 processit,
1051 2150 1083 2198 ut
1102 2115 1356 2219 Romaequoque,
1380 2162 1475 2219 quum

415 2248 451 2304 de
489 2247 598 2305 colonis
634 2246 779 2304 mittendis
808 2246 962 2304 Luceriam
991 2245 1188 2303 consuleretur
1222 2255 1355 2316 senatus,
1388 2248 1477 2304 multi

385 2354 566 2416 idelendam
587 2352 687 2410 urbem
709 2359 867 2411 censerent.
917 2351 1030 2408 Praeter
1050 2351 1165 2419 odium,
1196 2352 1276 2425 quod
1297 2352 1478 2409 exsecrabile

414 2460 444 2517 in
465 2459 509 2518 bis
531 2467 632 2534 captos
654 2467 728 2529 erat,
747 2457 944 2533 longinquitas
966 2475 1082 2532 quoque
1103 2458 1296 2517 abhorreres
1309 2459 1478 2533 relegandis

415 2575 474 2623 tam
496 2565 597 2641 procul
623 2565 661 2620 ab
690 2563 776 2622 domo
801 2564 912 2622 civibus
940 2563 1016 2620 inter
1036 2572 1097 2620 tam
1120 2561 1242 2621 infestas
1262 2574 1362 2638 gentes
1383 2582 1478 2639 coge·
1521 2570 1522 2601 ³

386 2674 474 2734 obet.
521 2671 600 2728 Vicit
622 2678 719 2727 tamen
740 2669 891 2739 sententia,
913 2678 945 2724 ut
969 2668 1148 2725 mitterentur
1169 2660 1280 2738 coloni3
1301 2670 1359 2726 duo
1381 2669 1481 2726 millia

415 2787 444 2836 et
466 2776 615 2852 quingenti
635 2775 724 2833 missi.

497 2882 609 2939 Eodem
632 2899 717 2952 auno,
739 2899 827 2956 quum
850 2881 948 2937 omnia
968 2879 1059 2936 infida
1072 2880 1213 2938 Romanis
1234 2890 1340 2951 esseut,
1364 2879 1483 2956 Capuan

385 2996 531 3062 6quoque
553 2962 671 3046 occulto
702 2986 864 3071 principum
894 2985 1107 3044 coniurationes
1137 2983 1235 3045 ianoe.
1262 3021 1267 3029 =
1295 2986 1343 3044 De
1368 2987 1484 3061 quibus

415 3110 504 3166 quum
530 3092 568 3148 ad
589 3096 719 3150 senatum
747 3091 868 3150 relatum
892 3102 982 3157 esset,
1009 3092 1237 3166 haudquaquam
1259 3092 1392 3167 neglecta
1415 3112 1485 3163 res3

414 3197 587 3273 questiones
628 3199 768 3267 decretae,
807 3197 1035 3272 dictatoremque
1066 3197 1273 3270 questionibus
1304 3199 1485 3256 exercendis

326 3379 333 3388 ,
385 3304 471 3369 'ldici
502 3305 619 3380 placuit.
675 3301 708 3366 Ο.
733 3303 856 3361 Maeuius
884 3304 991 3373 dictus;
1028 3304 1054 3360 is
1078 3304 1118 3361 M.
1140 3302 1271 3359 Foslium
1302 3303 1486 3378 magistrum
1521 3292 1522 3357 l

415 3410 542 3484 equitum
569 3409 650 3468 dixit.
695 3410 803 3484 lugens
831 3418 894 3466 erat
919 3409 1105 3485 magistratus
1132 3408 1192 3466 eius
1219 3417 1322 3468 terror.
1368 3411 1488 3485 Itaque

414 3515 476 3572 sive
503 3515 590 3572 timor
617 3534 667 3573 seu
697 3515 874 3574 conscientia
893 3513 970 3597 duit,
997 3513 1136 3573 Calavios
1158 3513 1265 3572 Ovium
1285 3515 1488 3592 Noviumque

415 3621 464 3696 (ea
495 3621 592 3695 cupita
628 3621 833 3688 coniurationis
854 3620 1012 3693 liumant),
1052 3620 1221 3696 priusquam
1254 3621 1489 3680 nominarentur

415 3726 494 3801 opud
515 3726 699 3798 dictatorem,
732 3745 811 3786 mors
840 3728 921 3785 haud
942 3727 1029 3785 dubie
1050 3728 1088 3783 ab
1112 3726 1183 3801 ipsis
1211 3728 1340 3784 conscita
1367 3728 1488 3785 iudicio

384 3833 567 3898 8subtrexit.
615 3834 738 3904 Deinde,
768 3845 800 3892 ut
829 3833 982 3908 quaestioni
1003 3832 1162 3909 Campana
1190 3833 1314 3891 materia
1339 3835 1491 3901 decessit,
1521 3872 1523 3901 ,

414 3956 500 4021 verso
521 3941 645 3997 Romam
671 3940 886 4016 interpretando
907 3959 970 3997 res:
998 3959 1058 3997 uon
1079 3940 1258 4008 nominatim,
1280 3940 1330 4014 qui
1352 3938 1490 4016 Capuae,
1521 3914 1522 3997 l

414 4045 465 4102 sed
488 4044 518 4102 iu
532 4045 707 4118 universum,
730 4048 779 4122 qui
794 4065 917 4122 usquam
940 4046 1065 4104 coissent
1082 4044 1317 4104 coniurassentve
1329 4045 1490 4104 adversm

383 4158 475 4214 arem
496 4152 656 4227 publicam,
689 4152 779 4228 quari
800 4162 931 4209 senatum
953 4150 1085 4222 iussisse,
1118 4161 1148 4208 et
1168 4151 1307 4209 coitiones
1329 4150 1492 4207 bonorum

415 4256 665 4331 adipiscendorum
702 4273 791 4313 causa
824 4256 918 4314 factas
949 4258 1087 4352 adpersm
1120 4257 1366 4333 rempublicam
1408 4275 1492 4313 esse
