3392 5084
521 514 598 564 Lacr
616 513 664 567 ΠΙ.
701 514 749 576 (L
768 512 816 565 Ch·
836 517 906 572 149.)
1148 517 1204 575 163

191 696 291 767 ἰηιοτ,
325 715 416 773 quum
444 717 481 756 ex
507 697 704 756 consularibus
725 699 763 756 ad
782 697 913 756 ultimum
932 698 1044 756 dicendi
1061 698 1155 756 locum
1177 717 1245 758 ccu-

189 803 259 859 sulto
282 813 422 861 servatus
445 813 529 872 esset,
548 804 709 862 simulando
731 823 829 862 curam
851 803 919 861 belli
933 803 1050 862 fratrem
1064 805 1247 882 collegasque

190 909 243 963 eius
265 910 425 982 tuebatur,
452 928 579 984 quonam
601 910 663 967 lato
684 910 846 979 incidisset,
872 909 972 967 mirari
994 927 1024 966 se
1046 909 1194 982 dictitans,
1216 913 1279 970 ut9

190 1015 380 1086 decemviros,
405 1015 455 1089 qui
476 1016 699 1074 decemviratum
713 1017 860 1092 petissent,
883 1024 934 1074 aut
945 1015 998 1073 soli
1020 1025 1071 1074 aut
1080 1017 1110 1075 hi
1123 1019 1248 1076 maxim

191 1131 403 1196 oppugnarent,
428 1131 478 1180 eut
499 1123 568 1197 quid
587 1122 638 1194 ita,
658 1139 746 1198 quum
767 1141 821 1198 per
841 1130 884 1178 tot
902 1114 1013 1180 menses
1027 1141 1121 1182 vacue
1132 1125 1248 1183 civitate
1263 1127 1302 1189 lb,

189 1246 276 1299 nemo,
302 1227 413 1285 iustine
434 1228 619 1308 magistratus
640 1247 760 1287 summae
778 1247 875 1286 rerum
896 1237 1059 1304 preessent,
1081 1237 1247 1287 controver-

189 1335 253 1391 siam
277 1334 396 1404 fecerit,
418 1353 494 1392 nunc
515 1335 639 1405 demum,
664 1352 753 1409 quum
773 1336 871 1391 hostes
892 1350 983 1409 prope
1004 1333 1042 1390 ad
1061 1341 1161 1408 portas
1182 1325 1256 1406 sint,

188 1441 282 1498 civiles
308 1441 474 1498 discordias
495 1449 600 1511 serant,
620 1440 677 1498 nisi
697 1439 816 1516 quodin
830 1438 945 1496 turbido
960 1438 1052 1496 miuus
1066 1440 1248 1516 perspicuum

187 1543 243 1603 lore
265 1554 388 1622 putent,
412 1546 482 1620 quid
504 1556 615 1621 agatur.
659 1544 794 1604 Ceterum
814 1546 940 1618 (etenim,
954 1543 1064 1602 maiore
1078 1562 1148 1602 cura
1163 1563 1248 1604 occu·
1263 1547 1295 1603 11

188 1654 256 1726 potis
290 1651 418 1722 animis,
449 1670 549 1708 verum
569 1669 641 1722 esse,
671 1651 865 1727 praeiudicium
892 1649 935 1707 rei
957 1658 1044 1707 tantae
1070 1651 1148 1708 hsud
1168 1651 1248 1726 fieri)

189 1760 235 1815 sibi
256 1759 384 1834 placere
406 1757 442 1814 de
464 1777 509 1827 eo,
533 1758 610 1831 quod
625 1758 761 1815 Valerius
774 1758 973 1831 Horatiusque
994 1763 1060 1814 ante
1073 1756 1137 1814 idus
1154 1757 1248 1816 Maias

189 1863 373 1920 decemviros
395 1863 491 1920 abisse
502 1863 672 1938 magistratu
684 1863 857 1933 insimulent,
881 1861 973 1933 bellis,
996 1880 1061 1935 quse
1072 1861 1247 1934 immineant,

189 1969 334 2043 perfectis,
358 1987 393 2026 re
413 1969 530 2044 publica
550 1969 579 2025 iu
601 1969 785 2044 tranquillum
806 1969 935 2040 redacta,
956 1977 1056 2025 senatu
1072 1969 1248 2045 disceptante

192 2075 245 2149 agi,
276 2084 310 2130 et
340 2075 402 2130 iam
434 2093 510 2131 nunc
530 2074 572 2130 ita
593 2091 624 2130 se
644 2093 750 2149 parare
767 2077 848 2150 App.
870 2071 1037 2142 Claudium,
1065 2082 1097 2130 ut
1118 2074 1298 2133 comitio-12

190 2200 260 2251 mm,
294 2199 364 2254 quae
392 2179 561 2237 decemviris
588 2166 722 2238 creandis¹
747 2180 892 2238 decemvir
917 2179 980 2256 ipse
1000 2179 1146 2250 habuerit,
1175 2179 1249 2237 sciat
1315 2187 1318 2193 '

190 2287 238 2342 eibi
258 2286 411 2343 rationem
435 2287 613 2344 reddendam
634 2304 715 2356 esse,
746 2293 840 2342 utrum
870 2285 899 2342 in
919 2303 1007 2342 unum
1029 2301 1133 2342 annum
1159 2283 1247 2341 creati

192 2392 248 2461 sint,
272 2409 314 2448 au
337 2391 433 2448 donec
452 2393 540 2467 leges,
562 2411 627 2468 quae
649 2392 789 2465 deessent,
810 2391 1014 2468 perferrentur.
1047 2392 1081 2448 In
1096 2389 1249 2466 praesentia
1264 2396 1297 2451 13

192 2497 285 2592 omnia
315 2505 424 2571 praeter
450 2497 557 2554 bellum
585 2497 678 2556 omitti
708 2497 823 2573 placere
830 2516 839 2568 3
875 2499 954 2556 cuius
984 2499 1009 2556 si
1036 2496 1111 2555 falso
1136 2494 1245 2553 lamam

192 2602 350 2677 vulgatam,
373 2618 509 2676 vanaque
528 2620 586 2661 non
597 2603 712 2661 nuntios
726 2605 830 2675 solum,
852 2605 902 2662 sed
913 2605 1143 2662 Tusculanorum
1160 2602 1246 2659 etiem

194 2706 301 2782 legatos
331 2705 465 2763 attulisse
492 2715 606 2782 putent,
636 2710 831 2785 speculatores
859 2709 1011 2766 mittendos
1039 2727 1169 2780 censere,
1197 2708 1247 2783 qui

197 2817 293 2872 certius
310 2814 466 2890 explorate
479 2812 619 2884 referant3
640 2813 684 2872 sin
698 2815 770 2872 fides
784 2826 814 2871 et
827 2815 932 2874 nuntiis
948 2825 976 2872 et
986 2815 1088 2892 legatis
1096 2816 1247 2884 habeatur,
1264 2815 1298 2869 14

197 2920 332 2978 delectum
355 2920 451 2996 primo
472 2937 588 2994 quoque
608 2930 739 2997 tempore
758 2921 869 2992 haberi,
890 2921 1081 2992 decemviros,
1107 2939 1164 2996 quo
1187 2919 1247 2978 cui·

196 3043 247 3098 que
267 3045 373 3084 eorum
393 3025 535 3094 videatur,
559 3026 701 3084 exercitus
722 3026 836 3097 ducere,
857 3045 910 3084 nec
930 3045 990 3100 rem
1005 3028 1091 3086 aliam
1103 3026 1245 3102 praeverti.

272 3133 311 3189 In
321 3133 400 3188 hanc
411 3129 580 3188 sententiam
596 3139 627 3188 ut
643 3131 845 3201 discederetur,
866 3133 991 3190 iuniores
1005 3141 1119 3210 patrum
1133 3131 1247 3188 evincc-
1302 3103 1338 3170 4¹

196 3237 270 3296 bunt.
313 3235 545 3311 Ferocioresqne
563 3236 666 3294 itemmi
688 3239 780 3295 coorti
794 3239 930 3296 Valerius
951 3239 1147 3312 Horatiusque
1168 3237 1246 3294 voci-

195 3341 296 3411 ferari,
325 3350 359 3398 ut
379 3342 416 3398 de
436 3361 469 3399 re
490 3343 607 3418 publice
626 3343 726 3401 liceret
746 3344 854 3415 dicere,
884 3345 1010 3402 dicturos
1036 3344 1073 3400 ad
1099 3341 1247 3419 populum,

196 3447 373 3505 siinsenetu
382 3467 436 3523 per
452 3448 606 3506 factionem
630 3467 689 3505 non
708 3449 811 3519 liceet;
831 3467 926 3524 neque
947 3450 1021 3506 enim
1043 3448 1098 3505 sibi
1118 3448 1247 3525 privatos
1353 3492 1355 3496 Α

197 3563 245 3609 aut
264 3554 295 3610 iu
316 3554 398 3611 curia
419 3555 520 3611 autin
541 3554 673 3612 contione
687 3573 774 3628 posse
795 3555 921 3627 obstare,
942 3573 1035 3629 neque
1055 3573 1087 3611 se
1107 3555 1248 3628 imegina·

197 3658 243 3714 riis
275 3658 402 3715 fascibus
434 3677 533 3716 eorum
561 3676 693 3718 cessuros
723 3678 796 3722 esse.
843 3662 919 3718 Tum
943 3661 1056 3738 Appius
1077 3661 1134 3717 iam
1157 3667 1277 3736 prope2

199 3781 260 3819 esse
282 3772 379 3834 ratus,
410 3773 456 3835 ut,
482 3765 512 3821 ni
541 3766 683 3823 violentiae
713 3784 812 3822 eorum
833 3766 898 3841 pari
916 3766 1095 3824 resisteretur
1116 3765 1247 3835 audacia,

200 3869 304 3926 victum
329 3868 482 3945 imperium
508 3879 599 3941 esset,
631 3872 718 3940 „Non
742 3872 796 3928 erit
821 3872 941 3930 melius“
974 3872 1082 3947 inquit,
1111 3871 1184 3942 „nisi
1212 3872 1248 3928 de
1261 3861 1298 3936 3'

199 3993 256 4047 quo
282 3975 470 4046 consulimus,
497 3993 601 4034 vocem
620 3977 766 4047 misisse“,
796 3987 825 4034 et
846 3980 883 4036 ed
906 3979 1069 4048 Valerium,
1096 3985 1248 4053 negantem

199 4097 230 4135 se
253 4079 368 4154 privato
388 4082 522 4152 reticere,
552 4082 680 4139 lictorem
708 4083 844 4139 accedere
869 4083 961 4143 iussit.
1008 4085 1071 4142 Iam
1094 4083 1279 4157 Quiritium

200 4184 288 4239 fidem
307 4184 476 4260 implorante
497 4187 616 4245 Valerio
641 4207 659 4245 a
680 4188 765 4245 curiae
790 4187 907 4258 limine,
935 4190 969 4246 L.
992 4187 1142 4247 Cornelius
1170 4207 1248 4246 eom-

201 4288 306 4361 plexus
316 4292 448 4366 Appium,
460 4311 528 4362 non,
542 4293 588 4350 cui
599 4293 762 4364 simulabat,
774 4293 957 4364 consulendo,
969 4293 1081 4352 diremit
1091 4303 1249 4360 certamem

1006 4393 1050 4444 ιι·
