3392 5084
415 728 550 776 contacte
570 720 652 795 regia
672 721 772 795 praeda
795 721 929 795 spemin
952 730 1122 796 perpetuum
1146 740 1211 778 eum
1234 722 1269 779 iis
1291 723 1371 797 pacis
1396 723 1475 778 amit·

414 833 496 884 teret.
531 827 635 900 *Ager
656 825 893 899 Tarquiniorum,
917 827 966 901 qui
987 827 1062 883 iuter
1085 828 1185 884 urbem
1207 845 1243 883 ac
1265 825 1393 883 Tiberim
1417 825 1475 894 luit,

384 933 600 986 3consecratus
620 931 710 988 Marti
732 931 857 988 Martius
879 931 981 987 deinde
1004 949 1124 1006 campus
1147 930 1210 988 fuit.
1253 933 1344 988 Forte
1364 930 1406 988 ibi
1420 940 1474 985 tum

414 1051 498 1108 seges
519 1034 607 1092 farris
629 1036 734 1093 dicitur
755 1036 844 1093 fuisse
863 1043 979 1092 matura
993 1037 1089 1095 messi.
1135 1035 1228 1108 Quem
1244 1036 1339 1110 campi
1354 1035 1474 1092 fructum

416 1139 486 1214 quia
505 1139 672 1216 religiosum
697 1150 761 1199 erat
781 1160 966 1211 consumere,
997 1142 1143 1198 desectam
1166 1158 1231 1197 cum
1253 1149 1413 1198 stramento
1436 1159 1475 1196 se·

415 1254 509 1319 getern
532 1265 640 1321 magna
660 1246 706 1303 vis
727 1247 875 1304 homiuum
904 1247 990 1304 simul
1015 1246 1148 1303 immissa
1170 1245 1307 1302 corbibus
1329 1244 1431 1302 fudere
1450 1245 1475 1300 in

417 1350 546 1407 Tiberim
571 1351 650 1408 tenui
672 1353 808 1408 fluentem
830 1371 923 1426 aqua,
953 1360 986 1408 ut
1005 1351 1112 1416 ,mediis
1135 1349 1281 1406 caloribus
1303 1350 1386 1406 solet.
1434 1349 1477 1405 lta

385 1455 446 1515 lin
467 1457 551 1513 vadis
572 1458 738 1516 haesit-autes
758 1457 896 1516 frumenti
926 1475 1046 1514 acervos
1072 1453 1181 1512 sedisse
1211 1453 1300 1510 illitos
1322 1455 1409 1526 limo;
1438 1454 1476 1509 in·

417 1561 509 1617 sulam
531 1561 600 1617 inde
620 1562 771 1636 paulatim,
792 1571 822 1618 et
843 1561 917 1629 aliis,
940 1579 1004 1635 quae
1026 1560 1082 1616 fert
1104 1569 1212 1616 temere
1232 1561 1356 1628 flumen,
1379 1560 1474 1616 eodem

431 583 437 595 .
458 541 496 596 66
652 590 658 603 ,
752 537 831 587 Liber
847 538 883 587 11.
916 537 960 602 (A.
979 554 1004 586 u.
1025 553 1047 586 c.
1068 537 1141 600 245.)

1527 1237 1528 1300 l

1527 1305 1528 1332 l

1527 1339 1528 1384 l

415 1664 546 1732 invectis,
566 1664 691 1734 factam
741 1675 845 1740 postea
870 1667 957 1722 credo
979 1665 1093 1722 additas
1116 1666 1206 1722 moles
1227 1683 1375 1738 manuque
1397 1664 1475 1720 adiu·
1527 1677 1528 1696 ³

415 1778 492 1839 tum,
522 1778 635 1826 uttam
659 1771 787 1826 eminens
810 1789 880 1826 area
903 1771 1044 1845 firmaque
1076 1771 1191 1845 templis
1214 1788 1332 1845 quoque
1357 1788 1392 1826 ac
1414 1788 1475 1843 por·

386 1875 518 1932 blicibus
540 1875 713 1932 sustinendis
737 1884 822 1931 esset.
869 1874 999 1949 Direptis
1030 1876 1113 1932 bonis
1137 1894 1248 1951 regum,
1271 1875 1475 1949 demnatipro-

415 1979 523 2035 ditores
545 1987 749 2054 sumptumque
770 1980 958 2053 supplicium,
988 1980 1169 2055 conspectius
1191 1999 1236 2050 eo,
1270 1980 1349 2053 quod
1380 1996 1476 2054 poeuae

416 2085 563 2159 capiendae
586 2085 774 2142 ministerium
799 2086 934 2160 petride
957 2083 1055 2142 liberis
1079 2086 1245 2142 consulatus
1267 2085 1422 2158 imposuit,
1443 2091 1476 2149 et,
1527 2087 1528 2118 ³

417 2191 466 2265 qui
488 2201 635 2265 spectator
656 2200 719 2246 erat
740 2191 934 2260 amovendus,
965 2208 1030 2246 eum
1053 2187 1147 2262 ipsum
1171 2187 1290 2245 fortuna
1312 2198 1474 2246 exactorem
1527 2205 1528 2224 ³

385 2295 548 2370 dsupplicii
566 2296 653 2353 dedit.
698 2295 823 2355 Stabant
845 2295 964 2370 deligati
985 2294 1023 2349 ad
1045 2293 1145 2368 palum
1160 2293 1334 2350 nobilissimi
1347 2295 1477 2360 iuvenem

415 2400 466 2456 sed
489 2420 507 2456 a
529 2401 644 2470 ceteris,
678 2401 759 2457 velut
783 2403 822 2456 ab
845 2399 952 2474 ignotis
974 2399 1132 2473 capitibus,
1165 2399 1291 2456 consulis
1312 2399 1398 2456 liberi
1420 2417 1474 2454 om·
1527 2465 1528 2478 2

389 2543 391 2546 ⁴
415 2506 493 2562 nium
515 2505 545 2560 in
566 2523 598 2561 se
620 2514 786 2561 averterant
807 2505 922 2571 oculos,
944 2503 1158 2576 miserebatque
1180 2520 1239 2559 non
1261 2519 1364 2577 poenae
1386 2504 1474 2578 magis
1527 2481 1528 2544 l

385 2609 545 2665 lhomines
568 2627 655 2682 quam
684 2609 815 2676 sceleris,
851 2627 908 2682 quo
938 2627 1063 2682 poenam
1085 2608 1179 2664 meriti
1208 2619 1317 2678 essent:
1349 2609 1416 2666 illos
1444 2625 1473 2663 eo

414 2713 595 2788 potissimum
617 2732 694 2770 anno
716 2713 840 2789 patriam
863 2713 1028 2782 liberatam,
1052 2721 1165 2788 petrem
1187 2712 1387 2781 liberatorem,
1410 2732 1473 2771 con-

414 2818 539 2874 sulatum
563 2828 657 2875 ortum
680 2837 718 2876 ex
741 2819 828 2875 domo
849 2818 945 2888 lunia,
969 2826 1076 2892 patres,
1098 2817 1221 2890 plebem,
1251 2819 1391 2893 quicquid
1412 2821 1473 2876 den·
1527 2791 1528 2808 l

413 2942 477 2978 rum
500 2923 707 2997 hominumque
727 2925 927 2980 Romanorum
953 2931 1037 2992 esset,
1060 2921 1209 2979 induxisse
1230 2922 1259 2978 in
1282 2925 1427 2995 animum,
1447 2931 1474 2980 ut

383 3028 538 3101 8superbo
555 3029 700 3101 quondam
722 3029 794 3102 regi,
816 3038 878 3085 turn
900 3027 1005 3085 infesto
1021 3027 1113 3084 exsuli
1127 3026 1292 3101 proderent.
1338 3023 1473 3087 O‘onsules

412 3133 442 3187 in
470 3133 567 3192 sedem
606 3151 774 3207 processere
802 3152 886 3190 suam
922 3133 1059 3206 missique
1091 3132 1207 3188 lictores
1241 3131 1279 3188 ad
1307 3136 1472 3192 sumendum

413 3239 593 3314 supplicium.
640 3239 775 3295 Nudatos
785 3237 876 3311 virgis
892 3239 1005 3294 caedunt
1025 3237 1177 3310 securique
1191 3234 1308 3307 feriunt,
1333 3258 1423 3314 quum
1435 3239 1473 3294 in·

411 3353 457 3401 ter
479 3363 564 3401 omne
583 3352 697 3417 ternpus
728 3349 812 3415 pater
837 3341 992 3415 vultusque
1013 3349 1042 3396 et
1064 3357 1098 3395 os
1120 3340 1182 3396 eius
1204 3342 1372 3415 spectaculo
1395 3349 1472 3409 esset,

382 3448 555 3504 9eminente
580 3447 678 3503 animo
699 3445 794 3521 patrio
819 3445 895 3502 inter
912 3438 1035 3520 publicae
1058 3463 1159 3518 poenae
1181 3445 1383 3505 ministerium.
1427 3449 1473 3508 Se·

413 3551 538 3607 cundum
559 3571 684 3625 poenam
711 3550 892 3621 nocentium,
919 3558 952 3607 ut
975 3551 1005 3606 in
1026 3558 1180 3624 utramque
1209 3559 1322 3624 partem
1346 3553 1472 3612 arcendis

412 3657 568 3713 sceleribus
589 3654 754 3730 exemplum
774 3655 872 3710 nobile
893 3664 982 3725 esset,
1009 3654 1158 3730 praemium
1185 3654 1272 3711 indici
1294 3659 1420 3729 pecunia
1441 3674 1472 3712 ex

354 3762 399 3818 ,10
412 3761 530 3827 aerario,
558 3760 677 3817 libertas
699 3768 728 3814 et
749 3758 851 3815 civitas
874 3759 952 3819 data.
999 3759 1053 3815 Ille
1074 3758 1199 3833 primum
1222 3759 1327 3817 dicitur
1350 3763 1472 3819 vindicte

410 3865 563 3933 liberatus3
586 3863 703 3936 quidam
724 3862 859 3918 vindictae
882 3881 997 3937 quoque
1020 3881 1125 3920 nomen
1140 3871 1265 3920 tractum
1288 3867 1326 3922 ab
1351 3868 1403 3925 illo
1425 3887 1471 3943 pu·

411 3977 488 4037 tunt3
510 3968 646 4024 Vindicio
671 3968 728 4041 ipsi
748 3986 853 4024 nornen
875 3966 973 4024 fuisse.
1017 3969 1091 4024 Post
1111 3967 1192 4023 illum
1216 3969 1415 4043 observatum,
1436 3979 1494 4037 ut,·

414 4073 464 4146 qui
485 4073 526 4128 its
547 4071 661 4128 liberati
682 4081 787 4144 esseut,
809 4073 838 4128 in
860 4071 1007 4128 civitatem
1030 4073 1140 4146 accepti
1162 4073 1338 4134 viderentur.

316 4171 338 4237 ll
495 4177 567 4246 His,
589 4177 663 4233 sicut
683 4185 751 4233 acta
772 4185 869 4245 erant,
890 4177 1037 4243 nuntiatis,
1058 4177 1191 4233 incensus
1214 4178 1394 4252 Tarquinius
1419 4195 1471 4236 nou

410 4279 512 4337 dolore
532 4281 626 4338 solum
646 4289 733 4366 tantas
761 4281 799 4338 ad
826 4281 940 4338 irritum
963 4281 1091 4338 cadentis
1114 4281 1191 4356 spei,
1221 4283 1272 4338 sed
1296 4283 1384 4339 etiam
1409 4283 1471 4340 odio
