3392 5084
487 495 545 552 22⁸
746 491 824 542 Liber
838 491 887 541 1v.
920 492 1206 554 (tusses-eso)

410 676 561 752 tproelio‚
601 675 731 734 territum
764 684 894 734 cesserat
926 674 1067 744 flammis,
1107 675 1232 734 neuun-it
1267 676 1400 750 clareque
1425 693 1476 731 voe

446 784 597 852 „Fumone
626 781 713 839 vieti*
739 780 847 856 iuquit,
883 782 981 852 „velut
1013 799 1137 838 examen
1168 780 1283 856 epium
1314 781 1378 838 loeo
1405 789 1477 837 vestro

443 887 539 944 exsuti
569 886 671 944 inermi
703 885 811 944 cedetis
843 883 941 942 hosti?
978 885 1048 941 Non
1075 884 1155 942 ferro
1189 885 1377 961 exstinguetis
1403 883 1477 960 ignee?
1512 966 1513 971 η

441 993 510 1050 Nou
532 990 612 1049 faces
635 993 688 1048 hes
710 990 790 1064 ipses
812 1008 867 1065 pro
889 1008 921 1046 se
944 991 1081 1064 quisque,
1109 990 1135 1046 si
1162 990 1237 1065 igni,
1266 1009 1328 1047 non
1348 988 1408 1046 telis
1426 1007 1478 1064 pug-

387 1143 392 1154 .
412 1097 569 1154 inondum
591 1106 649 1166 est,
680 1105 794 1170 ereptus
817 1094 893 1152 ultro
921 1093 1071 1152 inferetis?
1099 1094 1203 1170 Agite,
1230 1096 1357 1153 nominis
1382 1094 1479 1152 Romani

352 1184 356 1196 ¹
442 1220 476 1260 ee
498 1202 612 1260 virtutis
633 1209 748 1276 patrum
771 1210 934 1274 vestraeque
962 1219 1107 1258 memores
1127 1200 1230 1258 vertite
1257 1200 1416 1258 incendium
1440 1201 1478 1256 hoe

441 1307 470 1365 in
491 1307 618 1366 hostium
640 1307 751 1375 urbem,
771 1314 800 1362 et
821 1306 881 1362 suis
903 1305 1029 1363 flammis
1047 1306 1141 1363 delete
1151 1305 1288 1376 Fidenas,
1312 1323 1385 1380 quus
1402 1302 1478 1361 vestris
1512 1380 1514 1383 Ι

441 1413 586 1470 benefieiis
606 1413 727 1487 plaeere
755 1429 814 1467 non
836 1411 981 1486 potuistis.
1029 1411 1207 1487 Legetorum
1235 1412 1293 1468 hoo
1322 1429 1376 1467 vos
1395 1419 1478 1466 vestro

409 1518 503 1574 tirum
536 1517 765 1589 colonorumque
795 1516 915 1590 sanguis
946 1515 1113 1590 vastatique
1146 1519 1220 1573 fines
1255 1520 1402 1573 monent“
1445 1514 1479 1571 Al

438 1621 592 1698 imperium
615 1621 764 1678 dictatoris
785 1632 866 1679 motu
888 1629 992 1678 cuneta
1014 1621 1099 1680 ecies.
1149 1622 1244 1679 Faces
1265 1622 1375 1696 partim
1395 1621 1480 1678 emisse

439 1728 629 1802 excipiuntur,
650 1725 757 1801 partim
781 1726 811 1783 vi
834 1727 1007 1802 eripiuntur3
1037 1736 1162 1800 utruque
1183 1726 1261 1784 eeies
1282 1731 1416 1785 armetur
1430 1723 1479 1800 igni
1512 1726 1514 1729 ’

409 1832 581 1907 lMegist-er
604 1831 732 1905 equitum
755 1841 784 1888 et
812 1831 876 1907 ipse
895 1841 988 1888 novet
1013 1851 1142 1908 pugnem
1166 1841 1343 1907 equestrem.
1395 1834 1480 1889 Frenos

439 1947 471 1994 ut
492 1937 647 1993 detrahunt
669 1937 761 2010 equis,
783 1937 917 2012 imperet,
939 1945 968 1992 et
987 1927 1050 2012 ipse
1074 1937 1224 2012 princeps,
1254 1938 1414 1996 celestibus
1432 1936 1480 1993 suu

440 2025 657 2112 dilueremus,
688 2041 798 2100 effreno
822 2061 897 2116 equo
926 2041 956 2098 iu
984 2041 1097 2098 medios
1126 2042 1209 2118 ignes
1228 2039 1369 2113 infertur,
1401 2039 1481 2099 etalii

409 2145 577 2204 8eonoitati
598 2147 666 2221 equi
688 2147 781 2206 libero
803 2165 890 2205 eursu
911 2145 1009 2203 ferunt
1029 2147 1156 2220 equitem
1183 2148 1364 2215 inhostem.
1404 2144 1481 2204 Pulvis

439 2252 531 2310 elutus
553 2253 719 2334 mixtusque
749 2252 831 2310 fumo
861 2253 955 2310 lucem
977 2271 1016 2308 ex
1037 2251 1129 2309 onmis
1153 2251 1283 2309 virorum
1307 2268 1482 2328 equorumque

438 2357 542 2417 aufert.
586 2359 642 2429 Ea,
664 2378 729 2433 quae
751 2359 870 2424 militem
885 2367 1037 2428 terruerat,
1059 2356 1170 2432 species
1183 2357 1255 2414 nihil
1276 2358 1382 2416 tenuit
1401 2373 1481 2430 equos:

436 2464 527 2520 ruiuae
554 2463 642 2536 igitur
669 2462 791 2520 similem
820 2471 949 2537 stragem
981 2481 1086 2536 eques,
1119 2481 1293 2536 quecunque
1327 2470 1481 2537 pervaserat

405 2568 525 2628 9dedit.
586 2566 706 2624 Clamor
739 2569 843 2626 deiude
873 2567 979 2625 uoeidit
1010 2586 1117 2636 novus3
1149 2567 1200 2642 qui
1233 2586 1326 2642 quum
1354 2578 1482 2639 utrumque

437 2673 639 2730 mirabundam
660 2660 693 2732 iu
712 2691 744 2730 se
774 2674 868 2731 eoiem
889 2673 1040 2744 vertisset,
1066 2673 1192 2731 dictator
1212 2673 1384 2744 exclamet„
1398 2671 1481 2745 Quiue

436 2777 508 2835 tium
530 2777 657 2853 legatum
687 2787 717 2836 et
744 2797 813 2836 suos
837 2779 875 2836 eb
896 2788 979 2853 tergo
1000 2779 1113 2836 hostem
1136 2779 1271 2843 adortum
1295 2778 1362 2854 ipse
1382 2778 1481 2836 redinte
1512 2760 1514 2763 ¹

387 2888 422 2941 10
435 2891 521 2958 grato
549 2882 676 2940 elamore
708 2882 795 2941 infert
825 2883 921 2941 aerius
950 2884 1043 2959 signs.
1098 2883 1194 2957 Quum
1225 2881 1291 2940 duee
1322 2884 1416 2954 ecies,
1441 2881 1482 2937 duo

436 2987 552 3044 diverse
578 2988 683 3063 proeliu
705 2988 917 3046 circumventos
938 2990 1080 3047 Etruscos
1104 2998 1133 3046 et
1154 3007 1172 3045 a
1192 2987 1289 3045 fronte
1310 2998 1344 3045 et
1364 2989 1402 3046 ub
1421 2997 1482 3058 tergo

435 3101 580 3168 urgerent,
601 3111 697 3168 neque
717 3093 747 3149 in
767 3102 865 3151 eastre
885 3104 964 3152 retro
986 3103 1081 3170 neque
1101 3094 1131 3150 in
1153 3107 1276 3163 montes,
1298 3096 1378 3153 unde
1399 3113 1428 3151 se
1445 3109 1482 3147 no·

435 3217 489 3256 vus
511 3199 603 3256 hostis
626 3198 788 3269 obiecerat,
819 3199 875 3256 iter
902 3199 981 3275 ingre
1001 3209 1093 3270 esset,
1120 3209 1149 3255 et
1170 3197 1296 3272 equitem
1328 3199 1435 3275 passim
1458 3197 1482 3251 li·

435 3305 496 3361 beri
519 3304 609 3390 irenis
631 3302 808 3362 distulissent
830 3305 907 3378 equi,
930 3305 1095 3362 Veientium
1118 3305 1248 3362 maxime
1277 3323 1351 3380 pers
1374 3301 1483 3363 Tiberim
1512 3374 1513 3393 ἢ

435 3406 519 3465 effusi
540 3417 655 3483 petunt,
682 3410 869 3468 Fidenatium
900 3409 950 3483 qui
977 3420 1146 3484 supersunt,
1171 3397 1214 3467 'ed
1241 3411 1346 3468 urbem
1377 3410 1483 3467 Fidenas
1512 3410 1513 3423 ¹

386 3519 420 3574 ll
434 3513 564 3570 tendunt.
609 3513 702 3571 Infert
722 3515 847 3590 pavidos
860 3513 941 3589 rfuge
960 3513 992 3570 iu
1005 3516 1131 3573 mediam
1146 3517 1271 3585 eaedem3
1292 3516 1483 3572 obtruncantur

434 3617 464 3674 in
485 3617 565 3692 ripis.
614 3619 700 3677 Alios
728 3620 757 3676 in
787 3637 895 3696 equum
925 3620 1091 3696 compulsos
1111 3621 1241 3697 gurgites
1267 3618 1382 3692 ferunt3
1414 3619 1482 3677 etiam

432 3723 542 3798 peritos
563 3724 652 3782 nandi
673 3726 815 3784 lassitudo
843 3734 873 3784 et
893 3724 1016 3783 vulnera
1037 3735 1066 3782 et
1093 3747 1188 3803 pavor
1209 3727 1388 3803 degravant3
1416 3723 1484 3802 pauci

410 3862 412 3873 ι
433 3845 471 3883 ex
493 3828 589 3886 multis
611 3839 736 3888 tranent.
786 3831 922 3890 Alterum
944 3851 1050 3907 sgmeu
1077 3831 1170 3889 fertur
1197 3826 1250 3907 per
1275 3843 1375 3891 eastre
1401 3833 1430 3890 in
1448 3848 1483 3885 ur·

384 3932 419 3990 12
433 3933 508 3992 bem.
551 3937 665 3994 Eodem
687 3946 717 3995 et
738 3939 889 3996 Romanos
910 3946 1064 4012 sequentes
1085 3936 1210 4010 impetus
1223 3938 1311 4013 repit,
1334 3936 1484 4011 Quinotium

399 4081 402 4090 .
432 4041 559 4098 maxime
581 4051 688 4100 etcum
711 4061 746 4100 eo
766 4043 919 4116 degressos
934 4041 1022 4097 modo
1043 4041 1080 4098 de
1094 4041 1250 4110 montibus,
1270 4042 1484 4100 recentissimum

338 4137 382 4206 34
432 4145 470 4203 ud
492 4146 623 4204 laborem
645 4145 774 4217 militem,
804 4145 875 4220 quis
894 4147 997 4204 ultimo
1019 4146 1123 4222 proelio
1145 4147 1313 4204 advenerat.
1355 4147 1400 4205 Hi
1417 4155 1484 4232 post·

433 4269 519 4324 quum
554 4250 636 4308 mixti
667 4251 799 4308 hostibus
821 4259 938 4326 portem
972 4251 1134 4321 intravere,
1167 4246 1198 4308 in
1230 4271 1330 4310 muros
1361 4253 1484 4315 eredunt·
