3392 5084
487 511 522 567 ts
730 512 807 563 Liber
825 512 873 563 VI.
910 513 958 575 (Α.
971 527 995 561 n
1010 528 1032 561 c
1045 514 1206 575 ass-aro.)
1262 556 1268 584 ,

442 702 528 769 atque
559 694 624 753 ideo
657 715 716 755 non
737 698 890 769 habuisse,
921 698 1000 771 quod
1029 707 1091 755 tum
1111 698 1310 774 responderam
1341 699 1387 756 cui
1406 716 1478 755 servo

413 800 569 878 tunquam
597 804 737 861 mendacii
764 822 882 880 poenam
908 802 1024 860 vincula
1051 802 1158 861 luisse?
1212 804 1282 860 Non
1313 806 1480 862 obversatam

442 928 505 967 esse
527 908 695 967 memoriam
717 910 809 969 noctis
829 910 923 981 illius,
954 927 1018 984 qure
1046 928 1128 985 paene
1153 908 1255 966 ultima
1283 920 1369 985 utque
1389 919 1482 966 aterna

370 1060 374 1071 ,
442 1013 551 1071 nomini
570 1015 704 1073 Romano
733 1014 838 1073 fuerit?
878 1035 937 1074 nou
962 1017 1087 1092 speciem
1116 1016 1240 1092 agminis
1268 1014 1418 1074 Gallorum
1441 1035 1484 1091 per
1516 1013 1518 1096 l

443 1120 598 1195 Tarpeiam
628 1140 728 1197 rupem
757 1119 943 1188 scandentis?
974 1140 1033 1179 nou
1060 1122 1150 1196 ipsius
1172 1122 1213 1182 M.
1237 1123 1355 1193 Manlii,
1383 1122 1484 1196 qudem
1516 1149 1518 1176 :

442 1244 507 1283 eum
529 1234 688 1297 armatum,
719 1228 835 1303 plenum
857 1228 971 1285 sudoris
993 1246 1028 1285 ac
1048 1227 1220 1301 sauguinis,
1238 1228 1303 1303 ipso
1325 1246 1407 1303 pane
1426 1228 1485 1284 Iove
1516 1255 1518 1258 ·

412 1332 541 1407 berepto
556 1352 593 1389 ex
607 1334 733 1390 hostium
748 1333 891 1404 manibus,
906 1332 1065 1391 vidissent?
1102 1333 1259 1392 Selibrisne
1273 1333 1362 1391 farris
1375 1333 1483 1409 graban

442 1439 583 1496 servatori
596 1439 699 1513 patrie
719 1438 861 1498 relatam?
883 1449 911 1496 et
933 1458 1018 1514 quem
1040 1458 1132 1515 prope
1153 1439 1308 1511 caelestem,
1331 1440 1486 1515 cognomine

442 1552 519 1603 certe
540 1542 703 1620 Capitolino
730 1546 794 1603 Iovi
823 1564 923 1620 parem
953 1544 1088 1614 fecerint,
1128 1563 1192 1602 eum
1224 1546 1289 1620 pati
1316 1546 1441 1602 vinctum
1465 1543 1488 1599 iu

442 1668 566 1721 carcere,
587 1651 617 1707 in
631 1652 757 1711 tenebris
772 1650 929 1710 obnoxiam
944 1649 1085 1708 carnificis
1100 1652 1220 1709 arbitrio
1235 1651 1345 1709 ducere
1356 1648 1488 1709 animam?

443 1756 528 1813 Adeo
555 1756 586 1811 in
613 1774 670 1813 uno
702 1758 834 1815 omnibus
865 1756 935 1814 satis
964 1756 1064 1813 auxilii
1090 1756 1196 1829 fuisse,
1226 1758 1338 1815 nullum
1368 1757 1490 1833 opemiu

313 1926 322 1949 ι
414 1852 501 1917 fitam
523 1860 619 1917 multis
643 1862 693 1919 uui
715 1862 798 1921 esse?
840 1864 904 1921 Iam
926 1881 963 1919 ne
977 1870 1062 1919 nocte
1083 1863 1197 1937 quidem
1221 1866 1309 1922 turba
1330 1849 1371 1921 ex
1391 1884 1425 1921 eo
1438 1863 1490 1919 loco

444 1962 638 2038 dilabebatur,
648 1968 882 2044 refracturosque
896 1987 1039 2025 carcerem
1055 1968 1248 2041 minabantur,
1268 1990 1360 2045 quum
1375 1969 1492 2030 remisso.

445 2073 522 2147 quod
562 2076 687 2149 erepturi
721 2084 818 2144 erant,
866 2092 919 2152 exx
941 2082 1057 2131 senatus
1097 2075 1228 2132 consulto
1263 2076 1398 2133 Manlius
1443 2075 1493 2129 vin·

444 2180 494 2237 clis
514 2180 668 2252 liberatur3
699 2198 757 2255 quo
779 2179 858 2238 facto
881 2197 940 2236 nou
962 2178 1065 2235 seditio
1088 2180 1184 2251 finita,
1214 2182 1266 2239 sed
1287 2182 1351 2238 dux
1374 2180 1493 2239 seditioni

444 2286 529 2343 datus
551 2294 602 2343 est.

415 2396 431 2448 7
526 2392 585 2448 Per
599 2393 715 2449 eosdem
732 2392 793 2449 dies
808 2390 922 2449 Latinis
935 2398 965 2446 et
975 2390 1119 2462 Hernicis,
1132 2392 1219 2450 simul
1233 2392 1347 2450 colonis
1362 2391 1495 2450 Circeien-

444 2497 523 2553 sibas
544 2506 574 2555 et
595 2518 613 2555 a
635 2497 771 2569 Velitris,
801 2496 992 2575 purgantibus
1013 2515 1046 2553 se
1068 2496 1170 2555 Volsci
1190 2499 1311 2556 crimine
1340 2499 1414 2556 belli
1440 2514 1497 2571 cap·

443 2604 575 2677 tivosque
598 2604 810 2680 repetentibus,
837 2612 871 2661 ut
890 2602 951 2659 suis
971 2601 1083 2677 legibus
1104 2602 1133 2657 in
1155 2621 1207 2660 eos
1231 2603 1518 2672 animadverterent

443 2708 537 2766 tristia
557 2728 697 2785 respousa
718 2709 847 2781 reddita,
879 2708 1007 2765 tristiora
1024 2707 1150 2779 colonis,
1178 2709 1258 2783 quod
1282 2709 1364 2765 cives
1384 2704 1497 2767 Romani

415 2815 544 2890 spatriae
565 2816 765 2891 oppugnanda
785 2814 912 2872 nefanda
940 2814 1061 2871 consilia
1087 2813 1214 2873 inissent.
1273 2814 1346 2872 Non
1370 2823 1495 2890 negatum

443 2920 541 2994 itaque
562 2928 672 2978 tantum
695 2922 732 2978 de
753 2920 892 2995 captivis,
918 2919 984 2989 sed,
1011 2919 1042 2975 iu
1063 2938 1121 2994 qno
1142 2920 1181 2976 ab
1202 2920 1289 2976 sociis
1312 2929 1417 2977 tamen
1438 2928 1497 2975 tem·

444 3035 626 3102 paraverant,
649 3027 845 3084 denuntiatum
868 3033 985 3083 senatus
1007 3025 1113 3096 verbis,
1133 3023 1312 3082 facesserent
1330 3044 1457 3102 propere
1469 3040 1498 3078 ax

444 3132 515 3189 urbe
536 3132 573 3189 ab
597 3151 647 3189 ore
674 3138 761 3206 atque
788 3130 881 3189 oculis
907 3131 1008 3207 populi
1029 3131 1168 3201 Romani,
1199 3150 1237 3187 ne
1260 3130 1335 3187 nihil
1355 3149 1412 3188 eos
1431 3131 1498 3203 legu-

445 3238 531 3295 tionis
551 3237 605 3308 ius,
628 3248 757 3309 externo,
779 3258 836 3297 non
859 3237 916 3296 civi
936 3245 1145 3313 comparatum,
1167 3245 1286 3311 tegeret.

351 3342 394 3412 18
528 3344 758 3402 Recrudescente
778 3343 930 3401 Manliana
947 3343 1097 3413 seditione,
1118 3342 1172 3399 sub
1196 3341 1276 3398 exitu
1299 3342 1371 3399 anui
1394 3340 1501 3399 comitia

272 3450 562 3521 A.u.c.sto.habita‚
603 3450 749 3525 mestique
784 3450 892 3507 tribuni
927 3448 1048 3506 militum
1083 3447 1229 3505 consulari
1259 3456 1411 3523 potestate
1445 3447 1518 3505 ser..

280 3532 367 3585 Μὴ·
375 3540 436 3584 ³⁸4·
448 3549 599 3613 Cornelius
628 3555 840 3631 Maluginensis
871 3555 989 3625 iterum,
1024 3555 1061 3613 P.
1082 3552 1231 3610 Valerius
1245 3553 1366 3611 Potitus
1395 3556 1499 3612 iterum.

448 3661 490 3717 Μ.Ι
511 3660 616 3717 Furius
646 3659 786 3718 Camillus
819 3660 964 3734 quintum,
996 3660 1060 3719 Ser.
1082 3657 1227 3733 Sulpicius
1257 3657 1357 3717 Rufus
1394 3661 1500 3718 iterun.

417 3764 481 3825 2C.
505 3764 639 3841 Papirius
663 3765 797 3835 Crassus,
819 3766 857 3827 T.
874 3764 1024 3839 Quinctius
1045 3763 1232 3823 Cincinnatus
1251 3765 1371 3822 iterum.
1420 3764 1500 3823 Cuius

447 3870 586 3947 principio
611 3872 678 3933 anui
700 3882 729 3930 et
752 3872 883 3950 patribus
909 3881 937 3929 et
962 3872 1040 3948 plebi
1065 3881 1281 3947 peropportune
1303 3880 1429 3928 externe
1448 3888 1501 3946 pax

447 3978 532 4049 data,
561 3979 654 4055 plebi,
686 3979 769 4053 qnod
786 3996 846 4035 non
867 3986 992 4035 avocata
1013 3977 1118 4035 dilectu
1139 3995 1219 4052 spem
1241 3976 1328 4052 capit,
1357 3977 1427 4034 dum
1447 3986 1500 4032 tan

447 4093 593 4160 potentem
608 4084 730 4142 haberet
747 4086 859 4153 ducem,
880 4082 989 4140 fenoris
1010 4082 1203 4159 expugnandi,
1224 4082 1371 4158 patribus,
1391 4100 1429 4139 ne
1449 4098 1500 4155 quo

450 4199 569 4249 externo
601 4200 711 4248 terrore
747 4197 938 4248 avocarentur
967 4189 1057 4247 animi
1090 4190 1128 4245 ab
1166 4167 1310 4246 sanandis¹
1342 4185 1499 4245 domesticis

416 4296 543 4355 3malis.
601 4295 694 4370 Igitur
728 4314 815 4370 quum
846 4313 914 4370 pars
946 4303 1069 4367 utraque
1102 4293 1197 4353 acrior
1223 4278 1377 4369 aliquanto
1405 4301 1499 4351 coorta
