3392 5084
474 484 531 539 154
639 499 641 506 ¹
761 477 905 531 Liber-11,
945 476 1152 542 (A.u.c.484.)

333 661 374 730 12
429 667 564 726 Romana
594 643 724 721 inviolati
756 661 912 720 redierunt.
965 662 1144 722 Samnitibus
1178 681 1233 738 pro
1261 663 1380 738 superba
1403 681 1469 738 pace

427 769 641 828 infestissimum
667 767 847 826 cernentibus
874 777 1006 826 renatum
1035 769 1142 827 bellurn
1163 769 1275 840 omnia,
1296 787 1358 843 qne
1375 769 1470 826 deinde

398 879 598 944 leuauerunt,
626 893 685 932 non
704 874 736 932 iu
760 873 863 930 animis
882 874 987 945 solum,
1007 876 1060 932 sed
1080 893 1172 951 prope
1193 875 1223 931 in
1244 875 1333 932 oculis
1351 893 1428 943 csse,
1447 884 1472 930 et

428 1000 494 1038 sero
526 999 561 1039 ac
593 981 784 1056 nequicquam
805 981 938 1064 ¹laudare
971 981 1049 1038 senis
1077 980 1178 1038 Pontii
1208 989 1331 1054 utraque
1354 980 1473 1048 consilia,

428 1087 503 1145 inter
527 1105 591 1162 quas
612 1106 643 1145 se
666 1087 761 1146 media
780 1086 881 1161 lapsos
902 1089 948 1143 uto
966 1087 1095 1145 victorias
1114 1085 1329 1162 possessionem
1347 1105 1417 1162 pace
1435 1087 1474 1142 in·

428 1203 508 1250 certa
529 1200 656 1250 mutasse
684 1201 722 1264 et,
745 1192 876 1250 beneficii
897 1202 927 1249 et
944 1193 1078 1252 maleficii
1100 1193 1254 1251 occasione
1275 1179 1389 1263 amissa,
1410 1211 1475 1267 pug·

428 1309 548 1356 naturos
573 1317 637 1357 cum
663 1298 721 1368 eis,
752 1317 825 1374 quos
851 1298 998 1372 potuerint
1025 1300 1056 1356 in
1082 1309 1253 1374 perpetuum
1281 1299 1330 1355 vel
1355 1299 1476 1356 inimicos

398 1404 529 1464 3tollere
550 1405 597 1461 vel
624 1405 734 1462 amicos
759 1403 866 1462 facere.
915 1404 1067 1479 Adeoque,
1088 1405 1238 1463 nullodum
1260 1405 1415 1462 certamine
1439 1405 1475 1460 in·

430 1509 542 1568 clinatis
570 1509 690 1578 viribus,
723 1519 790 1585 post
811 1507 972 1566 Caudinam
995 1529 1098 1585 pacem
1126 1511 1215 1568 animi
1235 1521 1433 1576 mutaverant,
1450 1518 1478 1565 ut

428 1616 579 1674 clariorem
608 1615 682 1672 inter
708 1617 858 1672 Romanos
887 1616 994 1674 deditio
1022 1617 1203 1675 Postumium
1232 1635 1322 1692 quam
1350 1617 1477 1674 Pontium

398 1723 580 1781 ‹lincruenta
600 1720 723 1778 victoria
743 1721 818 1778 inter
838 1723 984 1780 Samnites
998 1722 1117 1793 iaceret,
1138 1732 1166 1780 et
1188 1722 1251 1798 geri
1271 1740 1361 1797 posse
1380 1722 1477 1778 bellum

429 1827 554 1886 Romani
573 1845 628 1902 pro
650 1826 771 1884 victoria
792 1837 872 1884 certa
892 1829 1042 1900 haberent,
1062 1828 1207 1887 Samnites
1227 1828 1317 1885 simul
1333 1828 1479 1885 rebellasse

429 1943 458 1990 et
478 1932 580 1990 vicisse
601 1931 750 1990 crederent
771 1935 945 1994 Romanum.

399 2045 416 2098 5
511 2040 591 2096 Inter
612 2039 673 2096 haec
695 2038 838 2098 Satricani
861 2041 899 2097 ad
919 2040 1064 2100 Samnites
1084 2039 1266 2110 defecerunt,
1297 2048 1328 2096 et
1349 2038 1482 2114 Fregellae

429 2145 543 2202 colonia
570 2145 742 2220 necopinato
774 2145 901 2202 adventu
932 2145 1104 2204 Samnitium
1132 2140 1236 2221 (fuisse
1262 2152 1292 2202 et
1320 2145 1482 2203 Satricanos

428 2270 493 2309 cum
512 2251 546 2307 iis
567 2251 637 2307 satis
652 2249 781 2328 constat)
802 2262 887 2308 nocte
908 2261 1051 2326 occupata
1065 2261 1117 2308 est
1162 2251 1267 2308 Timor
1283 2251 1352 2308 inde
1374 2262 1483 2308 mutuus

399 2361 566 2431 butrosque
581 2329 686 2430 'usque
716 2357 754 2413 ad
775 2356 867 2413 lucam
896 2357 1009 2432 quietos
1031 2335 1152 2425 tenuit3'
1167 2357 1218 2414 lux
1240 2375 1347 2432 pugna
1378 2358 1483 2414 initium

429 2463 492 2533 fuit,
513 2481 599 2537 quam
622 2461 799 2536 aliquamdiu
821 2481 944 2537 aequam,
966 2473 995 2519 et
1016 2463 1084 2536 quia
1096 2481 1150 2538 pro
1174 2461 1232 2520 aris
1255 2481 1291 2519 ac
1312 2464 1388 2522 focis
1407 2464 1484 2520 dimi·

430 2568 559 2637 cabatur,
581 2575 611 2624 et
632 2568 700 2642 quia
724 2588 761 2626 ex
780 2569 863 2626 tectis
884 2569 1043 2626 adiuvabat
1062 2568 1185 2626 imbellis
1206 2568 1374 2638 multitudo,
1393 2579 1487 2625 tamen

399 2674 592 2749 'lFregellani
621 2673 824 2732 sustinuerunt.
878 2676 974 2732 Fraus
1002 2675 1106 2732 deinde
1125 2693 1186 2730 rem
1213 2673 1380 2742 inclinavit,
1410 2673 1488 2747 quod

431 2799 531 2836 vocem
555 2780 648 2837 audiri
674 2780 814 2854 praeconis
840 2780 921 2855 paesi
948 2790 1031 2850 sunt,
1059 2780 1231 2837 incolumem
1253 2779 1418 2842 abiturum,
1440 2779 1489 2853 qni

429 2905 512 2942 arma
543 2886 697 2962 posuisset.
752 2887 798 2944 Ea
827 2903 894 2960 spes
925 2885 1036 2943 remisit
1063 2905 1082 2942 a
1113 2885 1271 2942 certamine
1300 2884 1430 2949 animos,
1464 2893 1491 2940 et

399 2992 536 3066 Spassim
571 3010 653 3048 arma
683 2991 786 3048 iactari
817 3001 921 3066 coepta.
971 2991 1158 3049 ,Pertinacior
1186 3009 1257 3067 pars
1291 3000 1406 3046 armeta
1439 3009 1491 3064 per

429 3116 562 3154 aversam
585 3107 698 3172 portam
722 3098 823 3174 erupit,
851 3096 999 3171 tutiorque
1027 3097 1069 3154 eie
1097 3095 1223 3152 audacia
1249 3094 1307 3152 fuit
1335 3114 1422 3170 quarn
1448 3096 1490 3152 in·

429 3214 529 3261 cautus
558 3204 596 3268 ad
626 3203 796 3261 credendum
824 3201 926 3260 ceteris
947 3220 1056 3276 pavor,
1092 3219 1166 3275 quos
1196 3202 1393 3258 circumdatos
1421 3202 1490 3275 igni,

427 3310 617 3385 nequicquam
650 3310 720 3366 deos
751 3309 895 3384 fidemque
925 3307 1110 3376 invocantes,
1145 3306 1292 3366 Samnites
1321 3325 1490 3365 concrema·

349 3477 353 3486 ,
426 3425 539 3474 rerunt.

397 3520 414 3574 9
511 3517 650 3576 Consules
668 3520 742 3577 inter
763 3537 794 3576 se
815 3520 914 3594 partiti
936 3510 1117 3595 proridcias,
1140 3518 1275 3594 Papirius
1296 3519 1327 3576 in
1348 3520 1488 3595 Apuliam

428 3624 466 3681 ad
488 3624 638 3682 Luceriam
660 3626 768 3701 pergit,
795 3625 844 3683 nbi
866 3626 977 3700 equites
998 3625 1123 3683 Romani
1145 3624 1261 3682 obsides
1282 3625 1322 3682 ad
1345 3624 1489 3683 Caudium
1513 3628 1515 3701 l

428 3731 488 3788 dati
509 3731 757 3801 custodiebantur,
779 3731 921 3789 Publilius
935 3732 964 3788 iu
979 3730 1099 3789 Samnio
1113 3731 1240 3788 substitit
1254 3733 1397 3790 adverm
1411 3731 1488 3789 Cau·
1513 3708 1515 3721 y

379 3837 414 3892 10
428 3837 511 3894 diues
531 3836 668 3912 legiones.
712 3837 859 3894 Distendit
879 3855 975 3894 cares
993 3836 1166 3895 Samnitium
1188 3838 1311 3908 animos,
1334 3838 1414 3912 quod
1436 3855 1488 3894 nec

428 3945 467 4002 ad
488 3944 641 4002 Luceriam
662 3941 715 4012 ire,
737 3961 773 3998 ne
794 3944 833 4000 ah
855 3952 938 4018 tergo
961 3943 1084 3999 instaret
1103 3941 1205 4011 boetis,
1227 3928 1280 4000 nec
1300 3963 1430 4013 manere,
1454 3963 1487 4000 ne

380 4051 411 4104 ll
428 4049 553 4108 Luceria
574 4047 685 4104 interim
709 4049 898 4119 amitteretur,
925 4048 996 4106 satie
1018 4048 1174 4106 audebant.
1217 4047 1369 4123 Optimum
1393 4050 1486 4106 νίειιω

304 4131 307 4136 ’
428 4165 472 4212 est
494 4155 671 4212 committere
692 4173 752 4212 rem
777 4153 901 4213 fortuna
932 4164 961 4212 et
987 4153 1148 4228 maurigena
1175 4173 1241 4212 cnm
1269 4153 1399 4211 Publilio
1426 4173 1486 4212 cer·

335 4253 375 4322 13
427 4267 542 4330 tamen;
564 4261 662 4334 itaque
682 4261 712 4316 in
734 4260 823 4318 aciem
843 4260 944 4335 copias
959 4261 1092 4320 educunt.
1136 4261 1287 4344 Adversus
1300 4277 1376 4334 quos
1386 4260 1486 4319 Publi·
