3392 5084
454 470 493 527 52
885 468 963 519 Liber
981 468 1001 519 1.

380 652 470 727 2quo
492 651 597 711 civium
609 650 725 709 animos
735 651 815 709 domi
825 661 1019 728 oppresserat,
1042 651 1154 710 Latinis
1176 651 1312 709 inliceret.
1356 653 1393 709 Ει
1406 654 1482 726 quia

409 776 465 835 pro
486 757 608 833 imperio
629 756 728 832 pelam
749 756 872 817 interfici
892 776 950 815 non
972 764 1103 833 poterat,
1130 757 1229 814 oblato
1255 756 1332 813 falso
1358 758 1476 815 crimine

409 847 554 922 insontem
575 862 728 939 oppressit.
770 863 831 920 Per
857 864 988 921 edversae
1010 861 1146 921 factionis
1175 862 1317 935 quosdam
1340 862 1476 919 Aricinos

367 1015 369 1020 .
410 987 526 1026 servum
558 966 652 1026 Turni
683 985 755 1025 auro
787 968 930 1044 corrupit,
971 978 1004 1026 ut
1033 969 1063 1025 in
1094 967 1292 1025 deversorium
1325 966 1386 1023 eius
1416 967 1474 1023 vim

380 1074 549 1148 3magnam
570 1071 734 1147 gladiorum
755 1070 856 1129 inferri
877 1072 952 1129 clem
973 1072 1089 1129 sineret.
1132 1072 1179 1129 Ea
1202 1088 1290 1147 quum
1312 1090 1370 1129 una
1391 1082 1482 1129 noete¹

411 1176 673 1253 pertentassent,
704 1177 897 1251 Tarquinius,
926 1177 1015 1253 paulo
1044 1185 1112 1234 ente
1134 1176 1227 1235 lucem
1251 1178 1349 1235 accitis
1376 1178 1413 1234 ad
1446 1196 1481 1233 se.
1532 1240 1533 1257 1

410 1282 588 1359 principibus
599 1282 782 1354 Latinorum,
803 1283 888 1358 quasi
909 1301 941 1339 re
961 1300 1040 1339 nova
1051 1283 1247 1358 perturbatus,
1268 1302 1381 1341 moram
1393 1300 1476 1340 suam

410 1389 586 1459 hesternam,
607 1387 687 1445 velut
708 1388 829 1446 deorum
853 1387 979 1462 quadam
1000 1388 1183 1463 providentie
1194 1387 1315 1462 illatam,
1339 1388 1380 1445 ait
1391 1387 1479 1445 saluti
1532 1372 1533 1383 ¹

380 1493 467 1551 ‹lsibi
488 1501 577 1567 atque
597 1493 654 1550 illis
674 1493 773 1553 fuisse.
816 1494 867 1551 Ab
879 1494 981 1551 Turno
1003 1492 1059 1550 dici
1081 1493 1137 1551 sibi
1158 1494 1475 1569 etprimoribuspopu·

411 1598 506 1655 lorum
538 1599 637 1673 parari
665 1616 781 1666 necem,
820 1606 853 1656 ut
880 1598 1050 1655 Latinorum
1080 1597 1158 1654 solus
1191 1599 1344 1674 imperium
1371 1607 1474 1655 teneat.
1532 1668 1533 1691 χ

412 1708 630 1779 Aggressurum
650 1702 740 1761 fuisse
760 1705 896 1762 hesterno
919 1702 965 1759 die
986 1702 1016 1757 iu
1037 1702 1174 1777 concili03
1197 1704 1316 1761 dilatam
1332 1722 1392 1760 rem
1405 1722 1480 1772 esse?

382 1810 493 1884 5quod
514 1817 617 1866 auctor
637 1808 751 1865 concilii
771 1808 886 1879 afuerit,
909 1825 993 1882 quem
1006 1808 1133 1866 maxime
1144 1817 1263 1883 peteret.
1307 1809 1380 1865 lude
1397 1809 1475 1865 illam

411 1914 542 1972 'absentis
562 1914 781 1981 insectationem
803 1922 998 1983 cesenatem,
1023 1914 1101 1987 quod
1124 1914 1264 1969 morando
1287 1932 1367 1989 spem
1389 1914 1479 1970 desti·
1532 1988 1533 1997 ἵ

411 2020 508 2077 tuerit.
552 2019 623 2077 Non
644 2018 791 2089 dubitare,
824 2018 849 2075 si
870 2035 942 2073 vera
965 2015 1146 2087 deferantur,
1180 2018 1250 2092 quin
1280 2019 1375 2094 prima
1404 2018 1480 2085 luca
1532 2006 1533 2021 ¹

411 2125 462 2182 ubi
483 2132 601 2181 ventum
622 2124 652 2181 in
673 2122 825 2181 concilium
838 2121 885 2191 sit,
906 2121 1062 2180 instructus
1083 2140 1149 2179 cum
1160 2122 1378 2180 coniuratorum
1390 2138 1475 2179 manu
1532 2094 1533 2127 ἒ

382 2235 600 2305 tlarmatusque
620 2236 757 2285 venturus
779 2227 826 2285 sit.
877 2226 945 2285 Dici
970 2226 1134 2303 gladiorum
1163 2228 1309 2303 ingentem
1331 2202 1399 2284 'esse
1426 2246 1475 2282 nu·
1532 2198 1533 2231 ³

412 2353 524 2393 merum
546 2334 584 2391 ad
606 2352 672 2391 eum
699 2339 879 2391 convectum.
931 2330 968 2387 Id
994 2342 1112 2388 vanum
1134 2350 1224 2391 necne
1251 2334 1302 2404 sit,
1333 2330 1478 2405 extemplo

412 2438 481 2497 sciri
501 2457 596 2515 posse.
640 2439 759 2513 Rogare
780 2454 846 2507 eos,
874 2445 907 2493 ut
929 2435 995 2493 inde
1016 2454 1113 2493 secum
1136 2437 1175 2495 ad
1197 2438 1329 2494 Turnum
1351 2437 1473 2495 veniant.

382 2551 399 2603 7
414 2544 586 2619 Suspectam
606 2542 677 2602 lecit
696 2562 758 2599 rem
780 2552 809 2601 et
824 2540 972 2615 ingenium
985 2541 1079 2597 Turni
1092 2540 1177 2599 ferox
1192 2552 1220 2601 et
1235 2542 1329 2600 oratio
1342 2544 1476 2599 hesterna
1532 2532 1533 2541 ¹

413 2659 443 2706 et
469 2667 553 2706 mora
579 2648 750 2722 Tarquinii,
789 2645 868 2722 quod
898 2644 1052 2703 videbatur
1084 2648 1121 2705 ob
1150 2666 1216 2705 eam
1245 2647 1354 2705 differri
1386 2644 1479 2702 cordes

412 2753 550 2829 potuisse.
592 2753 673 2811 Eunt
693 2751 837 2809 inclinatis
861 2751 977 2825 quidem
995 2753 1033 2809 ad
1047 2752 1221 2811 credendum
1236 2750 1350 2821 animis,
1372 2760 1478 2819 tamen,

383 2858 475 2919 8nisi
494 2857 599 2933 gladiis
629 2856 830 2931 deprehensis,
868 2865 965 2915 cetere
991 2876 1069 2916 vana
1096 2858 1298 2919 existimaturi.
1354 2856 1413 2917 Ubi
1437 2862 1477 2912 est

414 2982 450 3019 eo
464 2972 592 3031 ventum,
613 2963 745 3019 Turnum
761 2980 798 3019 ex
813 2979 916 3019 somno
930 2963 1093 3021 excitatum
1102 2962 1315 3021 circumsistunt
1329 2963 1479 3030 custodes;

415 3066 687 3144 comprehensisque
712 3067 818 3138 servis,
861 3068 911 3143 qui
940 3068 1060 3125 caritate
1091 3068 1200 3125 domini
1232 3067 1291 3123 vim
1325 3069 1480 3143 parabant,

414 3192 503 3247 quum
524 3172 614 3247 gladii
636 3172 735 3230 abditi.
749 3191 787 3229 ex
808 3173 943 3231 omnibus
964 3166 1035 3230 locis
1050 3173 1216 3231 deverticuli
1231 3174 1478 3248 protraherentur,

414 3277 561 3336 enimvero
587 3276 743 3334 manifesta
770 3294 818 3333 res
846 3278 925 3346 visa,
960 3278 1130 3351 iniectaeque
1157 3279 1259 3336 Turno
1294 3288 1417 3347 catenae;
1451 3285 1478 3333 et

312 3418 315 3422 -
414 3382 567 3441 confestim
582 3371 753 3440 Latinorum
775 3380 928 3438 concilium
951 3400 1058 3458 magno
1081 3400 1145 3439 oum
1168 3383 1291 3441 tumultu
1309 3385 1476 3443 advocatur.

382 3486 462 3545 eloi
482 3496 542 3543 tam
564 3496 651 3545 atrox
681 3486 792 3543 invidia
821 3494 887 3543 orta
914 3496 958 3545 est
984 3487 1088 3562 gladiis
1117 3486 1146 3544 in
1174 3488 1268 3545 medio
1298 3490 1418 3565 positis,
1448 3498 1479 3545 ut

413 3592 523 3650 indicta
549 3609 655 3661 causa,
694 3610 770 3649 novo
803 3610 909 3667 genere
938 3592 1006 3661 lati,
1044 3592 1171 3649 deiectus
1207 3594 1246 3650 ed
1280 3604 1367 3670 eaput
1398 3613 1479 3671 aqua

414 3695 586 3766 Ferentium,
613 3704 694 3753 orate
715 3714 838 3772 superne
851 3697 959 3753 iniecta
971 3696 1109 3771 saxisque
1119 3699 1273 3772 congestis,
1294 3712 1478 3775 mergeretur.

317 3795 364 3864 52
414 3802 572 3861 Revocatis
597 3800 701 3857 deinde
730 3802 768 3858 ad
799 3801 952 3859 concilium
982 3801 1095 3859 Latinis
1120 3801 1298 3877 Tarquinius
1332 3804 1478 3862 collauda·

415 3907 526 3981 tisque‚
563 3906 613 3982 qui
639 3907 772 3964 Turnum
799 3905 957 3965 novantem
985 3925 1031 3965 res
1059 3926 1113 3982 pro
1141 3906 1295 3967 manifesto
1323 3909 1479 3983 parricidio

385 4009 522 4069 interita
546 4029 642 4086 poena
667 4009 845 4075 affecissent,
879 4010 921 4067 ita
947 4012 1039 4069 verba
1066 4009 1149 4069 facit:
1184 4014 1277 4071 Posse
1306 4015 1422 4088 quidem
1449 4032 1476 4070 se

415 4125 531 4174 vetusto
552 4117 616 4173 iure
636 4133 733 4189 agere,
756 4115 845 4190 quod,
868 4132 956 4187 quum
979 4132 1079 4173 omnes
1095 4119 1195 4176 Latini
1217 4120 1254 4176 ab
1267 4118 1347 4177 Alba
1368 4118 1477 4177 oriundi

414 4223 480 4292 sint,
504 4218 562 4300 [in]
585 4238 619 4275 eo
641 4218 759 4277 foedere
779 4226 941 4290 teneantur,
963 4238 1022 4295 quo
1043 4221 1080 4278 ab
1092 4222 1180 4281 Tullo
1195 4242 1241 4281 res
1256 4224 1350 4281 onmis
1363 4226 1480 4283 Albana
