3392 5084
459 476 513 533 172
701 473 779 524 Liber
795 474 844 525 IX.
881 476 964 538 (hu.
975 491 997 524 o.
1008 476 1169 540 440-441.)

407 659 603 736 multiplicetis
631 659 749 716 summis
775 660 949 730 honoribus,
979 668 1048 735 post
1076 679 1124 718 res
1150 668 1195 718 tot
1222 661 1300 718 domi
1325 661 1448 735 belloque

407 776 519 843 gestas,
552 774 677 824 ceterum
698 765 807 823 invisus
829 766 985 836 nobilitati,
1018 783 1135 823 causum
1163 766 1238 823 dixit
1257 766 1449 841 absolutusque

357 875 394 930 22
409 882 460 930 est.
503 872 567 930 Nec
588 870 703 942 diutins,
724 880 756 928 ut
776 873 817 942 fit,
840 889 928 946 quam
950 871 1017 929 dum
1039 891 1139 930 recens
1161 883 1238 942 eret,
1270 873 1386 947 questio
1404 891 1450 946 per

408 979 487 1036 clara
508 978 626 1035 nomina
646 997 761 1035 reorum
788 977 894 1052 viguit3
922 977 990 1035 iude
1018 978 1079 1035 labi
1106 979 1192 1054 coepit
1220 980 1259 1035 ad
1290 979 1390 1035 viliora
1408 995 1451 1034 cs·

407 1084 477 1159 pite,
499 1084 590 1142 donec
604 1080 775 1141 coitionibus
788 1083 1029 1159 factionibusque,
1051 1085 1191 1142 adversus
1206 1101 1280 1160 quas
1294 1093 1452 1159 comparata
1520 1088 1522 1107 '

409 1198 481 1260 eret,
502 1208 642 1264 oppressu
663 1181 715 1248 est.

311 1285 356 1353 27
491 1295 599 1352 Earum
625 1295 705 1353 furna
722 1313 833 1364 rerum,
862 1295 955 1370 magis
980 1304 1078 1352 tamen
1098 1313 1166 1372 spes
1189 1294 1347 1372 Campuuae
1366 1295 1453 1353 deiec-
1520 1308 1522 1331 ¹

305 1379 308 1390 Α
407 1399 502 1470 tionis,
523 1400 553 1457 in
575 1419 662 1475 quarn
687 1401 866 1458 coniuratum
889 1410 960 1470 erat,
986 1400 1131 1460 Samnites
1151 1401 1180 1456 in
1202 1403 1340 1477 Apuliam
1362 1418 1454 1458 versos

377 1504 506 1562 2rursus
527 1507 566 1562 ad
589 1505 731 1565 Caudium
753 1506 918 1577 revocavit,
946 1515 980 1563 ut
1001 1507 1067 1563 inde
1095 1525 1133 1563 ex
1153 1508 1332 1583 propinquo,
1367 1506 1454 1581 siqui

376 1611 503 1669 bmotus
524 1611 705 1669 occasionem
727 1613 866 1687 aperiret,
897 1610 1030 1687 Capuam
1051 1613 1191 1670 Romanis
1217 1613 1369 1688 eriperent
1415 1613 1453 1669 Eo

348 1751 350 1762 ι
406 1717 538 1774 consules
559 1735 623 1774 cum
645 1717 743 1775 vulido
765 1718 892 1775 exercitu
912 1726 1060 1799 venerunt.
1104 1717 1144 1776 Et
1157 1720 1253 1794 primo
1269 1711 1347 1776 circa
1364 1717 1454 1786 saluis,

407 1840 495 1896 quum
522 1822 656 1898 utrinque
682 1823 720 1879 ad
749 1823 862 1880 hostem
889 1823 989 1897 iniqua
1015 1823 1064 1880 via
1096 1833 1188 1892 esset,
1220 1825 1349 1880 cunctati
1381 1833 1454 1891 sunt,

374 1928 508 1985 ldeinde
530 1927 674 1988 Samnites
695 1947 748 2004 per
769 1938 872 2004 aperta
895 1930 961 1986 loca
981 1931 1063 1987 brevi
1085 1929 1207 1987 circuitu
1226 1930 1257 1986 in
1278 1930 1345 1987 loca
1365 1930 1455 2005 plana,

407 2033 572 2109 Campanos
597 2053 730 2111 campos,
767 2053 871 2110 agmen
892 2036 1058 2107 demittunt,
1075 2036 1188 2110 ibique
1214 2035 1339 2110 primum
1368 2045 1457 2093 castra

376 2141 435 2198 sin
457 2149 639 2216 conspectum
663 2141 793 2198 hostibus
816 2141 895 2210 data,
926 2141 1030 2198 deiude
1052 2141 1163 2198 levibus
1183 2141 1303 2217 proeliis,
1334 2142 1457 2217 equiturn

406 2247 509 2322 saepius
537 2265 624 2320 quam
652 2248 797 2322 peditum,
829 2247 963 2321 utrinque
991 2246 1149 2322 periculum
1177 2245 1302 2327 iactum3
1334 2266 1389 2305 nec
1414 2257 1459 2302 aut

406 2331 524 2410 eventus
553 2371 651 2410 eorum
681 2355 843 2412 Romanum
871 2349 1049 2422 autmarus,
1081 2369 1141 2425 que
1171 2353 1328 2410 trahebant
1347 2352 1459 2420 bellum,

377 2461 571 2534 bpssnitebat.
625 2459 797 2518 Samnitium
824 2468 927 2516 contra
953 2459 1073 2514 ducibus
1102 2434 1131 2512 et
1161 2457 1242 2532 carpi
1262 2458 1364 2532 parvis
1394 2475 1459 2531 quo·

408 2565 476 2622 tidie
499 2565 611 2622 demnis
634 2574 663 2622 et
683 2581 830 2620 senescere
852 2563 990 2621 dilatione
1010 2563 1077 2620 belli
1103 2562 1179 2618 vires
1200 2581 1261 2619 suae
1281 2563 1458 2620 videbantur.

377 2671 511 2745 71taque
531 2671 561 2727 in
583 2670 673 2727 aciem
695 2670 865 2744 procedunt,
887 2670 1031 2744 equitibus
1051 2669 1081 2726 iu
1102 2685 1212 2725 cornua
1227 2667 1337 2738 divisis,
1360 2668 1460 2743 quibus

405 2787 580 2852 praeceptum
605 2781 683 2845 erat,
709 2776 876 2832 intentiores
898 2777 936 2832 ad
957 2786 1117 2851 respectum
1139 2783 1316 2844 castrorum,
1346 2793 1386 2831 ne
1407 2791 1462 2847 quu

407 2901 441 2938 eo
462 2882 507 2938 vis
527 2882 624 2952 lieret,
652 2891 738 2954 quam
762 2881 799 2937 ad
827 2882 959 2956 proelium
987 2891 1109 2938 starent:
1141 2881 1233 2938 sciem
1253 2878 1351 2954 pedite
1373 2889 1462 2937 tertam

376 2986 478 3048 8fore.
523 2985 678 3043 Consulum
702 2986 844 3061 Sulpicius
868 2987 898 3043 in
919 2988 1036 3057 dextro,
1067 2980 1207 3045 Poetelius
1226 2986 1257 3042 in
1279 2986 1353 3042 laevo
1376 3003 1462 3042 cornu

408 3092 574 3150 consistunt.
620 3093 734 3148 Dextra
759 3111 843 3166 pars,
883 3105 942 3168 qua
970 3103 999 3150 et
1025 3093 1169 3152 Samnites
1201 3092 1276 3148 raris
1307 3091 1462 3156 ordinibus,

300 3227 303 3235 1
408 3209 458 3256 aut
480 3199 517 3255 ed
539 3198 755 3256 circumeundos
784 3200 882 3255 hostes
900 3210 958 3263 ‚snt
984 3217 1021 3256 ne
1049 3199 1105 3273 ipsi
1131 3198 1361 3266 circumirentur,
1396 3215 1462 3252 cou-

377 3306 555 3376 9stiterant,
586 3304 672 3362 latius
695 3303 842 3380 patefacta
872 3306 964 3374 stetit;
997 3304 1134 3373 sinistris,
1169 3311 1361 3378 praeterqnam
1386 3301 1463 3376 quod

408 3409 594 3467 confertiores
616 3418 769 3479 steterant,
796 3410 946 3484 repentino
975 3411 1095 3467 consilio
1125 3409 1239 3468 Poetelii
1267 3408 1393 3465 consulis
1414 3407 1463 3463 ad·

409 3516 475 3572 ditae
497 3515 583 3585 uires,
605 3516 653 3590 qui
674 3514 863 3572 subsidiarios
884 3517 1027 3587 cohortes,
1049 3535 1113 3591 quse
1133 3517 1253 3590 integrus
1274 3514 1313 3570 ad
1327 3514 1462 3589 longioris

409 3639 513 3696 pugne
534 3639 618 3680 casus
638 3622 870 3691 reservabuntur,
891 3621 922 3677 iu
943 3602 1064 3697 primam
1080 3623 1171 3680 aciem
1193 3621 1340 3695 extemplo
1361 3618 1461 3688 emisit,

360 3731 395 3785 to
410 3727 608 3802 universisque
632 3728 744 3784 hostem
765 3727 859 3802 primo
881 3728 990 3802 impetu
1014 3727 1124 3785 viribus
1145 3727 1267 3802 impulit.
1311 3724 1463 3784 Commota

410 3833 536 3909 pedestri
562 3833 633 3901 acie,
645 3807 817 3890 Samnitium
838 3851 928 3906 eques
949 3833 978 3889 iu
1000 3851 1127 3910 pugnam
1149 3831 1285 3890 succedit.
1332 3833 1368 3890 In
1388 3833 1462 3888 huuc

410 3949 575 3996 transverso
603 3937 718 4014 agmine
745 3938 819 3994 inter
852 3939 924 3994 duas
955 3939 1032 3995 acies
1059 3957 1090 3995 se
1118 3937 1288 3995 inferentem
1316 3938 1462 3995 Romnum

353 4093 355 4102 ,
412 4046 555 4120 equitatus
586 4042 710 4102 concitet
738 4061 828 4117 equos
859 4044 1001 4119 signaque
1025 4052 1054 4100 et
1081 4043 1197 4101 ordines
1227 4041 1357 4118 peditum
1377 4051 1462 4115 atque

412 4149 539 4223 equitum
561 4148 718 4220 conirmdit,
742 4149 833 4205 donec
853 4149 1017 4207 universam
1040 4150 1078 4206 ab
1098 4167 1135 4206 su
1147 4157 1231 4224 parta
1245 4148 1462 4205 svertitacienr.

361 4256 393 4311 ll
411 4255 446 4312 In
466 4273 501 4312 eo
523 4273 612 4312 cornu
633 4273 690 4311 nou
711 4252 849 4312 Poetelius
871 4255 961 4324 solus,
987 4255 1039 4312 ssd
1061 4254 1205 4330 Sulpicius
1226 4254 1315 4312 etiam
1335 4255 1464 4311 hortator
