3392 5084
922 502 966 547 XX

411 676 454 749 a.)
475 674 534 733 lsi
555 692 614 749 qno
628 676 729 733 raoni.
752 672 847 745 (codd.
865 672 890 729 si
911 673 998 747 quod.
1020 675 1162 731 Meusuroe
1184 676 1264 731 actio
1287 674 1385 730 alierm
1408 673 1477 746 est.)

412 758 535 829 XLIX,
566 760 779 815 iconarentur
809 755 881 828 (Em.
905 757 955 828 11)
983 756 1149 815 tconsiliis
1172 767 1259 832 atque
1281 774 1319 813 ex
1341 756 1476 813 omni...

412 841 622 917 trepidaverat3
645 848 785 896 senatum
813 838 986 912 (Str-attius,-
1015 842 1072 897 Em.
1104 840 1154 912 81)
1185 842 1226 911 L,
1266 845 1302 897 10
1326 858 1390 897 curn
1412 844 1478 897 sime

411 929 493 984 uocis
524 925 620 998 (codd.
648 922 762 997 quidam
789 939 864 980 rece.
886 921 1017 995 Quum..
1042 923 1128 979 simul
1154 942 1208 996 pro
1237 922 1355 983 simul..
1387 922 1479 979 simul

413 997 470 1066 dici
498 1016 561 1065 siue
586 1016 752 1079 urpumemo
779 1006 909 1079 ducitur)
929 1003 933 1079 Ι
952 1006 1098 1080 potuerint
1125 1006 1217 1064 videri
1245 1009 1312 1081 (119.
1340 1010 1399 1064 Em.
1423 1006 1477 1078 81)

409 1092 613 1166 insecutosque
634 1090 747 1163 (Grec,
769 1090 831 1147 cod.
858 1106 913 1147 rec.
930 1092 990 1149 Em.
1007 1089 1056 1160 to)
1089 1091 1125 1146 12
1149 1090 1187 1147 Et
1205 1090 1309 1147 leniter
1328 1089 1395 1162 (lla.
1420 1091 1478 1145 Ca-

409 1178 567 1250 pulotioam
585 1175 758 1248 particulam
784 1172 859 1241 ferri
878 1189 1047 1244 compasse,
1077 1184 1205 1230 senserat
1227 1178 1312 1229 etiam
1337 1173 1408 1245 llss.)
1436 1174 1476 1228 14

410 1257 560 1316 seditionis
592 1257 765 1331 (Glareanus
792 1264 823 1311 et
848 1255 938 1329 Dult.)
976 1259 1012 1312 16
1042 1256 1112 1330 quid
1142 1258 1365 1332 responderetur
1395 1257 1478 1329 (llei-

410 1343 488 1415 m‘us)
508 1342 560 1411 LI.
595 1344 608 1398 1
632 1338 740 1397 fuerint
766 1338 808 1410 (ll
828 1347 856 1394 et
878 1356 973 1395 omues
995 1350 1101 1411 prater
1128 1341 1162 1413 P)
1190 1342 1207 1395 2
1238 1340 1385 1415 appellare
1416 1339 1476 1412 (ed,

411 1427 493 1487 Frolr.
523 1423 602 1486 1531
609 1444 621 1494 ,·
642 1424 700 1482 oid.
730 1422 768 1477 ad
799 1438 822 1479 c.
857 1422 904 1492 13,
923 1422 960 1495 8,·
988 1442 1006 1479 o
1043 1424 1150 1480 decreti
1181 1424 1277 1493 [orma
1300 1426 1388 1495 plane
1419 1422 1474 1477 ab·

410 1510 508 1565 torret
527 1526 579 1581 per
599 1524 630 1563 se
650 1508 807 1579 infinitivus
829 1507 964 1577 actious.)
1007 1505 1080 1577 LII,
1112 1508 1129 1562 2
1156 1506 1345 1579 sciturosque,
1369 1506 1394 1562 si
1414 1524 1476 1562 non

409 1592 542 1649 restitute
566 1590 719 1647 tridumicia
737 1597 881 1662 potestate
901 1588 1045 1664 redigi
1066 1607 1113 1647 res
1137 1597 1244 1663 queant
1259 1608 1274 1645 e
1289 1592 1363 1646 comi.
1386 1589 1476 1661 (Bez-

411 1678 567 1747 seuderper
587 1684 616 1729 et
639 1674 695 1745 Ep.
719 1672 807 1733 Codd.
830 1671 1010 1747 sciturosque
1034 1672 1097 1730 sine
1118 1673 1250 1730 restituta
1271 1680 1474 1747 potestate...

408 1776 457 1817 res
485 1764 637 1832 nequeant.
688 1758 803 1813 llectam
831 1760 920 1827 eiam,
952 1774 970 1811 o
998 1774 1055 1829 qua
1076 1760 1135 1813 Em.
1159 1756 1383 1813 creterrarum
1416 1764 1474 1821 est,

408 1845 473 1898 iniit
495 1839 721 1911 Bezzenberper,
749 1840 807 1911 qui,
837 1857 922 1911 quum
944 1840 1102 1897 tribunicia
1120 1843 1274 1912 potestatis
1299 1842 1474 1912 sipuiflcatia

409 1925 510 1982 adesse
530 1926 675 1997 requiret,
706 1937 768 1978 ears
789 1925 820 1977 iu
849 1925 1058 1994 iuterropatioa
1086 1927 1233 1981 sententie
1265 1925 1361 1994 [orma
1381 1926 1476 1977 inesse

408 2010 480 2064 uidit
507 2010 598 2063 etsie
618 2007 703 2062 siarul
728 2006 887 2077 capedioit‚
916 2024 973 2078 quo
1003 2010 1116 2062 rotiaue
1143 2015 1289 2081 nequeant
1316 2008 1476 2062 coloraret

409 2108 472 2149 cum
485 2091 607 2147 scituros
622 2090 666 2161 [ut
676 2090 919 2161 uuaoloquimur:
935 2092 1014 2145 ouius
1026 2095 1177 2160 potestatis
1188 2093 1330 2147 restitutio
1342 2089 1475 2145 condicio

409 2184 482 2232 esset
504 2192 598 2231 rerum
618 2176 648 2228 in
670 2173 851 2229 concordiam
878 2173 1118 2243 redipeadarum}
1162 2175 1219 2229 Sed
1240 2174 1318 2246 quad
1338 2176 1473 2244 scripsit:

408 2251 542 2327 scituros,
564 2274 623 2331 qua
646 2254 702 2312 nisi
721 2263 803 2325 rest,
826 2272 884 2311 ooo
903 2265 998 2327 potest
1019 2255 1074 2311 nisi
1095 2260 1136 2312 sic
1160 2258 1264 2313 subiici
1282 2258 1474 2327 interropati-

408 2359 462 2413 σο,
486 2341 605 2398 dedetm
619 2357 696 2395 esse:
724 2356 783 2412 qua
799 2356 869 2398 non.
902 2341 1003 2412 ltaque
1023 2342 1186 2411 scripsimus
1207 2342 1306 2397 eodem
1330 2342 1474 2396 sementia

406 2428 526 2498 propius
546 2424 586 2479 od
600 2423 711 2479 codices
729 2423 799 2496 [que
814 2439 873 2494 que
886 2440 939 2493 pro
955 2423 1024 2496 que]
1046 2424 1085 2478 ad
1098 2424 1220 2493 [ormam
1240 2440 1398 2495 perraram,
1422 2423 1475 2477 sed

408 2508 444 2563 ad
460 2510 610 2580 ipsa·l.ioio
622 2508 745 2577 positam
761 2507 844 2572 XLV,
860 2505 909 2574 25,
927 2506 942 2559 7
957 2505 1019 2562 sina
1033 2506 1185 2580 rogatione
1199 2506 1258 2563 ulla
1269 2506 1399 2581 perlatum
1415 2506 1472 2575 cfr.
1542 2502 1543 2518 ¹

408 2588 447 2661 V,
463 2591 548 2663 4,4.)
571 2593 588 2645 5
610 2588 708 2664 plures
729 2588 811 2662 [qne]
835 2588 893 2643 iam
931 2591 945 2644 7
971 2597 1136 2663 togatorum
1159 2589 1281 2646 aliorum
1303 2589 1385 2664 [que]
1413 2588 1472 2661 (ed.

408 2674 491 2731 Frob.
527 2673 616 2741 1531,
648 2672 732 2728 codd.
759 2669 846 2743 rece.)
866 2671 870 2744 Ι
889 2682 1041 2728 moveatur
1073 2673 1132 2745 (HL
1153 2675 1236 2732 codd.
1265 2690 1338 2732 rece.
1360 2674 1473 2729 Parum
1541 2668 1542 2675 '

409 2765 540 2813 movetur
571 2754 725 2824 seditione,
755 2756 984 2826 impersonaliter
1012 2757 1069 2812 dici
1101 2761 1216 2829 aequit,·
1250 2766 1278 2812 et
1310 2758 1473 2812 necessario

407 2848 561 2896 moveatur
587 2841 627 2895 ad
643 2837 753 2910 plebem
777 2840 950 2909 pertimerem
980 2857 1033 2895 mec
1062 2840 1097 2895 de
1123 2851 1200 2897 motu
1222 2840 1392 2911 excitanda,
1421 2839 1474 2893 sed

408 2924 443 2979 de
463 2924 608 2979 mooemdis
626 2931 741 2994 patrum
762 2923 862 2977 cuimis
885 2925 988 2993 opiter.
1040 2926 1132 2981 (leuas
1154 2925 1248 2979 mendi
1267 2924 1298 2979 id
1320 2932 1371 2993 est,
1394 2922 1473 2994 quod
1540 2966 1541 2971 .

405 3009 595 3079 mamilleatum
621 3014 663 3061 est
685 3007 754 3063 Em.
769 3006 807 3058 11
826 3023 855 3063 u.
877 3006 929 3075 cfr,
952 3007 976 3076 1,
998 3006 1048 3075 50,
1072 3007 1089 3062 1
1117 3007 1278 3075 conveniat,
1296 3004 1395 3061 indicit
1415 3022 1471 3077 pro

406 3089 589 3158 conveniant,
617 3090 671 3156 111,
692 3088 742 3156 24,
764 3088 784 3143 6
804 3085 929 3157 fuerant,
951 3085 1097 3145 faciebant
1116 3088 1301 3161 profuerat.)
1344 3088 1470 3159 L111‚8
1539 3156 1540 3173 Χ

407 3172 528 3246 quiescit
549 3171 693 3229 9humilis
715 3179 759 3226 est
780 3170 823 3242 (P.
841 3174 904 3227 lt'ou
920 3174 1015 3242 apitur
1031 3173 1065 3227 de
1078 3174 1209 3243 patribus
1224 3174 1261 3228 ad
1282 3174 1471 3228 humilitatem

406 3257 603 3329 deprimendis,
618 3272 670 3310 uec
683 3258 714 3310 iu
724 3271 759 3309 eo
770 3256 927 3311 humilitate
940 3256 1118 3325 deprecanda
1128 3258 1265 3313 Horatius
1283 3257 1470 3326 Valeriusque

408 3340 501 3395 dicere
520 3349 664 3411 poteraut,
686 3339 756 3395 satis
776 3354 916 3409 mperque
930 3339 1048 3393 lumiles
1062 3357 1132 3409 esse,
1156 3343 1205 3411 qui
1220 3356 1300 3412 aquo
1315 3342 1378 3394 iure
1392 3341 1469 3393 cice-

406 3432 488 3492 reat‚·
510 3425 573 3494 quis
592 3425 666 3478 enim
689 3439 776 3492 supro
801 3439 909 3493 equum
932 3424 1027 3477 iussa
1051 3424 1154 3479 eatolli
1175 3424 1326 3493 postulare
1352 3420 1469 3493 potest?

294 3566 299 3577 ,
406 3507 587 3562 Decemviros
605 3506 687 3577 pleds
708 3521 764 3558 uon
786 3502 904 3559 dumlles
924 3506 999 3575 fleri,
1022 3506 1072 3560 sed
1097 3509 1194 3595 ppruiri
1214 3506 1337 3563 nolebat.
1363 3507 1468 3575 Queri,

407 3589 476 3661 quid
495 3592 566 3644 satis
590 3606 651 3644 esse
672 3586 773 3645 dedem
793 3587 914 3658 plebeiis
935 3597 963 3642 et
987 3588 1137 3645 durnid'dus
1158 3590 1226 3661 [cfr.
1249 3590 1308 3657 56,
1332 3587 1394 3662 13],
1418 3605 1470 3660 ap-

405 3682 489 3743 paret
511 3674 726 3741 cimmeriis,
756 3689 820 3742 qua
839 3671 1004 3742 precedunt
1027 3672 1062 3726 de
1092 3682 1174 3728 scuto
1202 3683 1229 3728 et
1250 3673 1358 3744 plodio,
1381 3681 1410 3728 et
1433 3690 1470 3727 ec

406 3757 450 3826 iis,
464 3765 716 3828 qua-sequuntur.-
738 3752 863 3810 Etiamsi
878 3754 995 3827 quando
1012 3756 1189 3811 metuendos.
1234 3758 1361 3812 Breviter
1377 3756 1470 3811 liuius

407 3840 479 3894 dicit
494 3839 592 3895 eadem
607 3842 759 3905 sententia,
782 3854 817 3892 ac
830 3843 855 3892 si
870 3837 1061 3893 scriberetur:
1085 3837 1164 3897 Satis
1179 3856 1322 3912 superque
1337 3838 1428 3893 habet
1442 3837 1469 3893 is

405 3921 530 3990 humilis,
542 3921 592 3995 qui
613 3920 676 3993 -.)
698 3919 778 3987 LIV,
807 3921 840 3975 13
855 3920 970 3994 Appius
985 3920 1090 3976 Villius
1106 3922 1228 3995 (Sipou.)
1251 3922 1317 3991 LV,
1340 3923 1357 3977 3
1374 3920 1469 3995 plebis

404 4003 534 4062 iussisset
549 4007 567 4061 8
581 4004 633 4060 sed
644 4022 719 4072 eum,
734 4001 782 4077 qui
794 4021 893 4058 eorum
905 4003 1039 4076 cuiquam
1051 4005 1189 4073 nocuerit,
1201 4005 1256 4077 [id]
1267 4022 1381 4061 sacrum
1399 4004 1469 4077 (Mo.

404 4090 465 4147 Em.
477 4089 529 4160 47)
544 4090 561 4144 9
574 4106 627 4161 pro
639 4104 723 4142 sacro
737 4096 896 4159 sanctoque
911 4087 957 4158 (Ρ)
978 4088 1010 4143 12
1023 4085 1058 4142 iis
1078 4100 1082 4157 ι
1101 4085 1197 4144 iuerat
1211 4089 1252 4161 (11
1262 4092 1350 4144 ceteri
1361 4097 1471 4158 prater

406 4171 439 4243 Ρ)
461 4171 563 4241 LV1‚5
586 4170 727 4226 habebat:
749 4178 876 4225 attamen
899 4170 966 4242 (119.
989 4173 1047 4228 Em.
1067 4170 1118 4243 83)
1145 4174 1180 4228 12
1195 4172 1225 4227 in
1239 4189 1326 4244 quam
1349 4171 1469 4244 conspi-

404 4271 486 4309 rasse
507 4253 573 4326 (llp.
596 4256 656 4312 Em.
679 4252 730 4325 83)
751 4251 850 4320 LVII,
875 4254 891 4309 3
915 4252 1035 4325 [clienti]
1058 4254 1135 4325 (Sine
1156 4272 1260 4325 causa,·
1290 4264 1348 4311 est:
1372 4253 1471 4310 clienti

404 4336 528 4393 cubiculi
561 4335 605 4392 sui
631 4335 824 4416 'ministerium
845 4336 980 4409 gerenti.)
1040 4342 1058 4393 4
1092 4356 1237 4412 avumque
1272 4338 1317 4409 (lu
1338 4348 1471 4427 uestrum
