3392 5084
499 517 557 573 100
771 515 849 565 Liber
867 515 941 569 VIIL
981 515 1063 580 (A.u.
1078 531 1098 566 c.
1112 515 1188 580 414.)

425 703 555 758 lomnes
575 703 739 758 vocemur.“
787 699 878 757 Forte
900 700 941 757 ite
962 702 1073 774 accidit,
1104 709 1135 758 nt
1165 720 1265 777 parem
1287 701 1395 761 ferocia
1414 705 1481 760 huius

456 815 486 862 et
516 804 641 864 Romani
671 805 816 862 consulem
843 807 879 866 T.
909 806 1050 865 Manlium
1080 806 1236 878 haberent,
1267 810 1315 883 qui
1343 810 1410 867 adeo
1437 829 1482 865 non

453 911 544 968 tenuit
563 911 646 980 iram,
667 919 708 981 ut,
729 910 857 968 sitente
878 911 1021 969 dementia
1049 892 1147 988 patres
1169 915 1348 989 conscriptos
1375 915 1483 990 cepisset,

358 1074 366 1109 ι
454 1025 486 1073 ut
507 1017 545 1074 ab
567 1016 665 1075 Setino
686 1017 802 1074 homine
830 1017 908 1093 leges
930 1018 1106 1094 acciperent,
1133 1019 1232 1094 gladio
1255 1020 1379 1078 cinctum
1402 1022 1428 1077 in
1451 1038 1485 1076 se·

454 1131 554 1180 natum
586 1130 736 1178 venturum
770 1142 802 1180 se
828 1143 892 1182 esse
924 1123 1021 1200 palem
1050 1125 1157 1182 diceret
1189 1135 1231 1197 et,
1260 1145 1448 1202 quemcunque
1463 1127 1486 1181 in

423 1227 534 1289 scuria
552 1227 687 1285 Latinum
708 1216 836 1298 vidisset,
860 1247 913 1286 sua
934 1248 1020 1286 manu
1041 1230 1286 1305 interempturam.
1327 1231 1370 1288 Et
1389 1250 1488 1288 couver-

452 1351 502 1392 sus
531 1334 569 1390 ad
590 1333 773 1390 simulacrum
794 1334 875 1392 Iovis
898 1335 1005 1404 „Audi
1034 1335 1178 1410 luppiter,
1211 1337 1274 1392 haee
1304 1337 1428 1394 seelera“
1456 1336 1488 1390 in·

453 1439 529 1513 quit,
552 1439 676 1517 ,audite
696 1439 748 1496 Ius
762 1440 888 1514 Fasque.
930 1439 1103 1522 Peregrinos
1124 1441 1255 1498 consules
1277 1450 1307 1498 et
1326 1442 1489 1517 peregrinum

453 1554 584 1602 senatum
605 1545 877 1621 intuo‚·1nppiter,
900 1555 1041 1620 augurato
1062 1546 1184 1620 templo,
1215 1555 1318 1622 captus
1341 1549 1403 1623 ipse
1422 1557 1490 1620 atque

421 1653 622 1728 9oppressus,
643 1651 756 1708 visurus
784 1651 834 1708 es?
866 1651 984 1708 Haecine
1009 1651 1120 1709 foedera
1140 1651 1253 1722 Tullus,
1275 1654 1425 1710 Romanus
1443 1672 1491 1720 rex,

455 1733 520 1814 cum
541 1757 674 1827 Albanis,
695 1757 827 1831 patribus
849 1757 961 1827 vestris,
986 1756 1091 1826 Latini,
1112 1757 1173 1814 haec
1195 1759 1230 1814 L.
1254 1759 1433 1833 Tarquinius
1452 1777 1492 1814 vo-

403 1865 439 1920 10
454 1865 563 1921 hiscum
584 1871 687 1938 postea
707 1860 796 1918 fecit?
826 1862 896 1919 Non
916 1861 1045 1919 venitin
1074 1871 1199 1919 mentem
1224 1881 1326 1938 pugna
1356 1866 1432 1940 apud
1450 1867 1493 1921 Re·

454 1970 553 2045 gillum
567 1967 682 2026 lacum?
703 1969 788 2026 Adeo
810 1976 839 2024 et
852 1967 975 2026 cladium
996 1976 1124 2024 veterum
1139 1976 1303 2026 vestrarum
1326 1979 1357 2026 et
1380 1970 1494 2028 benefici·

454 2094 537 2133 orum
561 2083 724 2132 nostrorum
748 2093 819 2150 erga
838 2091 893 2130 vos
914 2072 994 2130 obliti
1016 2071 1122 2129 estis?“

359 2173 383 2241 6
536 2181 631 2254 Quum
654 2181 777 2238 consulis
797 2198 898 2238 vocem
922 2179 1077 2236 subsecuta
1097 2187 1220 2253 patrum
1241 2180 1407 2255 indignatio
1430 2190 1496 2246 esset,

452 2287 583 2362 proditur
597 2286 750 2356 memoria,
766 2286 904 2343 adversus
920 2285 1048 2341 crebram
1063 2285 1296 2360 implorationem
1320 2287 1419 2357 deum,
1440 2305 1496 2361 quos

453 2401 540 2450 testes
561 2392 700 2451 foederum
722 2391 826 2466 saepius
840 2391 1015 2448 invocabant
1036 2385 1176 2462 consules,
1198 2410 1301 2449 vocem
1317 2394 1414 2450 Annii
1434 2412 1498 2468 sper-

422 2495 545 2556 2neutis
569 2499 687 2555 numina
701 2497 780 2555 Iovis
794 2497 918 2555 Romani
941 2497 1077 2557 auditam.
1111 2495 1213 2569 Certe,
1237 2516 1327 2572 quum
1351 2509 1498 2556 commotus

451 2605 497 2661 ira
523 2623 555 2660 se
585 2623 604 2660 a
623 2603 765 2660 vestibulo
786 2603 886 2679 templi
909 2603 997 2660 citato
1017 2603 1109 2678 gradu
1130 2604 1309 2680 proriperet,
1337 2605 1441 2682 lapsus
1460 2625 1501 2680 per

451 2709 568 2784 gradus,
590 2709 683 2784 capite
703 2709 831 2784 graviter
852 2706 977 2779 offenso,
998 2708 1140 2783 impactus
1162 2709 1221 2766 imo
1242 2710 1285 2767 ita
1308 2720 1355 2770 est
1377 2731 1459 2780 saxo,
1478 2723 1500 2766 ut

420 2817 605 2892 3sopiretur.
653 2814 858 2871 Exanimatum
886 2823 1016 2892 auctores
1045 2815 1180 2890 quoniam
1211 2834 1269 2872 non
1305 2836 1412 2875 omues
1439 2827 1499 2874 suot

452 2922 523 2980 mihi
544 2939 659 2997 quoque
680 2921 710 2977 in
731 2921 839 2983 incerto
860 2918 989 2976 relictum
1011 2921 1056 2990 sit,
1077 2920 1151 2976 sicut
1170 2919 1246 2976 inter
1266 2920 1416 2980 foederum
1445 2941 1500 2996 rup-

426 3001 546 3086 ⁸torum
568 3027 748 3084 testationem
770 3024 879 3101 ingenti
893 3023 1009 3098 fragore
1024 3025 1084 3082 caeli
1101 3025 1258 3100 procellam
1279 3026 1424 3099 effusam
1446 3047 1500 3084 nan

451 3145 481 3194 et
501 3153 572 3193 vera
593 3151 656 3190 ease
678 3139 707 3188 et
728 3140 795 3207 apte
810 3132 848 3188 ad
868 3131 1128 3206 repraesentandam
1146 3131 1221 3187 iram
1242 3131 1329 3190 deum
1350 3135 1424 3193 ficta
1445 3153 1501 3209 pos·

339 3314 343 3323 ι
418 3243 526 3300 luunt.
583 3241 751 3313 Torquatus
774 3237 882 3304 vmissus
909 3238 946 3294 ab
976 3246 1077 3294 senatu
1110 3237 1147 3292 ed
1171 3237 1360 3296 dimittendos
1389 3241 1499 3316 legatos.

405 3349 411 3364 '
450 3368 538 3424 quum
558 3347 698 3404 iacentem
719 3342 847 3400 Annium
869 3343 1001 3414 vidisset,
1030 3342 1181 3412 exclamat,
1202 3343 1245 3400 ita
1267 3353 1299 3402 ut
1320 3349 1500 3423 populo-pa-

415 3456 436 3509 x5
448 3454 596 3526 tribusque
618 3450 716 3507 audita
736 3468 795 3506 vox
815 3449 924 3524 pariter
945 3449 995 3504 sit:
1022 3449 1120 3519 ,Bene
1143 3449 1248 3518 habet;
1279 3449 1321 3508 dii
1341 3453 1427 3528 pium
1450 3472 1499 3510 mo·

448 3579 517 3616 vere
537 3557 653 3616 bellum.
699 3556 754 3613 Est
774 3555 886 3613 calente
913 3573 1035 3626 numen3
1067 3571 1106 3624 es,
1129 3571 1233 3628 magne
1254 3554 1405 3633 Iuppiter;
1433 3557 1498 3616 haud

447 3667 555 3725 frustra
585 3672 614 3720 te
644 3669 756 3737 patrem
786 3662 871 3719 deum
892 3660 1096 3733 hominumque
1126 3661 1182 3716 hac
1204 3661 1273 3717 sede
1313 3665 1497 3722 sacravimus.

418 3769 674 3846 6Quitltcessatia
698 3768 824 3841 Quirites
845 3783 955 3850 vosque
976 3773 1073 3840 patres
1096 3767 1263 3842 conscripti,
1292 3785 1380 3826 arma
1404 3787 1499 3845 capere

448 3877 508 3934 deis
530 3873 669 3934 ducibus?
691 3874 739 3933 Sic
759 3881 865 3930 stratas
885 3870 1012 3946 legiones
1035 3872 1204 3930 Latinorum
1235 3873 1332 3942 dabo,
1366 3875 1496 3950 quemad-

417 3983 564 4041 7modnm
589 3980 714 4056 legatum
742 3980 881 4036 iacentem
909 3977 1038 4034 videtis.“
1087 3979 1218 4035 Assensu
1248 3979 1351 4054 populi
1384 3992 1496 4054 excepta

445 4108 507 4147 vox
534 4087 658 4146 consulis
688 4093 798 4142 tannim
821 4083 933 4142 ardoris
954 4083 1056 4140 animis
1077 4082 1160 4154 iecit,
1193 4092 1225 4139 ut
1244 4083 1360 4157 legatos
1391 4083 1496 4160 profici·

446 4203 558 4253 scentes
578 4210 648 4256 cura
668 4190 886 4265 magistratuum
902 4189 1002 4264 magis,
1024 4188 1075 4262 qui
1094 4188 1173 4245 iussu
1194 4189 1321 4246 consulis
1342 4209 1494 4266 prosaque

447 4303 561 4371 bantur,
583 4297 735 4372 quamius
756 4295 882 4371 gentium
904 4296 941 4352 ab
962 4295 1007 4352 ira
1027 4294 1193 4370 impetuque
1214 4295 1367 4354 hominum
1384 4305 1494 4373 tegeret.
