3392 5084
606 1600 857 1730 rnAErAilo

495 1857 543 1927 Io.
571 1855 735 1927 Nloonnr
763 1856 973 1928 ananan.

685 1999 785 2007 u·—

275 2060 454 2133 Antequam
483 2059 521 2115 ad
548 2064 654 2113 nostrae
680 2057 855 2113 recensionis
889 2058 920 2115 in
953 2060 998 2117 his
1028 2061 1156 2135 quinque
1182 2060 1264 2118 libris

207 2137 326 2212 formam,
352 2150 389 2199 ut
411 2142 441 2198 in
463 2140 611 2216 superiore
625 2149 717 2215 parte,
733 2140 952 2214 comparatione
971 2144 1098 2217 exempli
1119 2143 1267 2199 Weissen-

207 2221 325 2280 bomiani
350 2224 574 2281 monstrandam
598 2223 693 2291 renio,
716 2222 751 2277 de
773 2222 887 2280 duabus
910 2225 998 2281 rebus
1019 2225 1146 2282 breviter
1167 2225 1265 2282 dieen-

208 2304 260 2361 dnm
282 2315 335 2363 eat.

274 2390 414 2446 Primum
444 2389 474 2445 in
501 2389 584 2445 annis
612 2388 642 2443 in
670 2388 842 2462 paginarum
875 2390 1007 2463 margine
1033 2389 1167 2446 notandis
1195 2408 1268 2463 quo·

206 2469 269 2525 niem
299 2473 405 2545 aliqua
434 2480 497 2527 erat
529 2469 683 2527 difficultas
712 2478 832 2543 propter
858 2468 1001 2527 fastorum
1023 2472 1166 2532 etaetatis
1186 2473 1268 2528 urbis

208 2554 403 2627 computandae
436 2552 676 2627 discrepantiam,
711 2569 800 2625 quum
832 2552 928 2626 ipsum
964 2553 1080 2611 Liviam
1113 2565 1269 2630 appareret

207 2652 253 2689 non
279 2647 416 2693 secutum
446 2654 508 2691 ease
535 2642 705 2709 perpetuam
735 2633 839 2689 seriem
868 2633 1012 2693 fastorum
1039 2637 1207 2694 aduertam
1232 2637 1268 2693 de

207 2717 272 2774 urbia
304 2728 398 2775 aetate
429 2717 593 2793 opinionem
621 2716 887 2785 accommodatam,
917 2736 981 2791 qna
1009 2719 1132 2793 exprimi
1160 2727 1268 2794 posset,

207 2798 251 2855 hae
282 2802 328 2858 uei
359 2819 461 2857 sumus
489 2799 612 2857 ratione.
645 2799 776 2855 Primum
792 2799 949 2856 omisimus
971 2820 1036 2857 eum
1060 2808 1185 2872 annum,
1219 2802 1268 2877 qui

207 2882 280 2957 rnigo
309 2882 439 2941 Camillo
470 2882 604 2939 dictatori
635 2889 701 2956 post
721 2886 869 2955 receptam
896 2900 915 2937 a
936 2882 1031 2941 Gallis
1051 2885 1152 2941 urbem
1175 2886 1268 2959 assig-

206 2975 278 3021 natur
311 2964 392 3042 (365
417 2966 453 3022 ab
476 2985 503 3021 u.
526 2983 561 3033 a,
585 2966 643 3021 389
667 2982 694 3019 a.
718 2962 814 3037 Cha),
842 2964 895 3019 sed
920 2982 939 3020 a
960 2966 1046 3022 Livio
1073 2986 1131 3023 non
1158 2967 1268 3041 signifi·

207 3054 289 3118 catur,
320 3067 384 3122 quo
413 3047 521 3103 iactum
546 3056 610 3117 eat,
639 3054 672 3102 ut
699 3046 735 3101 ab
763 3044 844 3101 initio
870 3045 937 3103 libri
965 3048 1011 3104 VI
1035 3049 1073 3104 ad
1095 3068 1118 3108 e.
1147 3052 1185 3104 34
1209 3068 1268 3105 uno
1349 3090 1355 3095 -

206 3146 270 3185 anno
295 3132 397 3187 minus
420 3132 458 3186 ab
487 3130 575 3197 urbe,
605 3147 663 3185 uno
691 3128 755 3201 plus
780 3136 847 3183 ante
869 3126 1016 3186 Christum
1038 3148 1267 3198 numeraremus,

206 3228 281 3281 quam
303 3214 399 3285 vulgo
414 3220 597 3278 numeratur;
629 3209 732 3265 deinde
757 3220 940 3267 autemeam
962 3230 1069 3268 annum
1091 3212 1267 3282 notavimus,

206 3293 321 3365 quivi,
348 3298 388 3351 34
410 3302 439 3350 et
459 3292 499 3350 ‘35
523 3312 541 3349 a
563 3292 647 3349 Livio
670 3291 731 3348 sine
754 3292 935 3365 tribunorum
960 3293 1082 3351 militum
1103 3294 1268 3350 nominibus

206 3376 378 3448 significatur
399 3386 506 3443 tamen,
529 3394 589 3449 quo
610 3373 644 3433 Ο.
667 3372 794 3430 Licinius
818 3382 846 3431 et
868 3376 904 3433 L.
927 3376 1045 3433 Sextius
1066 3376 1191 3450 primum
1214 3377 1267 3433 tri-

206 3457 263 3515 buni
278 3460 316 3534 pi.
332 3459 462 3528 fuerunt,
479 3458 615 3531 quoniam
626 3456 756 3513 narratio
771 3456 958 3530 ampetitur,
970 3459 1073 3514 borum
1089 3458 1268 3515 tribunatum

205 3540 286 3611 piebis
308 3542 340 3599 in
365 3542 487 3598 eundem
507 3559 612 3596 annum
628 3537 744 3607 includi,
768 3556 890 3611 quorum
913 3540 1020 3596 tribuni
1042 3540 1165 3597 militum
1187 3561 1212 3601 e.
1228 3544 1267 3598 32

206 3625 396 3681 nominantur.
461 3624 566 3696 Itaque
588 3622 654 3677 hine
674 3621 766 3676 nostri
793 3621 905 3677 numeri
932 3641 996 3677 aum
1019 3622 1134 3697 vulgari
1155 3625 1268 3680 ratione

206 3708 392 3775 consentiunt,
415 3723 513 3762 eorum
536 3704 653 3772 scilieet,
676 3703 725 3777 qui
746 3703 856 3777 primns
876 3704 1051 3763 eonsulesa.
1070 3708 1129 3762 245
1146 3706 1226 3765 abu.
1243 3724 1268 3761 e.

207 3798 317 3858 ponunt.
386 3789 473 3845 Hune
504 3805 674 3844 consensum
705 3804 741 3841 ne
773 3787 970 3854 turbaremus,
1004 3795 1063 3842 tres
1088 3806 1195 3856 annos,
1218 3787 1276 3861 qni‘
1331 3784 1336 3796 ’

206 3882 264 3941 poet
293 3873 354 3929 hoe
387 3880 500 3945 tempus
530 3870 618 3944 vulgo
651 3868 800 3925 dictatorie
828 3868 891 3923 sine
923 3869 1088 3925 oonsulibus
1121 3879 1268 3937 notantur,

207 3968 222 4005 a
241 3954 323 4009 Livio
349 3962 446 4009 autem
468 3963 546 4008 reete
568 3954 628 4008 sine
654 3952 742 4007 dubio
765 3950 950 4019 omittuntur,
979 3968 1038 4006 non
1062 3951 1127 4007 illos
1151 3951 1268 4025 quidem

208 4032 231 4088 in
251 4037 385 4110 margine
406 4035 562 4109 separatim
584 4032 764 4101 notavimus,
791 4032 842 4087 sed
869 4041 967 4088 tamen
992 4033 1127 4089 universo
1147 4052 1268 4089 numero

208 4118 474 4192 comprehendimus
497 4114 547 4191 (ab
569 4134 595 4175 u.
620 4134 644 4174 e.
668 4117 737 4182 430,
761 4116 831 4182 445,
854 4117 930 4182 453,
949 4134 977 4172 a.
1000 4113 1071 4174 Chr.
1095 4117 1171 4181 324,
1198 4117 1268 4182 309,

210 4198 288 4275 304);
321 4200 458 4273 idemque
479 4199 659 4256 servavimus
682 4197 711 4253 in
733 4214 809 4251 anno
834 4204 863 4251 et
884 4196 1121 4271 consulum-pari
1148 4197 1268 4264 incuria,
1355 4203 1359 4207 ‘

209 4288 247 4417 pth
259 4283 392 4438 videtup,
428 4299 446 4337 a
474 4281 560 4337 Lirin
594 4279 701 4335 omisso
733 4277 798 4337 libr.
827 4278 921 4346 VIII,
953 4282 987 4334 17
1017 4275 1059 4352 (a.
1086 4298 1114 4334 u.
1142 4279 1213 4346 421,
1240 4295 1268 4333 a.

248 4382 270 4419 r.
292 4366 377 4421 333.
1070 4370 1082 4384 ⁹

1039 4464 1069 4509 a*
