3392 5084
491 520 615 571 mov.
652 518 699 584 (A,
711 518 949 585 classe-aas.)
1001 558 1008 563 -
1156 524 1212 596 28¹

207 714 254 763 tem
272 703 560 779 pcpulumaubegim
581 721 644 779 pax
663 704 828 779 petentibus
847 704 933 774 data3
952 703 983 762 in
1005 703 1129 763 Faliscis
1150 704 1257 765 bellum

208 808 330 869 restabat.
376 810 479 867 Romre
499 806 616 865 interim
637 808 788 884 multiplex
809 809 916 869 seditio
930 818 1003 878 erat,
1024 809 1105 867 cnins
1118 809 1288 870 leniendaei

207 932 284 971 censa
302 914 450 973 coloniam
470 914 647 984 inVolscoe,
669 931 727 988 quo
751 914 808 971 tria
821 912 921 973 millia
941 914 1046 971 civium
1058 915 1258 974 Rornanorum

207 1017 395 1090 scriberentur,
416 1019 615 1079 deducendam
635 1027 815 1089 censuerant,
836 1018 1039 1093 triumvirique
1058 1018 1097 1075 ad
1118 1017 1149 1077 id
1169 1017 1260 1076 creati

206 1130 275 1179 terna
292 1124 397 1199 iugera
419 1132 448 1182 et
468 1132 622 1199 septunces
636 1124 744 1183 viritim
759 1124 927 1184 diviserant
970 1124 1017 1183 Ea
1031 1123 1148 1198 largitio
1162 1124 1290 1198 spernib

206 1236 303 1302 crepta,
328 1228 400 1303 qnia
422 1230 486 1304 spei
508 1229 627 1287 maioris
649 1229 814 1287 avertenda
834 1229 972 1288 solatium
993 1229 1138 1287 obiectum
1161 1245 1260 1285 cense-
1317 1301 1320 1306 Δ

206 1330 273 1387 bant:
295 1350 347 1391 cur
369 1333 447 1393 enim
469 1334 595 1409 relegari
615 1332 731 1409 plebem
751 1335 782 1391 in
796 1334 933 1404 Volscos,
954 1353 1044 1409 quum
1066 1333 1261 1409 pulcherrirna

205 1437 260 1493 mbs
274 1436 342 1495 Veii
357 1456 489 1515 agerque
498 1440 680 1497 Veientanus
700 1439 730 1497 in
752 1448 908 1515 conspectu
925 1440 973 1511 sit,
995 1440 1112 1497 uberior
1122 1437 1259 1513 amplior·

206 1556 251 1612 qne
274 1542 413 1599 Romano
436 1544 528 1619 egro?
567 1546 679 1607 Urbem
696 1564 822 1620 *quoque
851 1545 917 1619 urbi
936 1546 1040 1603 Romae
1062 1544 1110 1602 rel
1135 1544 1192 1601 situ
1212 1544 1290 1601 velli

205 1645 408 1719 magnificentia
434 1650 616 1725 publicorum
644 1650 885 1725 privatorumque
907 1661 1049 1711 tectorum
1072 1668 1108 1709 ac
1128 1649 1260 1707 locorum

204 1754 409 1825 preponebant
457 1754 536 1827 Quin
557 1756 610 1813 illa
639 1774 755 1831 quoquc
779 1756 856 1815 ectio
884 1758 1071 1826 movebatur,
1102 1773 1167 1829 quae
1195 1755 1289 1829 postl

205 1862 306 1929 captam
330 1857 433 1931 utique
453 1860 578 1925 Rumam
601 1880 620 1919 a
639 1860 735 1919 Gallis
756 1861 930 1919 celebratior
950 1862 1013 1931 fuit,
1035 1858 1262 1934 transmigrandi

205 1958 291 2023 Veios.
336 1961 475 2021 Ceterum
496 1975 580 2039 parte
602 1965 705 2042 plebis,
728 1974 813 2040 parte
832 1976 952 2025 senatus
973 1965 1157 2023 destinabant
1177 1963 1292 2047 habi-8

204 2066 294 2122 tardos
316 2067 430 2139 Veios,
456 2050 588 2144 duasque
614 2072 700 2129 urbes
726 2072 887 2131 eommunis
914 2072 956 2133 rei
984 2071 1107 2146 publicas
1133 2068 1222 2126 incoli
1241 2086 1262 2123 a

203 2170 300 2245 populo
328 2173 468 2231 Romano
497 2187 593 2248 posse.
641 2178 794 2235 Adversus
824 2196 890 2251 qnae
917 2195 1007 2250 quum
1036 2175 1192 2249 optimates
1219 2173 1293 2230 itai
1373 2218 1377 2226 ,

202 2276 355 2348 tenderent,
386 2284 419 2332 ut
445 2278 601 2337 morituros
622 2298 654 2339 se
675 2282 758 2339 citius
782 2282 911 2339 dicerent
930 2281 961 2338 in
982 2288 1139 2354 conspectu
1160 2276 1262 2353 populi

203 2378 327 2451 Romani,
350 2399 440 2455 quam
465 2384 620 2458 quicquam
642 2404 743 2443 earum
763 2406 861 2447 rernm
871 2396 1038 2462 rogareturr
1058 2382 1169 2461 quippe
1184 2400 1262 2439 nunc
1278 2386 1312 2440 to

203 2484 302 2543 muna
322 2488 399 2545 urbe
420 2497 535 2548 tantum
554 2492 766 2577 dissensionum
789 2509 866 2562 esse;
896 2490 966 2565 quid
992 2490 1023 2547 in
1044 2489 1157 2570 duabus
1178 2485 1262 2545 fore?

203 2590 337 2653 victamne
369 2602 402 2651 ut
431 2594 585 2669 qnisquam
614 2597 726 2655 victrici
762 2598 866 2672 patriae
902 2594 1054 2672 praeferret
1087 2594 1263 2666 sineretque,

204 2696 332 2754 maiorem
355 2696 505 2755 fortunam
527 2700 620 2774 captis
642 2718 706 2757 esse
718 2700 809 2772 Veiis,
829 2718 917 2775 qnam
938 2700 1130 2759 incolumibus
1152 2696 1262 2757 fueriti
1297 2703 1299 2706 '

203 2810 341 2871 postremo
357 2785 397 2861 ‘se
414 2802 539 2877 relinqui
560 2823 579 2861 a
598 2804 718 2863 civibus
732 2804 763 2861 in
784 2806 882 2879 patria
907 2796 1009 2880 posset
1039 2814 1072 2861 ut
1099 2803 1265 2876 relinquant
1279 2800 1313 2855 il

203 2906 318 2979 patriam
342 2916 435 2983 atque
456 2908 550 2979 cives,
579 2909 689 2967 nullam
710 2910 769 2967 vim
792 2889 923 2985 unquam
942 2912 1144 2983 subacturum,
1175 2916 1204 2966 et
1225 2910 1265 2965 Τ.

204 3006 333 3069 Sicinium
358 3011 397 3087 (is
420 3014 495 3071 enim
518 3032 556 3071 ex
577 3014 699 3071 tribunis
722 3012 814 3089 plebis
835 3015 997 3089 rogationis
1018 3014 1080 3073 eius
1093 3015 1171 3071 lator
1188 3012 1264 3088 erat)

204 3116 376 3175 conditerem
408 3118 499 3175 Veios
525 3128 699 3193 sequantur,
733 3118 833 3177 relicto
863 3120 919 3177 deo
944 3119 1087 3189 Romulo,
1120 3119 1166 3176 dei
1194 3118 1265 3188 filio,

204 3231 315 3291 parente
327 3232 357 3281 et
367 3232 488 3289 auctore
498 3224 578 3281 urbis
590 3226 701 3293 Roman,
715 3254 748 3265 ·—
765 3224 827 3281 hec
840 3242 929 3297 quum
941 3222 1038 3282 'fredis
1058 3223 1265 3280 certaminibus
1315 3217 1358 3285 25

204 3327 460 3405 agerenturmam
483 3338 596 3404 partem
619 3328 799 3395 tribunorum
823 3328 901 3402 plebi
923 3338 1021 3402 putres
1042 3328 1072 3386 iu
1093 3345 1175 3385 suem
1199 3344 1265 3383 sen-

204 3430 314 3489 tentiam
343 3432 526 3509 traxerant),
554 3433 635 3491 nulla
662 3450 710 3491 res
732 3433 790 3489 clia
811 3433 945 3490 manibus
967 3442 1131 3509 temperare
1150 3433 1295 3507 plebem2

204 3537 320 3609 cogebat
341 3555 431 3611 qnam
454 3540 543 3615 quod,
563 3534 615 3597 ubi
633 3538 706 3595 rixae
727 3537 941 3595 committendas
955 3556 1046 3596 causa
1060 3538 1171 3595 clamor
1186 3545 1267 3595 ortus

205 3652 281 3711 esset,
303 3642 452 3717 principes
473 3653 592 3703 senatus
613 3642 701 3718 primi
714 3612 814 3699 turba*
821 3640 976 3701 offerentes
999 3662 1031 3701 se
1048 3644 1108 3718 poti
1129 3641 1268 3716 feririque

206 3754 285 3818 nque
306 3748 403 3807 occidi
422 3749 571 3807 iubebunt.
614 3749 665 3807 Ab
685 3748 790 3803 horum
810 3748 946 3805 ¹aetatibus
967 3748 1217 3823 dignitatibusque
1238 3752 1297 3805 etd

205 3848 357 3910 bonoribus
379 3854 523 3914 violandis
546 3846 614 3913 dum
636 3843 853 3922 abstinebatur,
886 3862 916 3909 et
942 3853 987 3911 ad
1007 3854 1135 3927 reliquos
1159 3851 1267 3910 similes

206 3968 321 4015 conatus
343 3958 521 4015 vererundia
544 3958 595 4017 irae
617 3958 763 4016 obstabat.
793 3952 939 4015 Camillus
955 3958 1111 4015 identidem
1133 3957 1297 4021 omnibust

207 4058 271 4119 locis
287 4063 558 4121 condonabuntur:
580 4062 670 4121 Hand
685 4062 787 4119 mirum
803 4060 834 4116 id
849 4063 966 4135 quidem
987 4080 1059 4133 esse,
1080 4060 1177 4119 fruere
1197 4061 1269 4118 civi·
1314 4081 1316 4084 ·

205 4174 298 4233 tatem,
322 4186 396 4242 qnae,
411 4167 553 4235 damnata
564 4168 634 4239 voti,
657 4166 785 4224 omnium
800 4184 897 4224 rerum
908 4168 1051 4242 potiorem
1066 4185 1167 4224 curem
1179 4182 1268 4239 quam

205 4268 563 4344 religioneseexsotveudi
584 4274 703 4337 hebeat.
736 4270 820 4329 Nihil
833 4272 871 4329 de
884 4271 1039 4331 mdatioue
1057 4270 1164 4340 dioere,
1185 4268 1299 4344 stipisb
