3392 5084
487 502 543 558 144
776 497 856 548 Liber
874 497 921 550 tx.
957 497 1004 562 (Δ.
1018 514 1045 548 u.
1057 514 1078 548 c.
1090 499 1162 558 488.)

441 681 568 758 accepit,
598 681 638 740 ed
657 681 800 740 Fruculas
823 677 972 741 Caudinas
996 683 1071 740 iuter
1093 685 1167 741 duos
1190 683 1281 741 saltus
1303 684 1409 742 clausos
1429 701 1478 740 esse

440 789 583 846 exercitus
604 776 770 860 Romanos,
801 789 950 846 consultus
979 791 1016 846 ab
1045 791 1146 848 nuntio
1172 791 1224 848 filii
1246 790 1368 858 censuit,
1396 806 1478 846 omnes

411 895 506 961 linde
527 913 613 969 quam
644 895 769 971 primum
797 894 954 953 inviolatos
982 895 1176 957 dimittendos.
1230 896 1304 970 Quae
1335 895 1382 952 ubi
1399 904 1480 970 spreta

439 1001 581 1058 sententie
605 1010 657 1073 est,
685 1001 848 1075 iterumque
870 1000 972 1058 eodem
996 1013 1144 1059 remeante
1164 1003 1265 1058 nuntio
1290 1001 1481 1070 consulebatur,

409 1106 559 1178 8csusuit,
580 1107 618 1164 ad
639 1126 728 1164 unum
750 1125 850 1164 omnes
872 1107 1094 1168 interficiendos.
1141 1108 1215 1182 Quae
1235 1108 1286 1166 ubi
1311 1117 1371 1164 tem
1390 1107 1480 1162 discor-

439 1212 489 1269 dis
515 1212 591 1269 inter
621 1230 654 1270 se
685 1212 765 1270 velut
791 1233 828 1270 ex
857 1214 974 1289 ancipiti
1001 1214 1120 1271 oraculo
1145 1232 1294 1290 ,responsa
1325 1213 1393 1270 deta
1421 1221 1482 1280 suut,

439 1337 606 1394 quanquam
635 1319 711 1376 filius
738 1319 801 1394 ipse
829 1319 859 1398 iu
886 1320 987 1396 primis
1018 1320 1077 1378 iam
1105 1320 1233 1378 animum
1268 1339 1385 1396 quoque
1408 1318 1482 1394 patn's

438 1424 628 1482 consenuisse.
642 1425 672 1481 in
691 1422 796 1481 affecto
811 1444 933 1501 corpore
949 1427 1081 1497 rebatur,
1102 1434 1201 1482 temen
1216 1444 1360 1484 consensu
1375 1425 1482 1483 omnium

408 1529 532 1588 9victus
564 1541 622 1600 est,
654 1538 687 1588 ut
719 1531 815 1606 ipsum
848 1531 879 1588 iu
911 1532 1061 1589 consilinm
1095 1532 1211 1592 acciret.
1269 1533 1337 1590 Nec
1365 1539 1483 1606 gratnm

438 1655 527 1693 senex
549 1635 678 1710 plaustro
699 1636 729 1694 in
751 1647 848 1694 castra
870 1636 976 1694 dicitur
997 1638 1151 1708 advectus,
1178 1646 1364 1712 vocatusque
1383 1637 1410 1694 iu
1429 1654 1483 1692 con·

438 1743 532 1799 silium
553 1741 596 1798 ita
616 1740 708 1800 ferme
729 1743 841 1800 locutus
864 1761 942 1814 csse,
971 1752 1004 1800 ut
1024 1742 1095 1800 nihil
1116 1745 1265 1800 sententiae
1286 1761 1349 1800 suae
1370 1749 1483 1811 mutaret,

389 1849 425 1904 10
438 1866 542 1905 causas
572 1857 684 1904 tantum
712 1849 865 1906 adiiceret:
895 1850 993 1925 priore
1024 1868 1055 1906 se
1085 1848 1221 1919 consilio,
1254 1850 1336 1923 quod
1363 1849 1483 1924 optimum

438 1934 570 2023 duceret,
602 1972 667 2011 cum
689 1953 889 2030 potentissimo
911 1956 1019 2031 populo
1041 1975 1095 2032 per
1117 1953 1219 2028 ingens
1242 1955 1414 2012 beneficium
1433 1971 1484 2028 per

438 2068 555 2135 petuam
577 2061 694 2116 firmare
715 2077 817 2135 pacem
841 2060 1073 2134 amicitiamque;
1095 2059 1186 2118 altero
1209 2059 1332 2117 consilio
1349 2061 1381 2118 in
1397 2059 1484 2118 multus

438 2173 547 2235 aetates,
569 2165 682 2240 quibus,
703 2164 816 2222 emissis
834 2164 947 2222 duobus
962 2165 1144 2236 exercitibus,
1157 2165 1236 2222 haud
1249 2164 1339 2222 facile
1352 2175 1485 2241 receptura

438 2270 514 2328 vires
535 2272 671 2328 Romana
691 2289 738 2327 res
760 2279 838 2340 essct,
868 2269 973 2327 bellum
996 2268 1125 2340 differre;
1155 2271 1271 2327 tertium
1300 2272 1413 2328 nullum
1432 2288 1484 2326 cou-

389 2376 422 2432 ll
437 2377 532 2434 silium
554 2395 626 2434 esse.
674 2377 770 2451 Quum
791 2376 867 2432 filius
889 2376 996 2451 aliique
1022 2376 1166 2451 principes
1194 2377 1397 2451 percontando
1419 2393 1485 2432 exse

437 2493 601 2557 querentur,
622 2483 701 2557 quid,
722 2483 748 2539 si
769 2482 866 2540 medie
886 2481 936 2538 via
957 2481 1068 2538 consilii
1089 2491 1250 2556 caperetur,
1272 2491 1307 2539 ut
1328 2492 1357 2540 et
1379 2481 1485 2539 dimitte
1517 2539 1518 2544 χ

436 2597 535 2646 rentur
555 2588 713 2646 incolumes
736 2597 766 2646 et
789 2588 868 2662 leges
899 2588 935 2645 iis
965 2588 1028 2646 iure
1056 2587 1123 2644 belli
1154 2587 1237 2645 victis
1274 2588 1486 2663 imponerentur.
1517 2565 1518 2574 ἵ

389 2691 520 2764 12„1sta
541 2695 656 2770 quidem
684 2694 845 2751 sententia“
874 2694 967 2769 inquit
1001 2713 1056 2763 ,ea
1083 2702 1141 2760 est,
1174 2712 1238 2768 qum
1264 2714 1363 2769 neque
1393 2693 1486 2750 amicos

436 2809 523 2876 parat
556 2819 610 2857 nec
641 2799 773 2856 inimicos
800 2799 883 2856 tollit.
944 2799 1066 2858 Servate
1094 2799 1197 2870 modo,
1234 2819 1309 2876 quos
1342 2796 1488 2876 ignominia
1517 2831 1518 2846 η

435 2906 632 2975 irritaveritis3
652 2924 689 2962 ee
710 2915 754 2962 est
774 2907 908 2963 Romana
929 2924 1010 2981 gene,
1031 2924 1096 2980 quae
1116 2905 1194 2963 victa
1215 2907 1367 2981 quiescere
1381 2903 1486 2962 nesciat.

387 3008 423 3064 13
437 3012 525 3068 Vivet
555 3029 671 3085 semper
704 3011 733 3068 in
755 3013 920 3086 pectoribus
946 3012 1077 3080 illorum,
1104 3011 1241 3085 quicquid
1269 3011 1346 3068 istuc
1375 3025 1487 3086 presens

435 3116 592 3174 necessitas
621 3116 770 3186 inusserit,
797 3137 850 3176 nec
879 3136 929 3176 eos
957 3127 1025 3175 ante
1046 3115 1218 3192 multiplices
1233 3135 1338 3193 poenes
1354 3115 1487 3191 expetitas

352 3228 354 3245 '
437 3223 560 3281 euobis
583 3222 730 3298 quiescere
748 3224 850 3280 sinet.“

341 3317 363 3387 ‘l
517 3331 631 3388 Neutra
652 3329 794 3386 sententia
819 3336 949 3402 accepte,
968 3326 1132 3384 Herennius
1153 3328 1272 3385 domum
1295 3346 1311 3384 e
1333 3326 1433 3384 castris
1453 3331 1486 3380 est

436 3447 567 3506 evectus3
604 3446 633 3492 et
663 3435 693 3491 in
725 3435 827 3492 cestris
847 3433 988 3492 Romanis
1016 3451 1104 3507 quum
1131 3432 1241 3490 frustra
1264 3433 1349 3490 multi
1377 3438 1485 3489 conatus

436 3542 474 3598 ad
501 3541 708 3616 erumpendum
740 3541 819 3616 cepti
849 3547 946 3597 essent
974 3549 1003 3595 et
1028 3538 1087 3596 iam
1113 3537 1242 3596 omnium
1272 3558 1369 3596 rerum
1399 3534 1486 3610 iuopia

405 3645 527 3715 2esset,
560 3647 630 3703 victi
659 3647 832 3703 necessitate
858 3645 971 3721 legatos
1003 3645 1135 3715 mittunt,
1169 3645 1218 3719 qui
1248 3644 1373 3720 primum
1394 3657 1484 3718 pacem

435 3771 548 3826 tequam
571 3762 713 3827 peterent3
746 3752 771 3808 si
791 3771 894 3827 pacem
926 3771 985 3808 non
1011 3751 1214 3825 impetrarent,
1244 3750 1287 3806 uti
1305 3755 1483 3826 provocarent

405 3859 473 3916 bad
504 3877 642 3935 pugnam.
696 3858 774 3913 Tum
805 3856 928 3914 Pontius
960 3857 1135 3916 debellatum
1169 3874 1232 3914 esse
1263 3853 1425 3931 respondit,
1454 3859 1483 3914 ct

435 3965 571 4039 quoniam
603 3983 641 4021 ne
667 3963 736 4020 victi
765 3961 881 4037 quidem
916 3979 950 4020 ac
982 3963 1059 4038 cepti
1091 3961 1239 4020 fortunam
1268 3960 1354 4018 fateri
1381 3958 1482 4017 sciren
1517 4005 1518 4008 ,

434 4069 557 4128 inermes
579 4088 644 4127 cum
666 4062 786 4144 singulis
807 4067 999 4130 vestimentis⁴
1017 4069 1070 4126 sub
1099 4069 1197 4146 iugum
1219 4067 1386 4133 missurum
1421 4061 1481 4118 aliut

404 4176 617 4233 lcondiciones
643 4177 725 4250 pacis
754 4175 852 4250 ae'quas
883 4174 967 4231 victis
995 4192 1029 4230 ac
1055 4175 1214 4232 victoribus
1250 4172 1327 4230 fore:
1364 4170 1388 4228 si
1421 4181 1480 4240 agro
1517 4231 1518 4262 ζ

434 4280 606 4340 Samnitium
628 4272 823 4350 decederetur,
844 4281 965 4339 coloniae
986 4281 1206 4350 abducerentur,
1228 4279 1289 4336 suis
1306 4273 1479 4368 indelegibur
1517 4263 1518 4276 *
