<?xml version="1.0" encoding="UTF-8"?>
<!DOCTYPE html PUBLIC "-//W3C//DTD XHTML 1.0 Transitional//EN"
    "http://www.w3.org/TR/xhtml1/DTD/xhtml1-transitional.dtd">
<html xmlns="http://www.w3.org/1999/xhtml" xml:lang="en" lang="en">
 <head>
  <title>
</title>
<meta http-equiv="Content-Type" content="text/html;charset=utf-8" />
  <meta name='ocr-system' content='tesseract 3.04.00' />
  <meta name='ocr-capabilities' content='ocr_page ocr_carea ocr_par ocr_line ocrx_word'/>
</head>
<body>
  <div class='ocr_page' id='page_1' title='image "./titiliviihistor03ussigoog_0508.png"; bbox 0 0 3392 5084; ppageno 0'>
   <div class='ocr_carea' id='block_1_1' title="bbox 467 503 1159 569">
    <p class='ocr_par' dir='ltr' id='par_1_1' title="bbox 467 503 1159 569">
     <span class='ocr_line' id='line_1_1' title="bbox 467 503 1159 569; baseline -0.01 -6"><span class='ocrx_word' id='word_1_1' title='bbox 467 507 525 564; x_wconf 80' lang='lat'>140</span> <span class='ocrx_word' id='word_1_2' title='bbox 741 503 821 554; x_wconf 75' lang='lat' dir='ltr'>uther</span> <span class='ocrx_word' id='word_1_3' title='bbox 839 503 913 558; x_wconf 89' lang='lat' dir='ltr'>vm.</span> <span class='ocrx_word' id='word_1_4' title='bbox 950 505 998 569; x_wconf 86' lang='grc' dir='ltr'>(Δ.</span> <span class='ocrx_word' id='word_1_5' title='bbox 1009 521 1036 558; x_wconf 88' lang='lat' dir='ltr'>u.</span> <span class='ocrx_word' id='word_1_6' title='bbox 1048 521 1071 560; x_wconf 87' lang='lat' dir='ltr'>e.</span> <span class='ocrx_word' id='word_1_7' title='bbox 1084 507 1159 568; x_wconf 72' lang='lat'>482.)</span> 
     </span>
    </p>
   </div>
   <div class='ocr_carea' id='block_1_2' title="bbox 375 688 1512 2568">
    <p class='ocr_par' dir='ltr' id='par_1_2' title="bbox 375 688 1512 2568">
     <span class='ocr_line' id='line_1_2' title="bbox 424 688 1457 766; baseline 0.001 -19"><span class='ocrx_word' id='word_1_8' title='bbox 424 707 530 765; x_wconf 86' lang='lat' dir='ltr'>magna</span> <span class='ocrx_word' id='word_1_9' title='bbox 551 689 683 746; x_wconf 76' lang='lat' dir='ltr'><strong>mercede</strong></span> <span class='ocrx_word' id='word_1_10' title='bbox 704 688 899 766; x_wconf 85' lang='lat' dir='ltr'>luendumque</span> <span class='ocrx_word' id='word_1_11' title='bbox 927 708 1004 761; x_wconf 88' lang='lat' dir='ltr'>esse;</span> <span class='ocrx_word' id='word_1_12' title='bbox 1035 690 1066 748; x_wconf 87' lang='lat' dir='ltr'>id</span> <span class='ocrx_word' id='word_1_13' title='bbox 1091 689 1201 750; x_wconf 81' lang='lat' dir='ltr'>referre</span> <span class='ocrx_word' id='word_1_14' title='bbox 1228 698 1352 761; x_wconf 86' lang='lat' dir='ltr'>tautum,</span> <span class='ocrx_word' id='word_1_15' title='bbox 1379 699 1457 748; x_wconf 78' lang='lat' dir='ltr'>utrum</span> 
     </span>
     <span class='ocr_line' id='line_1_3' title="bbox 423 794 1457 873; baseline 0 -20"><span class='ocrx_word' id='word_1_16' title='bbox 423 794 565 871; x_wconf 87' lang='lat' dir='ltr'>supplicia</span> <span class='ocrx_word' id='word_1_17' title='bbox 586 795 676 852; x_wconf 83' lang='lat' dir='ltr'>noxio</span> <span class='ocrx_word' id='word_1_18' title='bbox 697 813 857 870; x_wconf 86' lang='lat' dir='ltr'>paucorum</span> <span class='ocrx_word' id='word_1_19' title='bbox 884 816 923 855; x_wconf 86' lang='lat' dir='ltr'>an</span> <span class='ocrx_word' id='word_1_20' title='bbox 949 798 1078 855; x_wconf 88' lang='lat' dir='ltr'>omnium</span> <span class='ocrx_word' id='word_1_21' title='bbox 1103 796 1224 855; x_wconf 90' lang='lat' dir='ltr'>innoxio</span> <span class='ocrx_word' id='word_1_22' title='bbox 1245 798 1383 873; x_wconf 71' lang='lat' dir='ltr'>prebeant</span> <span class='ocrx_word' id='word_1_23' title='bbox 1404 815 1457 853; x_wconf 86' lang='lat' dir='ltr'>sau·</span> 
     </span>
     <span class='ocr_line' id='line_1_4' title="bbox 423 901 1508 978; baseline 0.002 -20"><span class='ocrx_word' id='word_1_24' title='bbox 423 902 533 978; x_wconf 88' lang='lat' dir='ltr'>guine..</span> <span class='ocrx_word' id='word_1_25' title='bbox 561 901 777 976; x_wconf 83' lang='lat' dir='ltr'>Audebautque</span> <span class='ocrx_word' id='word_1_26' title='bbox 795 903 856 960; x_wconf 89' lang='lat' dir='ltr'>iam</span> <span class='ocrx_word' id='word_1_27' title='bbox 870 903 988 978; x_wconf 87' lang='lat' dir='ltr'>quidam</span> <span class='ocrx_word' id='word_1_28' title='bbox 1003 904 1152 962; x_wconf 84' lang='lat' dir='ltr'>nominare</span> <span class='ocrx_word' id='word_1_29' title='bbox 1168 913 1303 962; x_wconf 74' lang='lat' dir='ltr'><strong>auctores</strong></span> <span class='ocrx_word' id='word_1_30' title='bbox 1324 923 1455 960; x_wconf 89' lang='lat' dir='ltr'>ermomm</span> <span class='ocrx_word' id='word_1_31' title='bbox 1507 905 1508 932; x_wconf 75' lang='lat'>³</span> 
     </span>
     <span class='ocr_line' id='line_1_5' title="bbox 375 1006 1456 1084; baseline 0.004 -22"><span class='ocrx_word' id='word_1_32' title='bbox 375 1006 411 1063; x_wconf 80' lang='lat'>12</span> <span class='ocrx_word' id='word_1_33' title='bbox 423 1009 522 1068; x_wconf 90' lang='lat' dir='ltr'>Unum</span> <span class='ocrx_word' id='word_1_34' title='bbox 541 1007 669 1084; x_wconf 62' lang='lat' dir='ltr'>marime</span> <span class='ocrx_word' id='word_1_35' title='bbox 683 1026 787 1065; x_wconf 90' lang='lat' dir='ltr'>nomen</span> <span class='ocrx_word' id='word_1_36' title='bbox 805 1028 859 1084; x_wconf 89' lang='lat' dir='ltr'>per</span> <span class='ocrx_word' id='word_1_37' title='bbox 880 1027 1049 1068; x_wconf 89' lang='lat' dir='ltr'>consensum</span> <span class='ocrx_word' id='word_1_38' title='bbox 1068 1009 1254 1067; x_wconf 79' lang='lat' dir='ltr'><strong>clamantium</strong></span> <span class='ocrx_word' id='word_1_39' title='bbox 1270 1009 1376 1067; x_wconf 83' lang='lat' dir='ltr'>Brutuli</span> <span class='ocrx_word' id='word_1_40' title='bbox 1388 1009 1456 1083; x_wconf 86' lang='lat' dir='ltr'>Papi</span> 
     </span>
     <span class='ocr_line' id='line_1_6' title="bbox 425 1113 1456 1191; baseline -0.002 -19"><span class='ocrx_word' id='word_1_41' title='bbox 425 1114 649 1183; x_wconf 81' lang='lat' dir='ltr'>exaudiebatur;</span> <span class='ocrx_word' id='word_1_42' title='bbox 680 1113 727 1170; x_wconf 85' lang='lat' dir='ltr'>vir</span> <span class='ocrx_word' id='word_1_43' title='bbox 746 1113 852 1172; x_wconf 87' lang='lat' dir='ltr'>nobilis</span> <span class='ocrx_word' id='word_1_44' title='bbox 872 1125 1034 1191; x_wconf 86' lang='lat' dir='ltr'>potensque</span> <span class='ocrx_word' id='word_1_45' title='bbox 1057 1125 1135 1186; x_wconf 89' lang='lat' dir='ltr'>erat,</span> <span class='ocrx_word' id='word_1_46' title='bbox 1165 1115 1245 1174; x_wconf 88' lang='lat' dir='ltr'>baud</span> <span class='ocrx_word' id='word_1_47' title='bbox 1275 1115 1358 1173; x_wconf 90' lang='lat' dir='ltr'>dubie</span> <span class='ocrx_word' id='word_1_48' title='bbox 1376 1113 1456 1190; x_wconf 86' lang='lat' dir='ltr'>proxi·</span> 
     </span>
     <span class='ocr_line' id='line_1_7' title="bbox 425 1219 1457 1296; baseline -0.002 -18"><span class='ocrx_word' id='word_1_49' title='bbox 425 1240 536 1278; x_wconf 86' lang='lat' dir='ltr'>marum</span> <span class='ocrx_word' id='word_1_50' title='bbox 568 1219 743 1278; x_wconf 78' lang='lat' dir='ltr'><strong>indutiarum</strong></span> <span class='ocrx_word' id='word_1_51' title='bbox 775 1230 888 1296; x_wconf 83' lang='lat' dir='ltr'>ruptor.</span> <span class='ocrx_word' id='word_1_52' title='bbox 946 1221 993 1280; x_wconf 92' lang='lat' dir='ltr'>De</span> <span class='ocrx_word' id='word_1_53' title='bbox 1022 1240 1057 1279; x_wconf 90' lang='lat' dir='ltr'>eo</span> <span class='ocrx_word' id='word_1_54' title='bbox 1090 1221 1184 1279; x_wconf 87' lang='lat' dir='ltr'>eoacti</span> <span class='ocrx_word' id='word_1_55' title='bbox 1211 1220 1319 1279; x_wconf 85' lang='lat' dir='ltr'>referre</span> <span class='ocrx_word' id='word_1_56' title='bbox 1343 1231 1457 1296; x_wconf 74' lang='lat' dir='ltr'>praetores</span> 
     </span>
     <span class='ocr_line' id='line_1_8' title="bbox 376 1323 1459 1403; baseline 0.002 -24"><span class='ocrx_word' id='word_1_57' title='bbox 376 1323 412 1380; x_wconf 79' lang='lat'>13</span> <span class='ocrx_word' id='word_1_58' title='bbox 425 1328 573 1385; x_wconf 87' lang='lat' dir='ltr'>decretum</span> <span class='ocrx_word' id='word_1_59' title='bbox 599 1324 745 1394; x_wconf 82' lang='lat' dir='ltr'>iecerunt,</span> <span class='ocrx_word' id='word_1_60' title='bbox 776 1336 809 1382; x_wconf 84' lang='lat' dir='ltr'>ut</span> <span class='ocrx_word' id='word_1_61' title='bbox 836 1326 973 1384; x_wconf 83' lang='lat' dir='ltr'>Brutulus</span> <span class='ocrx_word' id='word_1_62' title='bbox 1005 1327 1117 1403; x_wconf 85' lang='lat' dir='ltr'>Papius</span> <span class='ocrx_word' id='word_1_63' title='bbox 1148 1327 1292 1386; x_wconf 86' lang='lat' dir='ltr'>Romanis</span> <span class='ocrx_word' id='word_1_64' title='bbox 1324 1327 1459 1393; x_wconf 80' lang='lat' dir='ltr'>dederetur,</span> 
     </span>
     <span class='ocr_line' id='line_1_9' title="bbox 426 1430 1459 1510; baseline -0.006 -19"><span class='ocrx_word' id='word_1_65' title='bbox 426 1443 455 1491; x_wconf 91' lang='lat' dir='ltr'>et</span> <span class='ocrx_word' id='word_1_66' title='bbox 476 1451 540 1491; x_wconf 90' lang='lat' dir='ltr'>cum</span> <span class='ocrx_word' id='word_1_67' title='bbox 563 1450 598 1489; x_wconf 92' lang='lat' dir='ltr'>eo</span> <span class='ocrx_word' id='word_1_68' title='bbox 619 1430 720 1506; x_wconf 73' lang='lat' dir='ltr'>praeda</span> <span class='ocrx_word' id='word_1_69' title='bbox 740 1430 834 1488; x_wconf 88' lang='lat' dir='ltr'>omnis</span> <span class='ocrx_word' id='word_1_70' title='bbox 848 1432 992 1489; x_wconf 77' lang='lat' dir='ltr'>Romamel</span> <span class='ocrx_word' id='word_1_71' title='bbox 1005 1434 1170 1510; x_wconf 77' lang='lat' dir='ltr'>captivique</span> <span class='ocrx_word' id='word_1_72' title='bbox 1191 1442 1224 1490; x_wconf 92' lang='lat' dir='ltr'>ut</span> <span class='ocrx_word' id='word_1_73' title='bbox 1244 1435 1365 1491; x_wconf 88' lang='lat' dir='ltr'>Romam</span> <span class='ocrx_word' id='word_1_74' title='bbox 1385 1430 1459 1486; x_wconf 79' lang='lat' dir='ltr'>mitte</span> 
     </span>
     <span class='ocr_line' id='line_1_10' title="bbox 424 1536 1461 1614; baseline -0.006 -17"><span class='ocrx_word' id='word_1_75' title='bbox 424 1549 539 1610; x_wconf 83' lang='lat' dir='ltr'>rentur,</span> <span class='ocrx_word' id='word_1_76' title='bbox 572 1555 694 1612; x_wconf 79' lang='lat' dir='ltr'>quaeque</span> <span class='ocrx_word' id='word_1_77' title='bbox 723 1555 771 1594; x_wconf 89' lang='lat' dir='ltr'>res</span> <span class='ocrx_word' id='word_1_78' title='bbox 797 1556 850 1612; x_wconf 88' lang='lat' dir='ltr'>per</span> <span class='ocrx_word' id='word_1_79' title='bbox 876 1536 990 1597; x_wconf 81' lang='lat' dir='ltr'>fetiales</span> <span class='ocrx_word' id='word_1_80' title='bbox 1017 1559 1054 1598; x_wconf 90' lang='lat' dir='ltr'>ex</span> <span class='ocrx_word' id='word_1_81' title='bbox 1082 1539 1191 1598; x_wconf 83' lang='lat' dir='ltr'>foedere</span> <span class='ocrx_word' id='word_1_82' title='bbox 1222 1538 1350 1614; x_wconf 76' lang='lat' dir='ltr'>repetita</span> <span class='ocrx_word' id='word_1_83' title='bbox 1377 1543 1461 1602; x_wconf 81' lang='lat' dir='ltr'>essert,</span> 
     </span>
     <span class='ocr_line' id='line_1_11' title="bbox 378 1641 1510 1718; baseline -0.005 -15"><span class='ocrx_word' id='word_1_84' title='bbox 378 1642 581 1704; x_wconf 78' lang='lat' dir='ltr'>¹4secundum</span> <span class='ocrx_word' id='word_1_85' title='bbox 603 1643 649 1700; x_wconf 86' lang='lat' dir='ltr'>ius</span> <span class='ocrx_word' id='word_1_86' title='bbox 669 1641 773 1718; x_wconf 86' lang='lat' dir='ltr'>fasque</span> <span class='ocrx_word' id='word_1_87' title='bbox 793 1643 1019 1704; x_wconf 74' lang='lat' dir='ltr'>restituerentur.</span> <span class='ocrx_word' id='word_1_88' title='bbox 1063 1646 1190 1704; x_wconf 80' lang='lat' dir='ltr'>Fetiales</span> <span class='ocrx_word' id='word_1_89' title='bbox 1210 1647 1346 1714; x_wconf 86' lang='lat' dir='ltr'>Romam,</span> <span class='ocrx_word' id='word_1_90' title='bbox 1365 1651 1394 1699; x_wconf 83' lang='lat' dir='ltr'>ut</span> <span class='ocrx_word' id='word_1_91' title='bbox 1411 1659 1461 1698; x_wconf 86' lang='lat' dir='ltr'>ceu·</span> <span class='ocrx_word' id='word_1_92' title='bbox 1509 1663 1510 1674; x_wconf 53' lang='lat'>¹</span> 
     </span>
     <span class='ocr_line' id='line_1_12' title="bbox 426 1747 1463 1828; baseline -0.006 -21"><span class='ocrx_word' id='word_1_93' title='bbox 426 1758 559 1818; x_wconf 86' lang='lat' dir='ltr'>suerunt,</span> <span class='ocrx_word' id='word_1_94' title='bbox 589 1748 669 1806; x_wconf 90' lang='lat' dir='ltr'>missi</span> <span class='ocrx_word' id='word_1_95' title='bbox 690 1759 719 1806; x_wconf 91' lang='lat' dir='ltr'>et</span> <span class='ocrx_word' id='word_1_96' title='bbox 739 1768 845 1826; x_wconf 90' lang='lat' dir='ltr'>corpus</span> <span class='ocrx_word' id='word_1_97' title='bbox 866 1750 981 1808; x_wconf 88' lang='lat' dir='ltr'>Brutuli</span> <span class='ocrx_word' id='word_1_98' title='bbox 1004 1753 1153 1823; x_wconf 88' lang='lat' dir='ltr'>exanime;</span> <span class='ocrx_word' id='word_1_99' title='bbox 1184 1753 1248 1828; x_wconf 91' lang='lat' dir='ltr'>ipse</span> <span class='ocrx_word' id='word_1_100' title='bbox 1269 1759 1361 1808; x_wconf 89' lang='lat' dir='ltr'>morte</span> <span class='ocrx_word' id='word_1_101' title='bbox 1379 1747 1463 1804; x_wconf 88' lang='lat' dir='ltr'>volun-</span> 
     </span>
     <span class='ocr_line' id='line_1_13' title="bbox 377 1854 1464 1932; baseline 0 -24"><span class='ocrx_word' id='word_1_102' title='bbox 377 1854 413 1908; x_wconf 84' lang='lat'>15</span> <span class='ocrx_word' id='word_1_103' title='bbox 426 1856 502 1913; x_wconf 89' lang='lat' dir='ltr'>taria</span> <span class='ocrx_word' id='word_1_104' title='bbox 515 1854 679 1930; x_wconf 75' lang='lat' dir='ltr'>ignominia</span> <span class='ocrx_word' id='word_1_105' title='bbox 693 1873 725 1914; x_wconf 88' lang='lat' dir='ltr'>se</span> <span class='ocrx_word' id='word_1_106' title='bbox 740 1872 775 1913; x_wconf 86' lang='lat' dir='ltr'>ac</span> <span class='ocrx_word' id='word_1_107' title='bbox 795 1855 936 1932; x_wconf 91' lang='lat' dir='ltr'>supplicio</span> <span class='ocrx_word' id='word_1_108' title='bbox 958 1858 1111 1916; x_wconf 75' lang='lat' dir='ltr'>subtraxit</span> <span class='ocrx_word' id='word_1_109' title='bbox 1143 1858 1268 1930; x_wconf 82' lang='lat' dir='ltr'>Placuit,</span> <span class='ocrx_word' id='word_1_110' title='bbox 1287 1875 1350 1914; x_wconf 90' lang='lat' dir='ltr'>cum</span> <span class='ocrx_word' id='word_1_111' title='bbox 1365 1869 1464 1928; x_wconf 88' lang='lat' dir='ltr'>corpore</span> 
     </span>
     <span class='ocr_line' id='line_1_14' title="bbox 427 1962 1466 2036; baseline -0.004 -18"><span class='ocrx_word' id='word_1_112' title='bbox 427 1963 506 2019; x_wconf 88' lang='lat' dir='ltr'>bona</span> <span class='ocrx_word' id='word_1_113' title='bbox 528 1979 644 2036; x_wconf 89' lang='lat' dir='ltr'>quoque</span> <span class='ocrx_word' id='word_1_114' title='bbox 675 1962 736 2020; x_wconf 87' lang='lat' dir='ltr'>eius</span> <span class='ocrx_word' id='word_1_115' title='bbox 758 1963 834 2022; x_wconf 83' lang='lat' dir='ltr'>dedi.</span> <span class='ocrx_word' id='word_1_116' title='bbox 884 1963 966 2021; x_wconf 89' lang='lat' dir='ltr'>Nihil</span> <span class='ocrx_word' id='word_1_117' title='bbox 997 1973 1094 2022; x_wconf 86' lang='lat' dir='ltr'>tamen</span> <span class='ocrx_word' id='word_1_118' title='bbox 1121 1983 1221 2022; x_wconf 87' lang='lat' dir='ltr'>earum</span> <span class='ocrx_word' id='word_1_119' title='bbox 1248 1981 1345 2020; x_wconf 88' lang='lat' dir='ltr'>rerum</span> <span class='ocrx_word' id='word_1_120' title='bbox 1381 1969 1466 2036; x_wconf 79' lang='lat' dir='ltr'>prater</span> 
     </span>
     <span class='ocr_line' id='line_1_15' title="bbox 427 2069 1468 2146; baseline -0.008 -18"><span class='ocrx_word' id='word_1_121' title='bbox 427 2069 568 2144; x_wconf 81' lang='lat' dir='ltr'>captivos,</span> <span class='ocrx_word' id='word_1_122' title='bbox 595 2087 630 2126; x_wconf 87' lang='lat' dir='ltr'>ac</span> <span class='ocrx_word' id='word_1_123' title='bbox 657 2071 682 2127; x_wconf 87' lang='lat' dir='ltr'>si</span> <span class='ocrx_word' id='word_1_124' title='bbox 712 2088 770 2145; x_wconf 89' lang='lat' dir='ltr'>qua</span> <span class='ocrx_word' id='word_1_125' title='bbox 798 2070 915 2145; x_wconf 85' lang='lat' dir='ltr'>cognita</span> <span class='ocrx_word' id='word_1_126' title='bbox 944 2089 981 2128; x_wconf 87' lang='lat' dir='ltr'>ex</span> <span class='ocrx_word' id='word_1_127' title='bbox 1011 2071 1111 2146; x_wconf 84' lang='lat' dir='ltr'>praeda</span> <span class='ocrx_word' id='word_1_128' title='bbox 1139 2079 1219 2142; x_wconf 85' lang='lat' dir='ltr'>suut,</span> <span class='ocrx_word' id='word_1_129' title='bbox 1253 2076 1400 2143; x_wconf 88' lang='lat' dir='ltr'>acceptum</span> <span class='ocrx_word' id='word_1_130' title='bbox 1424 2073 1468 2130; x_wconf 73' lang='lat' dir='ltr'>est,</span> 
     </span>
     <span class='ocr_line' id='line_1_16' title="bbox 428 2174 1468 2238; baseline -0.009 -4"><span class='ocrx_word' id='word_1_131' title='bbox 428 2185 589 2234; x_wconf 88' lang='lat' dir='ltr'>ceterarum</span> <span class='ocrx_word' id='word_1_132' title='bbox 610 2193 705 2232; x_wconf 90' lang='lat' dir='ltr'>rerum</span> <span class='ocrx_word' id='word_1_133' title='bbox 728 2175 811 2232; x_wconf 83' lang='lat' dir='ltr'>irrita</span> <span class='ocrx_word' id='word_1_134' title='bbox 831 2174 887 2233; x_wconf 87' lang='lat' dir='ltr'>fuit</span> <span class='ocrx_word' id='word_1_135' title='bbox 908 2176 1026 2238; x_wconf 86' lang='lat' dir='ltr'>deditio.</span> <span class='ocrx_word' id='word_1_136' title='bbox 1062 2177 1198 2235; x_wconf 79' lang='lat' dir='ltr'>Dictator</span> <span class='ocrx_word' id='word_1_137' title='bbox 1220 2193 1257 2233; x_wconf 83' lang='lat' dir='ltr'>ex</span> <span class='ocrx_word' id='word_1_138' title='bbox 1279 2183 1395 2231; x_wconf 85' lang='lat' dir='ltr'>senatus</span> <span class='ocrx_word' id='word_1_139' title='bbox 1415 2189 1468 2227; x_wconf 89' lang='lat' dir='ltr'>cou-</span> 
     </span>
     <span class='ocr_line' id='line_1_17' title="bbox 428 2265 1420 2356; baseline -0.003 -17"><span class='ocrx_word' id='word_1_140' title='bbox 428 2283 504 2339; x_wconf 87' lang='lat' dir='ltr'>sulte</span> <span class='ocrx_word' id='word_1_141' title='bbox 524 2281 722 2356; x_wconf 83' lang='lat' dir='ltr'>triumphavit.</span> <span class='ocrx_word' id='word_1_142' title='bbox 1417 2265 1420 2271; x_wconf 39' lang='lat'><strong>¹</strong></span> 
     </span>
     <span class='ocr_line' id='line_1_18' title="bbox 380 2385 1469 2463; baseline -0.006 -21"><span class='ocrx_word' id='word_1_143' title='bbox 380 2387 416 2443; x_wconf 83' lang='lat'>16</span> <span class='ocrx_word' id='word_1_144' title='bbox 511 2389 579 2445; x_wconf 91' lang='lat' dir='ltr'>Hoc</span> <span class='ocrx_word' id='word_1_145' title='bbox 600 2387 705 2444; x_wconf 91' lang='lat' dir='ltr'>bellum</span> <span class='ocrx_word' id='word_1_146' title='bbox 728 2405 747 2443; x_wconf 88' lang='lat' dir='ltr'>a</span> <span class='ocrx_word' id='word_1_147' title='bbox 767 2385 932 2444; x_wconf 89' lang='lat' dir='ltr'>consulibus</span> <span class='ocrx_word' id='word_1_148' title='bbox 954 2388 1091 2445; x_wconf 86' lang='lat' dir='ltr'>bellatum</span> <span class='ocrx_word' id='word_1_149' title='bbox 1116 2387 1235 2463; x_wconf 83' lang='lat' dir='ltr'>quidam</span> <span class='ocrx_word' id='word_1_150' title='bbox 1260 2393 1391 2443; x_wconf 77' lang='lat' dir='ltr'>auctores</span> <span class='ocrx_word' id='word_1_151' title='bbox 1411 2389 1469 2446; x_wconf 85' lang='lat' dir='ltr'>suut,</span> 
     </span>
     <span class='ocr_line' id='line_1_19' title="bbox 430 2475 1512 2568; baseline -0.011 -16"><span class='ocrx_word' id='word_1_152' title='bbox 430 2475 537 2568; x_wconf 71' lang='lat' dir='ltr'>eosdue</span> <span class='ocrx_word' id='word_1_153' title='bbox 558 2493 594 2550; x_wconf 91' lang='lat' dir='ltr'>de</span> <span class='ocrx_word' id='word_1_154' title='bbox 616 2492 794 2551; x_wconf 85' lang='lat' dir='ltr'>Samnitibus</span> <span class='ocrx_word' id='word_1_155' title='bbox 815 2492 1025 2568; x_wconf 86' lang='lat' dir='ltr'>triumphasse;</span> <span class='ocrx_word' id='word_1_156' title='bbox 1047 2489 1171 2552; x_wconf 82' lang='lat' dir='ltr'>Fabium</span> <span class='ocrx_word' id='word_1_157' title='bbox 1194 2493 1281 2550; x_wconf 86' lang='lat' dir='ltr'>etiam</span> <span class='ocrx_word' id='word_1_158' title='bbox 1303 2491 1333 2547; x_wconf 92' lang='lat' dir='ltr'>in</span> <span class='ocrx_word' id='word_1_159' title='bbox 1348 2487 1469 2565; x_wconf 80' lang='lat' dir='ltr'>Apuliam</span> <span class='ocrx_word' id='word_1_160' title='bbox 1511 2493 1512 2496; x_wconf 75' lang='grc'>’</span> 
     </span>
    </p>
   </div>
   <div class='ocr_carea' id='block_1_3' title="bbox 335 2576 1472 3098">
    <p class='ocr_par' dir='ltr' id='par_1_3' title="bbox 335 2576 1472 3098">
     <span class='ocr_line' id='line_1_20' title="bbox 335 2576 1471 2677; baseline -0.009 -16"><span class='ocrx_word' id='word_1_161' title='bbox 335 2592 382 2661; x_wconf 77' lang='grc'>40</span> <span class='ocrx_word' id='word_1_162' title='bbox 429 2599 603 2677; x_wconf 85' lang='lat' dir='ltr'>processisse</span> <span class='ocrx_word' id='word_1_163' title='bbox 625 2606 712 2674; x_wconf 88' lang='lat' dir='ltr'>atque</span> <span class='ocrx_word' id='word_1_164' title='bbox 735 2576 803 2655; x_wconf 89' lang='lat' dir='ltr'>iude</span> <span class='ocrx_word' id='word_1_165' title='bbox 822 2617 945 2673; x_wconf 85' lang='lat' dir='ltr'>magnas</span> <span class='ocrx_word' id='word_1_166' title='bbox 966 2601 1080 2674; x_wconf 85' lang='lat' dir='ltr'>praedas</span> <span class='ocrx_word' id='word_1_167' title='bbox 1101 2599 1203 2676; x_wconf 83' lang='lat' dir='ltr'>egisse.</span> <span class='ocrx_word' id='word_1_168' title='bbox 1246 2599 1312 2656; x_wconf 90' lang='lat' dir='ltr'>Nec</span> <span class='ocrx_word' id='word_1_169' title='bbox 1335 2596 1471 2668; x_wconf 74' lang='lat' dir='ltr'>discrepet,</span> 
     </span>
     <span class='ocr_line' id='line_1_21' title="bbox 398 2699 1471 2782; baseline -0.006 -21"><span class='ocrx_word' id='word_1_170' title='bbox 398 2704 500 2782; x_wconf 70' lang='lat' dir='ltr'>lquin</span> <span class='ocrx_word' id='word_1_171' title='bbox 539 2705 664 2763; x_wconf 84' lang='lat' dir='ltr'>dictator</span> <span class='ocrx_word' id='word_1_172' title='bbox 695 2723 731 2762; x_wconf 90' lang='lat' dir='ltr'>eo</span> <span class='ocrx_word' id='word_1_173' title='bbox 767 2723 843 2761; x_wconf 86' lang='lat' dir='ltr'>auno</span> <span class='ocrx_word' id='word_1_174' title='bbox 877 2707 916 2766; x_wconf 82' lang='lat' dir='ltr'>A.</span> <span class='ocrx_word' id='word_1_175' title='bbox 942 2703 1093 2764; x_wconf 87' lang='lat' dir='ltr'>Cornelius</span> <span class='ocrx_word' id='word_1_176' title='bbox 1125 2703 1224 2773; x_wconf 78' lang='lat' dir='ltr'>fuerit3</span> <span class='ocrx_word' id='word_1_177' title='bbox 1260 2703 1292 2760; x_wconf 91' lang='lat' dir='ltr'>id</span> <span class='ocrx_word' id='word_1_178' title='bbox 1324 2699 1471 2774; x_wconf 80' lang='lat' dir='ltr'>ambigitur,</span> 
     </span>
     <span class='ocr_line' id='line_1_22' title="bbox 430 2806 1472 2887; baseline -0.01 -16"><span class='ocrx_word' id='word_1_179' title='bbox 430 2812 534 2871; x_wconf 90' lang='lat' dir='ltr'>belline</span> <span class='ocrx_word' id='word_1_180' title='bbox 555 2810 672 2887; x_wconf 89' lang='lat' dir='ltr'>gerendi</span> <span class='ocrx_word' id='word_1_181' title='bbox 696 2828 785 2867; x_wconf 87' lang='lat' dir='ltr'>causa</span> <span class='ocrx_word' id='word_1_182' title='bbox 807 2820 920 2866; x_wconf 88' lang='lat' dir='ltr'>creatus</span> <span class='ocrx_word' id='word_1_183' title='bbox 948 2809 1002 2880; x_wconf 85' lang='lat' dir='ltr'>sit,</span> <span class='ocrx_word' id='word_1_184' title='bbox 1035 2829 1071 2867; x_wconf 84' lang='lat' dir='ltr'>an</span> <span class='ocrx_word' id='word_1_185' title='bbox 1092 2821 1125 2868; x_wconf 92' lang='lat' dir='ltr'>ut</span> <span class='ocrx_word' id='word_1_186' title='bbox 1153 2819 1237 2880; x_wconf 88' lang='lat' dir='ltr'>esset,</span> <span class='ocrx_word' id='word_1_187' title='bbox 1260 2809 1312 2884; x_wconf 90' lang='lat' dir='ltr'>qui</span> <span class='ocrx_word' id='word_1_188' title='bbox 1332 2807 1404 2865; x_wconf 88' lang='lat' dir='ltr'>ludis</span> <span class='ocrx_word' id='word_1_189' title='bbox 1424 2806 1472 2862; x_wconf 85' lang='lat' dir='ltr'>Ro·</span> 
     </span>
     <span class='ocr_line' id='line_1_23' title="bbox 431 2910 1472 2993; baseline -0.011 -18"><span class='ocrx_word' id='word_1_190' title='bbox 431 2919 538 2988; x_wconf 83' lang='lat' dir='ltr'>manis,</span> <span class='ocrx_word' id='word_1_191' title='bbox 568 2916 638 2991; x_wconf 86' lang='lat' dir='ltr'>quia</span> <span class='ocrx_word' id='word_1_192' title='bbox 659 2916 694 2975; x_wconf 90' lang='lat' dir='ltr'>L.</span> <span class='ocrx_word' id='word_1_193' title='bbox 716 2916 849 2973; x_wconf 86' lang='lat' dir='ltr'>Plautius</span> <span class='ocrx_word' id='word_1_194' title='bbox 873 2917 1089 2993; x_wconf 77' lang='lat' dir='ltr'>praetorgravi</span> <span class='ocrx_word' id='word_1_195' title='bbox 1115 2917 1218 2974; x_wconf 86' lang='lat' dir='ltr'>morbo</span> <span class='ocrx_word' id='word_1_196' title='bbox 1239 2913 1317 2972; x_wconf 83' lang='lat' dir='ltr'>forte</span> <span class='ocrx_word' id='word_1_197' title='bbox 1337 2910 1472 2988; x_wconf 88' lang='lat' dir='ltr'>implicitus</span> 
     </span>
     <span class='ocr_line' id='line_1_24' title="bbox 400 3012 1472 3098; baseline -0.007 -21"><span class='ocrx_word' id='word_1_198' title='bbox 400 3021 509 3092; x_wconf 70' lang='lat' dir='ltr'>derat,</span> <span class='ocrx_word' id='word_1_199' title='bbox 539 3023 651 3098; x_wconf 83' lang='lat' dir='ltr'>signum</span> <span class='ocrx_word' id='word_1_200' title='bbox 674 3021 819 3079; x_wconf 80' lang='lat' dir='ltr'>mit-tendis</span> <span class='ocrx_word' id='word_1_201' title='bbox 846 3021 994 3096; x_wconf 85' lang='lat' dir='ltr'>quadrigis</span> <span class='ocrx_word' id='word_1_202' title='bbox 1022 3022 1117 3091; x_wconf 88' lang='lat' dir='ltr'>daret,</span> <span class='ocrx_word' id='word_1_203' title='bbox 1147 3021 1322 3095; x_wconf 84' lang='lat' dir='ltr'>functusque</span> <span class='ocrx_word' id='word_1_204' title='bbox 1349 3038 1383 3076; x_wconf 91' lang='lat' dir='ltr'>eo</span> <span class='ocrx_word' id='word_1_205' title='bbox 1409 3012 1472 3073; x_wconf 84' lang='lat' dir='ltr'>haud</span> 
     </span>
    </p>
   </div>
   <div class='ocr_carea' id='block_1_4' title="bbox 401 3127 1513 3929">
    <p class='ocr_par' dir='ltr' id='par_1_4' title="bbox 432 3127 1513 3313">
     <span class='ocr_line' id='line_1_25' title="bbox 432 3127 1513 3203; baseline -0.004 -17"><span class='ocrx_word' id='word_1_206' title='bbox 432 3147 502 3186; x_wconf 87' lang='lat' dir='ltr'>saue</span> <span class='ocrx_word' id='word_1_207' title='bbox 535 3129 714 3186; x_wconf 83' lang='lat' dir='ltr'>memorandi</span> <span class='ocrx_word' id='word_1_208' title='bbox 750 3127 864 3203; x_wconf 81' lang='lat' dir='ltr'>imperii</span> <span class='ocrx_word' id='word_1_209' title='bbox 896 3127 1053 3184; x_wconf 83' lang='lat' dir='ltr'>ministerio</span> <span class='ocrx_word' id='word_1_210' title='bbox 1088 3147 1119 3185; x_wconf 90' lang='lat' dir='ltr'>se</span> <span class='ocrx_word' id='word_1_211' title='bbox 1155 3128 1300 3190; x_wconf 84' lang='lat' dir='ltr'>dictatura</span> <span class='ocrx_word' id='word_1_212' title='bbox 1333 3128 1472 3188; x_wconf 81' lang='lat' dir='ltr'>abdicaret.</span> <span class='ocrx_word' id='word_1_213' title='bbox 1512 3169 1513 3172; x_wconf 16' lang='grc' dir='ltr'>η</span> 
     </span>
     <span class='ocr_line' id='line_1_26' title="bbox 432 3233 1471 3313; baseline -0.007 -18"><span class='ocrx_word' id='word_1_214' title='bbox 432 3237 496 3295; x_wconf 90' lang='lat' dir='ltr'>Nec</span> <span class='ocrx_word' id='word_1_215' title='bbox 522 3234 608 3292; x_wconf 86' lang='lat' dir='ltr'>facile</span> <span class='ocrx_word' id='word_1_216' title='bbox 639 3243 683 3291; x_wconf 88' lang='lat' dir='ltr'>est</span> <span class='ocrx_word' id='word_1_217' title='bbox 710 3242 761 3291; x_wconf 88' lang='lat' dir='ltr'>aut</span> <span class='ocrx_word' id='word_1_218' title='bbox 786 3251 847 3290; x_wconf 88' lang='lat' dir='ltr'>rem</span> <span class='ocrx_word' id='word_1_219' title='bbox 880 3233 922 3290; x_wconf 90' lang='lat' dir='ltr'>rei</span> <span class='ocrx_word' id='word_1_220' title='bbox 943 3243 1003 3290; x_wconf 82' lang='lat' dir='ltr'>-aut</span> <span class='ocrx_word' id='word_1_221' title='bbox 1028 3242 1175 3291; x_wconf 88' lang='lat' dir='ltr'>auctorem</span> <span class='ocrx_word' id='word_1_222' title='bbox 1203 3237 1314 3295; x_wconf 83' lang='lat' dir='ltr'>auctori</span> <span class='ocrx_word' id='word_1_223' title='bbox 1346 3233 1471 3313; x_wconf 72' lang='lat' dir='ltr'>preferre.</span> 
     </span>
    </p>

    <p class='ocr_par' dir='ltr' id='par_1_5' title="bbox 401 3335 1471 3523">
     <span class='ocr_line' id='line_1_27' title="bbox 401 3335 1471 3419; baseline 0 -25"><span class='ocrx_word' id='word_1_224' title='bbox 401 3338 573 3399; x_wconf 78' lang='lat' dir='ltr'>4Vitiatum</span> <span class='ocrx_word' id='word_1_225' title='bbox 596 3341 765 3399; x_wconf 85' lang='lat' dir='ltr'>memoriam</span> <span class='ocrx_word' id='word_1_226' title='bbox 786 3339 955 3397; x_wconf 83' lang='lat' dir='ltr'>funebribus</span> <span class='ocrx_word' id='word_1_227' title='bbox 978 3339 1112 3397; x_wconf 87' lang='lat' dir='ltr'>laudibus</span> <span class='ocrx_word' id='word_1_228' title='bbox 1139 3359 1206 3398; x_wconf 88' lang='lat' dir='ltr'>reor</span> <span class='ocrx_word' id='word_1_229' title='bbox 1227 3341 1367 3419; x_wconf 81' lang='lat' dir='ltr'>falsIsque</span> <span class='ocrx_word' id='word_1_230' title='bbox 1386 3335 1471 3412; x_wconf 86' lang='lat' dir='ltr'>imagi·</span> 
     </span>
     <span class='ocr_line' id='line_1_28' title="bbox 432 3445 1470 3523; baseline -0.001 -20"><span class='ocrx_word' id='word_1_231' title='bbox 432 3466 500 3504; x_wconf 91' lang='lat' dir='ltr'>num</span> <span class='ocrx_word' id='word_1_232' title='bbox 523 3447 623 3517; x_wconf 80' lang='lat' dir='ltr'>titulis,</span> <span class='ocrx_word' id='word_1_233' title='bbox 645 3447 714 3504; x_wconf 90' lang='lat' dir='ltr'>dum</span> <span class='ocrx_word' id='word_1_234' title='bbox 734 3445 852 3504; x_wconf 71' lang='lat' dir='ltr'>familiae</span> <span class='ocrx_word' id='word_1_235' title='bbox 874 3446 911 3502; x_wconf 90' lang='lat' dir='ltr'>ad</span> <span class='ocrx_word' id='word_1_236' title='bbox 926 3463 958 3503; x_wconf 88' lang='lat' dir='ltr'>se</span> <span class='ocrx_word' id='word_1_237' title='bbox 973 3465 1094 3521; x_wconf 78' lang='lat' dir='ltr'>qumque</span> <span class='ocrx_word' id='word_1_238' title='bbox 1108 3446 1216 3504; x_wconf 83' lang='lat' dir='ltr'>famam</span> <span class='ocrx_word' id='word_1_239' title='bbox 1232 3467 1328 3506; x_wconf 88' lang='lat' dir='ltr'>rerum</span> <span class='ocrx_word' id='word_1_240' title='bbox 1344 3457 1470 3523; x_wconf 85' lang='lat' dir='ltr'>gestarum</span> 
     </span>
    </p>

    <p class='ocr_par' dir='ltr' id='par_1_6' title="bbox 401 3550 1470 3929">
     <span class='ocr_line' id='line_1_29' title="bbox 401 3550 1470 3627; baseline -0.001 -20"><span class='ocrx_word' id='word_1_241' title='bbox 401 3550 632 3627; x_wconf 82' lang='lat' dir='ltr'>5h0n0rumque</span> <span class='ocrx_word' id='word_1_242' title='bbox 652 3552 763 3610; x_wconf 81' lang='lat' dir='ltr'>fallenti</span> <span class='ocrx_word' id='word_1_243' title='bbox 792 3551 943 3610; x_wconf 88' lang='lat' dir='ltr'>mendacio</span> <span class='ocrx_word' id='word_1_244' title='bbox 971 3553 1102 3623; x_wconf 79' lang='lat' dir='ltr'>trahunt3</span> <span class='ocrx_word' id='word_1_245' title='bbox 1134 3553 1202 3610; x_wconf 90' lang='lat' dir='ltr'>inde</span> <span class='ocrx_word' id='word_1_246' title='bbox 1228 3563 1306 3612; x_wconf 87' lang='lat' dir='ltr'>certe</span> <span class='ocrx_word' id='word_1_247' title='bbox 1335 3565 1363 3611; x_wconf 89' lang='lat' dir='ltr'>et</span> <span class='ocrx_word' id='word_1_248' title='bbox 1387 3552 1470 3624; x_wconf 84' lang='lat' dir='ltr'>singu·</span> 
     </span>
     <span class='ocr_line' id='line_1_30' title="bbox 432 3655 1470 3735; baseline -0.001 -21"><span class='ocrx_word' id='word_1_249' title='bbox 432 3659 525 3715; x_wconf 91' lang='lat' dir='ltr'>lorum</span> <span class='ocrx_word' id='word_1_250' title='bbox 554 3667 638 3732; x_wconf 86' lang='lat' dir='ltr'>gesta</span> <span class='ocrx_word' id='word_1_251' title='bbox 669 3669 698 3717; x_wconf 90' lang='lat' dir='ltr'>et</span> <span class='ocrx_word' id='word_1_252' title='bbox 734 3658 851 3735; x_wconf 89' lang='lat' dir='ltr'>publiea</span> <span class='ocrx_word' id='word_1_253' title='bbox 888 3666 1073 3714; x_wconf 86' lang='lat' dir='ltr'>monumenta</span> <span class='ocrx_word' id='word_1_254' title='bbox 1112 3677 1208 3715; x_wconf 90' lang='lat' dir='ltr'>rerum</span> <span class='ocrx_word' id='word_1_255' title='bbox 1242 3660 1372 3721; x_wconf 85' lang='lat' dir='ltr'>confusa.</span> <span class='ocrx_word' id='word_1_256' title='bbox 1421 3655 1470 3713; x_wconf 81' lang='lat' dir='ltr'>Net</span> 
     </span>
     <span class='ocr_line' id='line_1_31' title="bbox 433 3757 1470 3840; baseline -0.008 -18"><span class='ocrx_word' id='word_1_257' title='bbox 433 3765 585 3840; x_wconf 88' lang='lat' dir='ltr'>quisquam</span> <span class='ocrx_word' id='word_1_258' title='bbox 612 3765 731 3839; x_wconf 84' lang='lat' dir='ltr'>aequalis</span> <span class='ocrx_word' id='word_1_259' title='bbox 758 3764 936 3839; x_wconf 85' lang='lat' dir='ltr'>temporibus</span> <span class='ocrx_word' id='word_1_260' title='bbox 962 3763 1018 3820; x_wconf 89' lang='lat' dir='ltr'>illis</span> <span class='ocrx_word' id='word_1_261' title='bbox 1045 3764 1169 3840; x_wconf 89' lang='lat' dir='ltr'>scriptor</span> <span class='ocrx_word' id='word_1_262' title='bbox 1198 3776 1309 3836; x_wconf 88' lang='lat' dir='ltr'>exstat,</span> <span class='ocrx_word' id='word_1_263' title='bbox 1338 3781 1393 3840; x_wconf 91' lang='lat' dir='ltr'>quo</span> <span class='ocrx_word' id='word_1_264' title='bbox 1415 3757 1470 3817; x_wconf 81' lang='lat' dir='ltr'>salis</span> 
     </span>
     <span class='ocr_line' id='line_1_32' title="bbox 433 3880 774 3929; baseline -0.003 -1"><span class='ocrx_word' id='word_1_265' title='bbox 433 3881 512 3928; x_wconf 84' lang='lat' dir='ltr'>certo</span> <span class='ocrx_word' id='word_1_266' title='bbox 536 3880 654 3929; x_wconf 87' lang='lat' dir='ltr'>auctore</span> <span class='ocrx_word' id='word_1_267' title='bbox 674 3880 774 3928; x_wconf 87' lang='lat' dir='ltr'>stetur.</span> 
     </span>
    </p>
   </div>
   <div class='ocr_carea' id='block_1_5' title="bbox 0 0 1737 5084">
    <p class='ocr_par' dir='ltr' id='par_1_7' title="bbox 0 0 1737 5084">
     <span class='ocr_line' id='line_1_33' title="bbox 0 0 1737 5084; baseline 0 0"><span class='ocrx_word' id='word_1_268' title='bbox 0 0 1737 5084; x_wconf 95' lang='lat' dir='ltr'> </span> 
     </span>
    </p>
   </div>
  </div>
 </body>
</html>
