3392 5084
675 550 752 599 Liber
767 551 787 599 1.
1185 558 1223 613 33

298 736 378 793 Haud
407 737 449 792 ita
477 734 568 792 multo
597 744 666 810 post
692 734 856 811 pestilentia
881 735 1044 795 laboratum
1074 747 1125 798 est.
1181 738 1297 798 Unded

217 860 299 917 quum
318 841 431 917 pigritia
449 839 592 897 militandi
615 849 752 912 oraretur,
780 842 862 899 nulla
883 850 979 900 tamen
1007 844 1044 901 ab
1073 842 1161 901 ermis
1185 844 1266 919 quies

216 947 332 1004 dabatur
361 967 379 1004 a
406 946 546 1005 bellicoso
568 963 652 1021 rege,
685 946 848 1005 salubriora
881 948 968 1005 etiam
998 948 1131 1005 credente
1160 948 1267 1007 militia

216 1072 297 1128 quam
317 1054 392 1111 domi
413 1052 550 1110 iuvenum
574 1070 698 1128 corpora
719 1071 791 1125 esse,
821 1055 913 1112 donec
933 1054 996 1130 ipse
1018 1072 1134 1130 quoque
1153 1054 1265 1131 longin-

216 1178 268 1233 quo
290 1161 387 1217 morbo
408 1166 454 1214 est
476 1156 641 1233 implicitus.
686 1158 770 1215 Tunc
791 1158 866 1216 adeo
895 1159 980 1218 fracti
1001 1159 1086 1217 simul
1112 1178 1176 1217 cum
1199 1167 1295 1221 cor-6

215 1284 283 1339 pore
300 1275 363 1323 sunt
383 1264 502 1340 spiritus
527 1264 568 1321 illi
594 1263 715 1334 feroces,
743 1272 789 1336 ut,
819 1264 869 1339 qui
895 1264 967 1323 nihil
994 1274 1061 1323 ente
1088 1274 1169 1323 ratus
1190 1275 1265 1324 esset

217 1372 301 1429 minus
319 1372 428 1448 reglum
458 1390 546 1445 quam
577 1368 668 1427 sacris
689 1368 794 1427 dedere
822 1370 966 1441 animum,
994 1380 1113 1446 repente
1131 1370 1264 1430 omnibus

214 1479 316 1553 magnis
334 1477 494 1554 parvisque
514 1474 773 1551 superstitionibus
798 1476 942 1534 obnoxius
968 1476 1087 1551 degeret
1118 1476 1263 1552 religioni·

213 1584 312 1659 busque
333 1584 421 1642 etiam
451 1582 601 1665 populum
620 1580 760 1675 impleret.
809 1582 908 1658 Vulgo
935 1582 993 1639 lam
1023 1582 1169 1653 homiues,
1198 1592 1293 1647 eum7
1350 1667 1354 1681 Ι

212 1698 305 1747 statum
316 1709 422 1760 rerum,
438 1690 488 1765 qui
502 1689 556 1746 sub
567 1688 667 1745 Numa
677 1704 745 1761 rege
756 1687 861 1758 iuerat,
875 1689 1064 1764 requirentes,
1079 1708 1166 1748 unam
1178 1709 1262 1765 opem

212 1796 287 1869 egris
306 1797 477 1872 corporibus
498 1794 643 1863 relictam,
671 1792 697 1849 si
739 1812 778 1851 ex
799 1795 943 1870 veniaque
965 1797 1002 1854 ab
1029 1795 1083 1854 diis
1107 1795 1263 1872 impetrata

212 1910 286 1970 esset,
312 1901 478 1960 credebant.
530 1901 631 1975 Ipsum
659 1812 760 1974 regin
789 1900 907 1958 tradunt
927 1901 1091 1961 volventem
1115 1906 1294 1964 commen-8

213 2008 290 2065 tanos
303 2009 418 2076 Numae,
434 2023 523 2080 quum
537 2006 578 2063 ibi
600 2004 734 2080 quoedam
749 2005 864 2063 occulta
878 2006 1029 2065 sollemnia
1044 2009 1186 2069 sacrificia
1196 2010 1262 2069 Iovi

213 2114 293 2172 Elicio
314 2114 394 2172 fucta
415 2112 582 2182 invenisset,
612 2120 763 2187 operatum
795 2110 830 2169 iis
856 2110 948 2169 sacris
970 2130 1001 2169 se
1023 2114 1182 2186 abdidisse;
1211 2117 1263 2175 sed

212 2238 261 2275 non
280 2221 331 2279 rite
350 2220 453 2278 initum
472 2225 671 2275 automatum
693 2218 723 2274 id
745 2236 859 2276 sucrum
876 2236 949 2287 esse,
971 2236 1023 2276 nec
1038 2220 1131 2278 solum
1153 2222 1261 2279 nullum

213 2326 234 2383 ei
252 2327 373 2385 oblatum
396 2323 550 2382 caelestium
571 2322 706 2398 speciem,
739 2324 790 2380 sed
818 2323 864 2381 ira
885 2323 966 2403 Iovis
994 2324 1139 2385 sollicitati
1167 2348 1262 2404 prava

212 2433 334 2508 religione
347 2432 468 2490 fulmine
482 2431 570 2489 ictum
593 2448 656 2487 cum
680 2429 767 2487 domo
789 2432 993 2505 conflagrasse.
1037 2432 1140 2491 Tullus
1155 2452 1262 2509 magna

212 2536 293 2609 gloria
312 2538 378 2597 belli
400 2538 533 2614 regnavit
556 2553 648 2595 annos
671 2536 753 2593 duos
767 2545 797 2593 et
819 2534 948 2611 triginta.

283 2646 396 2703 Mortuo
419 2644 585 2715 Tutores,
608 2651 639 2699 ut
659 2641 820 2730 institutum
849 2642 907 2698 iam
937 2642 1003 2701 inde
1026 2645 1062 2700 ab
1085 2644 1166 2701 initio
1189 2654 1260 2715 erat,
1310 2651 1355 2722 32

212 2749 242 2804 ad
262 2757 352 2823 patres
372 2751 515 2818 redierat,
541 2746 628 2821 hique
650 2745 823 2819 interregem
844 2746 1075 2805 nominaverant.
1123 2748 1189 2822 Quo
1212 2768 1260 2808 co·

212 2855 283 2911 mitia
301 2858 426 2914 habente
447 2858 563 2913 Ancum
584 2852 728 2909 Marcium
752 2869 851 2925 regem
873 2853 997 2928 populus
1020 2854 1141 2925 creavit;
1163 2865 1261 2931 petros

212 2960 281 3019 luere
299 2970 441 3021 suctores.
484 2961 590 3018 Numae
614 2954 752 3031 Pompilii
775 2955 852 3031 regis
874 2975 974 3032 nepos,
995 2959 1055 3017 filia
1078 2971 1173 3033 ortus,
1197 2964 1260 3020 An·

213 3086 254 3125 eus
275 3069 398 3126 Marcius
428 3067 501 3125 brat.
561 3063 619 3137 Qui
648 3069 679 3118 ut
708 3079 831 3136 regnare
861 3062 972 3137 coepit,
1005 3073 1032 3123 et
1055 3068 1139 3125 avitae
1160 3066 1291 3143 gloriae2

214 3192 309 3232 memor
329 3185 357 3233 et
386 3172 457 3249 quia
479 3170 644 3247 proximum
666 3184 803 3241 reguum,
833 3174 930 3225 cetera
951 3164 1112 3247 egregium,
1143 3172 1180 3229 ab
1203 3192 1261 3230 uns

214 3289 284 3351 parte
301 3281 378 3338 haud
401 3278 472 3336 satis
494 3292 665 3361 prosperum
694 3270 798 3342 fuerat,
828 3281 879 3329 aut
907 3274 1045 3349 neglectis
1073 3276 1260 3351 religionibus

214 3393 255 3440 un
272 3371 358 3460 prave
386 3382 486 3452 cultis,
509 3368 605 3473 [longe
637 3378 867 3452 antiquissimum
903 3388 984 3437 ratus
1020 3398 1104 3438 sacra
1134 3381 1260 3456 publiea,

216 3497 239 3544 ot
258 3492 291 3548 ab
311 3493 411 3551 Numa
431 3488 563 3546 instituta
584 3493 681 3556 eruut,
710 3483 817 3555 facere,
846 3486 945 3543 omnia
967 3506 1002 3543 eu
1023 3505 1061 3545 ex
1084 3498 1259 3545 commente-

214 3593 254 3651 n'is
272 3598 353 3673 reglis
377 3596 544 3674 pontificem
570 3593 601 3650 in
628 3590 725 3648 album
746 3590 824 3649 elatu
847 3610 1009 3666 proponere
1030 3592 1059 3650 in
1080 3593 1196 3669 publico
1217 3595 1261 3651 iu·

216 3699 260 3758 bet.
303 3705 374 3763 lude
399 3713 428 3760 et
455 3701 567 3759 civibus
588 3697 640 3755 otii
662 3696 772 3772 cupidis
800 3706 828 3755 et
848 3697 976 3755 finitimis
998 3699 1162 3759 civitatibus
1182 3700 1261 3759 facta

217 3823 276 3881 spes,
303 3810 332 3866 in
354 3810 403 3867 avi
431 3826 528 3865 mores
558 3816 646 3880 atque
674 3804 805 3861 institute
833 3823 931 3881 regem
961 3802 1113 3867 abiturum.
1169 3809 1292 3883 Igitur3

219 3910 306 3988 Latini,
320 3934 386 3975 cum
402 3914 508 3989 quibus
523 3911 610 3970 Tullo
627 3918 768 3986 regnante
781 3910 870 3967 ictum
885 3910 987 3969 foedus
1003 3923 1074 3983 erat,
1088 3914 1263 3971 sustulerant

219 4019 327 4094 omos,
357 4030 401 4089 et,
432 4038 521 4095 quum
542 4017 733 4075 incursionem
755 4016 786 4072 in
807 4034 910 4091 agrum
932 4019 1098 4076 Romanum
1118 4018 1262 4103 fecissent,

217 4128 391 4199 repetentibus
415 4144 463 4184 res
482 4123 623 4184 Romanis
643 4123 767 4198 superbe
788 4141 958 4199 responsum
981 4123 1113 4194 reddunt,
1135 4123 1262 4180 desidem

219 4226 364 4290 Romnum
393 4250 493 4309 regem
521 4230 597 4288 inter
623 4228 731 4287 sacella
752 4236 781 4285 et
801 4248 870 4286 aras
896 4234 1026 4287 acturum
1056 4244 1119 4285 esse
1142 4245 1262 4303 regnum

218 4337 269 4394 ruti.
309 4338 437 4395 Medium
468 4345 531 4395 erat
550 4336 580 4392 in
602 4337 688 4394 Anco
716 4333 877 4409 ingenium,
909 4342 936 4391 et
959 4336 1063 4393 Numoe
1096 4340 1124 4389 et
1146 4331 1293 4389 Romuli4

237 4447 293 4487 tirius
307 4461 331 4488 ex
343 4462 384 4488 rec⁴
399 4450 500 4497 ludvlgii.
1030 4440 1044 4484 3
