3392 5084
467 517 523 574 102
664 464 666 471 Ι
722 514 802 564 Liber
818 513 855 564 11.
890 514 935 577 (Δ.
947 515 1175 576 nesus-27³.)

391 697 457 756 leo
478 717 555 757 anno
576 698 693 758 Volscis
713 699 889 776 AEquisqna
910 699 1028 757 militem
1050 700 1149 776 praede
1169 698 1353 758 fraudavero.
1393 699 1475 773 Quic-

424 804 494 878 quid
514 813 630 880 captum
651 823 690 862 ex
710 806 841 864 hostibus
864 814 916 876 est,
939 805 1068 863 vendidit
1083 805 1195 864 Fabius
1208 805 1309 863 consul
1323 824 1358 864 ac
1369 805 1476 881 redegit

423 910 453 967 iu
474 910 631 986 publicum.

505 1016 636 1075 Invisum
658 999 722 1074 erut
741 1015 867 1075 Fabium
896 1035 1002 1074 nomen
1033 1016 1111 1093 plebi
1142 1023 1261 1092 propter
1292 1017 1475 1075 novissimum

249 1090 413 1215 {¹212}ss
424 1123 584 1193 consulem
615 1131 733 1181 tenum
763 1132 861 1181 tumen
888 1132 1002 1199 patres,
1033 1132 1066 1179 nt
1091 1141 1156 1179 cum
1184 1123 1218 1179 L.
1245 1123 1368 1181 AEmilio
1399 1121 1476 1181 Caeso

394 1230 534 1290 asabias
560 1229 660 1288 consul
686 1225 842 1286 creabatur.
896 1229 941 1288 Eo
967 1226 1101 1286 infestior
1121 1227 1201 1286 facta
1221 1228 1321 1304 plebes
1342 1229 1477 1286 seditione

425 1336 584 1394 someron
604 1310 709 1393 botuli
730 1346 880 1393 asomum
902 1333 1018 1392 excivit
1072 1333 1154 1391 nouo
1184 1333 1286 1391 sauss
1308 1334 1407 1392 civiles
1425 1334 1478 1391 uis-

424 1442 530 1501 cordia
550 1439 735 1509 interminum
756 1459 814 1498 uno
835 1440 933 1498 animo
955 1449 1054 1517 patres
1068 1458 1103 1497 ac
1116 1440 1198 1516 plebs
1220 1439 1393 1503 rebellantes
1411 1441 1478 1498 Vol-

342 1559 348 1570 '
394 1556 489 1610 4scos
511 1556 540 1606 et
558 1549 675 1621 AEquos
696 1546 769 1604 duce
795 1547 919 1605 AEmilio
946 1563 1088 1622 prospera
1118 1563 1218 1623 pugna
1249 1545 1368 1604 vicere·
1412 1545 1478 1604 Plus

425 1666 523 1712 tamon
543 1652 669 1710 bostium
690 1651 762 1728 fuga
783 1669 871 1726 quum
892 1652 1034 1729 proelium
1056 1651 1232 1727 absumpsit3
1259 1651 1333 1710 adeo
1354 1653 1478 1728 pertine-

396 1761 498 1822 ociter
516 1759 599 1817 fusos
619 1758 740 1816 insecuti
758 1769 825 1816 aunt
845 1759 966 1834 equites.
1020 1756 1150 1816 Castoris
1177 1757 1254 1814 udas
1281 1759 1382 1815 eodem
1407 1777 1477 1816 auno
1520 1739 1521 1830 l

425 1865 520 1925 idibus
532 1863 709 1938 Quintilibus
730 1865 864 1922 dedicata
885 1875 943 1935 est;
964 1873 1035 1922 vota
1053 1871 1117 1920 erat
1130 1863 1237 1920 Latino
1251 1862 1328 1920 bello
1344 1881 1363 1920 a
1376 1863 1479 1922 Postu·
1520 1831 1521 1906 l

426 1972 485 2030 mio
505 1970 662 2041 dictatos-03
683 1969 847 2042 filiuseius,
869 1971 1005 2050 duumvir
1026 1969 1066 2027 ad
1086 1969 1116 2027 id
1134 1969 1230 2045 ipsum
1252 1976 1376 2039 creatus,
1401 1969 1478 2026 dadi-

395 2078 512 2139 bcarit.
568 2076 722 2138 sollicitati
755 2085 785 2136 et
818 2096 854 2144 eo
886 2095 962 2134 anno
992 2085 1060 2133 sunt
1091 2074 1241 2134 dulcedine
1268 2076 1390 2150 agrariae
1412 2077 1479 2152 legis

426 2185 515 2244 animi
534 2184 639 2261 plebis.
693 2183 817 2241 Tribuni
841 2183 935 2259 plebis
956 2181 1126 2258 popularem
1147 2189 1321 2257 potestatem
1346 2182 1410 2258 lege
1430 2201 1478 2258 po·

426 2289 522 2367 pulcri
554 2290 753 2360 celebrabant;
784 2299 892 2365 patres,
917 2287 988 2346 satis
1017 2305 1161 2363 superque
1187 2287 1305 2363 gratuiti
1326 2288 1433 2348 furoris
1452 2290 1478 2345 in

427 2397 608 2455 multitudine
622 2398 771 2455 credentes
785 2401 858 2465 esse,
872 2394 1040 2470 largitiones
1052 2379 1281 2470 ‘temeritatisque
1294 2395 1479 2466 invitamenta

427 2504 594 2562 horrebant:
630 2502 792 2561 =Acerrimi
817 2501 948 2578 patribus
970 2502 1057 2558 duces
1079 2501 1117 2558 ad
1138 2501 1327 2560 resistendum
1353 2500 1479 2560 consules

399 2608 518 2669 liuere.
561 2609 608 2666 Ea
627 2608 715 2684 igitur
735 2626 804 2684 para
817 2607 861 2665 rei
874 2608 997 2684 publicae
1017 2607 1095 2678 vicit,
1117 2627 1170 2666 nec
1187 2607 1217 2666 in
1238 2625 1366 2684 praesens
1387 2607 1478 2665 modo.

256 2690 478 2814 ἢὲἶέὲοεοᾱ
504 2715 534 2772 in
562 2714 724 2772 venientem
747 2713 839 2770 etiam
857 2731 963 2771 annum
984 2713 1026 2770 M.
1048 2711 1182 2782 Fabium,
1204 2711 1334 2773 Caesonis
1355 2713 1478 2773 fratrum

427 2833 457 2880 et
488 2819 738 2896 magis'iurisum
770 2819 892 2876 alterum
923 2819 1001 2895 plebi
1032 2819 1217 2877 accusatione
1243 2819 1293 2897 Sp.
1322 2821 1427 2890 Cassii,
1448 2819 1478 2876 L.

426 2927 587 2998 Valerium,
608 2925 741 2984 consules
762 2925 848 2985 dedit.

368 3006 374 3022 Χ
396 3034 414 3092 8
509 3031 659 3090 Certatum
682 3051 717 3088 oo
738 3049 854 3107 quoquo
876 3049 952 3088 anno
976 3049 1041 3090 cum
1063 3030 1184 3088 tribunis
1215 3039 1267 3088 est.
1322 3031 1411 3088 Vana
1438 3029 1480 3085 lex

427 3139 552 3215 vanique
572 3138 646 3214 logis
663 3147 796 3195 auctores
817 3136 954 3194 iactando
974 3111 1086 3194 initum
1111 3137 1214 3194 munus
1237 3135 1316 3194 faeti.
1360 3137 1479 3196 Fabium

426 3245 493 3303 inde
516 3264 621 3304 nomeu
643 3245 744 3320 ingena
763 3253 832 3320 post
853 3253 911 3300 tres
931 3243 1081 3302 continuos
1096 3241 1262 3299 consulatus
1276 3260 1393 3318 unoque
1407 3242 1480 3300 velut

355 3386 358 3389 ·
427 3361 528 3409 tenore
550 3370 652 3410 omnes
673 3358 808 3426 expertos
822 3349 982 3407 tribuniciis
996 3348 1200 3406 certaminibus
1214 3345 1362 3418 babitum3
1379 3347 1481 3423 itaqua
1519 3339 1520 3344 '

398 3461 461 3517 9ut
480 3459 555 3515 bene
574 3458 697 3526 locutus,
718 3455 824 3513 mansit
844 3456 875 3512 in
896 3475 931 3512 ea
952 3453 1063 3513 familia
1084 3453 1262 3528 aliquamdiu
1277 3454 1379 3512 honos.
1416 3451 1481 3510 Bel·
1519 3495 1520 3500 κ

306 3628 308 3631 ,
429 3563 488 3620 lum
509 3563 577 3620 inde
597 3562 706 3619 Veiens
734 3562 851 3643 initum,
885 3571 913 3620 et
938 3562 1034 3620 Volsci
1054 3559 1245 3629 rebellas-unm
1277 3559 1327 3616 sed
1351 3560 1389 3617 ad
1410 3559 1481 3617 bella
1519 3549 1520 3588 ἶ

430 3678 550 3727 externa
570 3687 662 3744 prope
684 3678 853 3744 supererant
873 3668 959 3738 viras,
980 3667 1231 3741 abutebanturque
1251 3665 1286 3722 iis
1307 3666 1384 3724 inter
1397 3673 1481 3724 semet
1519 3665 1520 3696 l

382 3781 417 3835 to
430 3776 509 3851 ipsos
541 3774 688 3834 certando.
743 3777 902 3832 Accessere
934 3775 972 3832 ad
1004 3791 1097 3848 aegras
1128 3772 1185 3829 iam
1216 3771 1344 3829 omnium
1378 3778 1481 3828 mentes

429 3880 565 3957 prodigia
585 3878 724 3951 caelestia,
759 3897 851 3957 prope
880 3879 1064 3955 quotidianas
1091 3879 1121 3936 in
1142 3877 1214 3936 urbe
1235 3877 1370 3952 agrisque
1392 3863 1480 3934 osten·
1519 3879 1520 3918 Ὗ

363 4021 369 4035 =
430 3986 524 4044 tantia
545 3986 653 4057 minas3
674 3987 803 4062 motique
823 3987 869 4045 ira
889 3986 1014 4044 numinis
1028 4003 1155 4043 causam
1177 3983 1286 4042 nullam
1302 3981 1390 4041 uliam
1405 3991 1480 4039 vates

430 4094 581 4164 canebant,
611 4093 726 4169 publice
747 4092 941 4169 privatimque
963 4111 1039 4150 nunc
1060 4092 1135 4149 extis
1156 4107 1232 4148 nunc
1252 4106 1305 4165 per
1325 4105 1396 4146 ares
1418 4105 1480 4145 oon-

383 4205 416 4261 11
430 4201 511 4275 sulti,
547 4219 635 4276 quam
666 4199 746 4256 haud
775 4199 830 4256 rite
860 4219 945 4258 sacra
974 4197 1051 4268 fieri;
1080 4195 1131 4272 qui
1156 4205 1281 4254 terrores
1306 4195 1423 4253 taudem
1449 4209 1480 4249 eo
