3392 5084
547 484 688 535 niboavl.
724 482 770 548 (A.
790 484 838 536 cu.
855 486 926 547 aas.)
1186 488 1220 545 ts

216 668 361 727 liberorum
381 670 508 745 capitum
530 669 560 727 in
581 670 623 727 eis
645 670 736 729 luisse
756 668 836 741 locis,
859 688 923 744 quar
936 688 1021 739 nunc,
1041 671 1264 731 rixseminario

219 775 314 849 exiguo
336 774 457 833 militum
467 766 583 845 relicto,
604 776 722 835 servitis
733 778 868 835 Romano
883 777 921 833 ab
940 776 1093 852 solitudine
1106 776 1261 834 vindicant

216 878 314 953 Ingens
334 888 420 951 certe,
442 881 520 957 quod
541 881 616 939 inter
637 900 737 942 omnes
758 891 892 940 auctores
913 881 1075 951 conveniat,
1097 888 1294 956 quanquamd

216 1002 299 1059 nuper
329 982 445 1043 Camilli
473 987 560 1045 ductu
592 998 679 1062 atque
706 987 835 1063 auspicio
866 988 968 1045 accisae
993 996 1159 1055 reserant,
1192 987 1263 1043 Vol·

215 1107 321 1147 ecorum
347 1092 491 1151 exercitus
519 1092 589 1164 fuit3
621 1094 660 1151 nd
681 1094 738 1150 hoc
758 1092 858 1159 Latini
877 1092 1054 1168 Hernicique
1083 1100 1265 1149 accesserant

215 1204 239 1251 et
263 1193 466 1253 Circeiensium
494 1197 612 1272 quidam
651 1207 680 1255 et
706 1198 801 1257 coloni
827 1199 915 1257 etiam
941 1218 962 1255 a
990 1196 1107 1255 Velitris
1128 1195 1263 1254 Romani.

215 1300 349 1384 Dictator,
372 1302 475 1361 castris
497 1322 532 1361 eo
554 1304 733 1380 dispositis,
759 1312 877 1380 postero
900 1323 987 1379 quum
1011 1302 1160 1375 auspicato
1175 1302 1293 1378 prod-7

215 1406 275 1463 isset
296 1406 452 1481 hostiaque
472 1426 548 1467 caess
570 1426 671 1483 pacem
694 1410 778 1467 deum
802 1410 967 1479 adorasset,
997 1409 1079 1467 latus
1101 1406 1139 1463 ad
1159 1406 1263 1464 milites

215 1512 264 1569 iam
285 1532 369 1571 arura
391 1513 430 1569 ad
452 1513 634 1590 propositum
661 1532 765 1591 pugnas
785 1514 916 1590 signnm,
950 1514 1024 1572 sicut
1045 1513 1169 1571 edictum
1191 1519 1263 1581 erat,

214 1618 268 1676 luce
288 1619 384 1694 prime
399 1618 544 1694 capientes
564 1620 716 1695 processit.
761 1620 891 1691 „Nostro
910 1620 1033 1677 victoria
1054 1630 1112 1691 est,
1139 1618 1294 1688 milites“8

213 1724 304 1798 inquit,
334 1723 379 1793 „si
401 1724 471 1798 quid
484 1724 524 1781 dii
541 1702 683 1800 *vatesque
698 1744 797 1783 earum
811 1726 841 1783 in
855 1725 984 1783 futurum
998 1725 1106 1783 vident.
1148 1725 1263 1799 Itaque,

215 1839 239 1885 nt
260 1830 342 1887 decet
364 1839 450 1887 certe
471 1830 534 1906 spei
556 1831 657 1906 plenos
691 1840 720 1888 et
746 1850 810 1890 cum
837 1831 997 1908 imparibus
1024 1850 1127 1889 manus
1148 1848 1262 1888 conser-

214 1943 293 2005 turos,
314 1934 383 2012 pilis
406 1945 474 1993 ante
489 1908 703 2013 pedeportus,
726 1938 830 2013 gladiis
845 1947 956 1996 tantum
970 1939 1087 1995 dextras
1108 1953 1262 1995 armemus.

214 2040 252 2097 Ne
265 2043 398 2118 procurri
413 2042 530 2117 quidem
544 2043 582 2099 ab
598 2043 659 2101 acie
675 2014 770 2113 velim,
791 2044 842 2101 sed
855 2045 979 2102 obnixos
993 2063 1047 2101 vos
1062 2044 1158 2101 stabili
1170 2042 1263 2117 gradu

213 2148 343 2225 impetum
369 2149 496 2209 hostium
524 2148 666 2223 excipere.
712 2148 773 2207 Ubi
793 2146 834 2207 illi
863 2169 940 2207 vana
966 2149 1116 2207 iniecerint
1144 2147 1292 2206 missilia9

214 2264 237 2311 et
254 2254 338 2315 effusi
359 2256 502 2315 stantibus
523 2254 607 2313 vobis
635 2272 666 2311 se
691 2254 853 2325 intulerint,
883 2266 944 2313 tum
970 2255 1074 2313 micent
1098 2252 1202 2328 gladii,
1235 2259 1263 2307 et

214 2363 301 2420 veniat
321 2363 352 2420 in
373 2370 499 2420 mentem
520 2361 688 2435 unicuique,
719 2361 789 2419 deos
811 2380 890 2431 esse,
923 2361 973 2436 qui
991 2363 1156 2419 Romanum
1180 2357 1262 2415 adiu·

214 2477 279 2540 rent,
301 2468 383 2539 deos,
406 2468 455 2543 qui
476 2466 609 2525 secundis
630 2468 732 2525 avibus
754 2468 784 2525 in
803 2468 937 2543 proelium
957 2468 1095 2526 miserint.
1144 2466 1201 2536 Tu,
1222 2466 1260 2524 T.
1278 2472 1313 2527 10

215 2571 334 2647 Quincti,
367 2574 493 2650 equitem
522 2574 647 2631 intentus
669 2574 707 2630 ad
727 2574 852 2649 primum
873 2576 984 2633 initium
1006 2573 1078 2631 moti
1098 2570 1262 2630 certaminis

215 2686 314 2751 uneas3
347 2681 398 2737 ubi
418 2680 527 2736 haerere
547 2677 607 2736 iam
629 2677 720 2736 eciem
742 2679 849 2739 collato
871 2682 944 2757 pede
965 2680 1087 2748 videris,
1119 2688 1179 2737 tum
1202 2687 1261 2735 ter-

216 2801 296 2843 rorem
319 2795 484 2861 equestrem
507 2784 655 2860 occupatis
676 2784 734 2843 alio
761 2786 862 2846 labore
887 2787 976 2855 infer,
1006 2787 1192 2859 invectusque
1214 2803 1261 2841 or-

216 2888 282 2949 dines
305 2890 498 2969 pugnantium
520 2890 658 2966 dissipa.“
713 2890 761 2949 Sic
783 2910 881 2967 eques,
911 2894 952 2951 sic
975 2894 1074 2969 pedes,
1102 2901 1134 2949 nt
1154 2897 1310 2966 prece-11

215 3006 294 3069 perat,
316 3004 465 3073 pugnant3
496 3014 550 3053 uec
571 2996 631 3054 dux
651 2996 779 3073 legiones
804 3018 858 3057 nec
885 2999 1003 3059 fortuna
1023 2998 1125 3055 fefellit
1148 2998 1260 3056 ducem.

216 3099 358 3161 Multitudo
380 3103 516 3174 hostium,
538 3102 608 3161 nulli
629 3104 672 3161 rei
691 3114 884 3179 praeterquam
900 3125 1019 3164 numero
1033 3104 1109 3161 freta
1130 3114 1159 3159 et
1170 3102 1260 3159 oeulis
1314 3101 1354 3170 13

216 3216 356 3284 utrumque
379 3208 500 3265 metiens
522 3209 624 3280 aciem,
643 3219 751 3268 temere
773 3213 907 3286 proelium
928 3212 1000 3281 iniit,
1021 3220 1129 3269 temere
1150 3207 1258 3277 omisit;

217 3311 328 3373 clamore
359 3323 472 3373 tantum
504 3316 716 3391 missilibusque
743 3317 806 3375 telis
836 3328 864 3375 et
899 3318 993 3393 primo
1020 3333 1125 3391 pugne
1150 3314 1290 3389 impetui

215 3415 294 3492 ieron,
326 3421 442 3497 gladios
476 3430 504 3478 et
534 3420 670 3479 collatum
699 3423 802 3498 pedem
833 3433 862 3483 et
888 3424 998 3480 vultum
1032 3422 1124 3479 hostis
1155 3421 1261 3479 ardore

217 3525 290 3584 anmi
310 3527 466 3585 micantem
494 3527 571 3585 ferre
596 3546 655 3583 non
682 3528 784 3603 potuit.
831 3530 963 3606 Impulsa
994 3529 1075 3586 frons
1106 3528 1201 3603 prima
1232 3532 1290 3588 ct3

216 3632 355 3707 trepidatio
386 3632 523 3691 subsidiis
548 3632 644 3703 illata3
684 3643 713 3691 et
740 3650 824 3692 snum
859 3647 997 3693 terrorem
1035 3634 1132 3699 intulit
1158 3651 1260 3707 eques;

217 3739 279 3810 rupti
302 3739 371 3797 inde
394 3739 491 3797 multis
517 3739 588 3797 locis
615 3738 729 3799 ordines
759 3752 897 3817 motaque
919 3743 1032 3812 omnia,
1061 3751 1090 3797 et
1110 3737 1260 3797 fluctuanti

205 3840 495 3903 circumcisura.
547 3845 625 3903 Dein
646 3856 800 3923 postquam
830 3849 998 3907 cadentibus
1020 3846 1120 3924 primis
1140 3846 1200 3903 ism
1221 3846 1259 3903 ad
1357 3888 1360 3891 .

218 3962 242 4003 ⁸0
253 3952 371 4028 quisque
380 3962 586 4029 perventuram
599 3954 704 4011 cadem
720 3955 865 4026 cernebat,
886 3964 969 4030 terga
978 3964 1103 4013 vertunt.
1145 3954 1260 4011 Instare
1272 3960 1289 4013 4

219 4052 369 4131 Romanus3
392 4069 421 4117 et
437 4060 529 4119 donec
551 4061 656 4118 armati
677 4060 856 4136 confertique
877 4061 1005 4131 abibant,
1025 4059 1153 4136 peditum
1175 4058 1260 4115 labor

219 4157 451 4242 inperseqnendo
472 4164 542 4235 luia
575 4175 729 4242 postquam
758 4166 862 4223 iactari
893 4185 977 4223 arma
1001 4166 1109 4243 passim
1131 4164 1259 4239 fugaque

220 4283 350 4349 peragras
361 4272 462 4349 spargi
484 4271 574 4331 aciem
585 4272 711 4331 hostium
725 4272 958 4349 pnimadversum
976 4282 1029 4343 est,
1052 4282 1112 4329 tum
1131 4270 1258 4345 equitum
