3392 5084
489 489 529 548 96
721 488 800 538 Liber
816 488 891 538 vnn
929 489 975 555 (Δ.
989 506 1014 540 m
1028 505 1049 540 o.
1064 492 1225 555 tta-41⁴.)

415 671 586 732 Sadrarsus
607 672 751 732 Sidicinos
771 674 929 750 petierunt,
959 695 1023 751 qum
1052 695 1084 734 se
1113 695 1148 734 co
1170 677 1272 734 iustius
1291 687 1396 753 petere,
1420 679 1486 752 quod

446 786 477 836 et
494 777 526 835 in
547 778 703 836 amicitiam
730 778 830 855 populi
852 779 977 837 Romani
999 780 1131 839 secundis
1157 782 1218 840 suis
1238 783 1338 853 rebus,
1370 803 1426 840 nou
1444 785 1486 841 ad·

445 883 546 954 versis,
567 894 601 942 ut
621 883 774 962 Campani,
795 885 955 956 venissent,
985 874 1014 943 ot
1034 885 1175 945 adversus
1196 869 1341 948 Sidicinos
1360 899 1488 946 sumerent

446 1009 538 1061 mma,
559 1009 628 1049 suos
649 1009 764 1068 semper
792 992 906 1061 hostes,
927 990 1028 1067 populi
1048 993 1176 1050 Romani
1205 1012 1357 1069 nunquam
1384 995 1487 1066 amieos,

397 1095 433 1150 tt
446 1097 496 1172 qui
517 1116 584 1169 uec,
606 1107 638 1155 ut
658 1096 817 1167 Samnites,
848 1097 879 1154 in
900 1115 973 1172 pace
1000 1097 1157 1156 amicitiam
1187 1117 1257 1170 nec,
1286 1110 1320 1157 ut
1353 1099 1488 1175 Campani,

446 1202 586 1260 auxilium
624 1203 655 1260 in
694 1204 771 1261 bello
802 1204 957 1279 petissent,
993 1222 1046 1262 nec
1086 1204 1116 1266 iu
1153 1205 1210 1262 tide
1247 1206 1351 1282 populi
1379 1205 1487 1265 Romani

351 1300 374 1370 2
446 1329 499 1368 nec
540 1311 571 1368 in
607 1309 721 1368 dicione
755 1321 860 1370 essem.
923 1308 1020 1383 Quum
1056 1310 1093 1367 dc
1132 1311 1288 1386 postulatis
1334 1311 1487 1371 Samnitium

446 1419 486 1479 T.
523 1417 662 1475 AEmilius
700 1424 809 1492 prator
852 1424 984 1472 senatum
1025 1416 1229 1486 consuluisset,
1269 1419 1488 1492 reddendumque

444 1524 481 1581 iis
513 1521 607 1580 icadas
638 1532 737 1598 patres
767 1522 959 1592 censuissent,
996 1531 1105 1598 praetor
1129 1521 1312 1581 Samnitibus
1348 1523 1488 1600 respoudit,

415 1630 513 1700 inec,
551 1648 610 1704 quo
649 1628 743 1686 minus
780 1637 923 1702 perpetua
963 1645 1029 1685 curu
1071 1628 1112 1685 eis
1153 1628 1283 1686 amicitia
1323 1641 1413 1700 esset,
1449 1649 1489 1705 per

445 1736 585 1814 populum
606 1737 770 1794 Romanum
801 1734 929 1802 stetisse,
962 1752 1016 1790 nec
1046 1734 1219 1805 contradici,
1250 1736 1340 1810 quin,
1372 1736 1488 1811 qnoniam

444 1843 525 1919 ipsos
552 1842 620 1900 belli
650 1840 737 1915 culpa
765 1857 820 1896 sua
840 1841 981 1898 contracti
1009 1840 1124 1898 tmdium
1153 1842 1277 1916 ceperit,
1312 1842 1439 1899 amicitia
1462 1841 1489 1896 de

416 1947 558 2024 diutegro
579 1946 792 2015 reconcilietur,
821 1945 900 2019 quod
924 1945 962 2004 ad
984 1945 1127 2004 Sidicinos
1152 1949 1289 2020 attinent,
1319 1949 1392 2006 nihil
1417 1948 1488 2004 iuter-

445 2055 523 2125 eedi,
553 2071 612 2128 quo
641 2053 736 2111 minus
760 2051 887 2110 Samniti
912 2052 1022 2128 populo
1050 2053 1131 2128 pacis
1157 2054 1285 2130 bellique
1315 2055 1436 2112 liberum
1454 2070 1489 2106 ar·

414 2161 560 2222 ⁴lbitrium
581 2160 626 2220 sit
672 2159 796 2217 Foedere
816 2158 874 2216 icto
896 2174 983 2231 quum
999 2158 1116 2217 domum
1137 2161 1338 2230 revertissent,
1362 2156 1488 2231 extemplo

444 2268 512 2325 inde
533 2267 675 2325 exercitus
696 2267 846 2324 Romanus
875 2264 1029 2334 deductus,
1058 2283 1155 2322 annuo
1181 2267 1331 2342 stipendio
1364 2276 1394 2323 et
1419 2264 1488 2320 trium

445 2392 576 2432 mensum
595 2373 740 2430 frumento
761 2378 896 2446 accepto,
924 2370 1002 2444 quod
1024 2370 1175 2446 pepigerat
1195 2371 1317 2442 consul,
1342 2380 1376 2429 ut
1395 2380 1488 2444 ternpus

444 2481 562 2562 indutiis
585 2480 677 2549 daret,
698 2477 796 2552 quoad
816 2477 906 2552 legati
927 2476 1076 2534 redissent

415 2587 432 2642 5
528 2586 673 2647 Samnites
694 2583 786 2660 copiis
805 2582 918 2652 iisdem,
950 2582 1054 2657 quibus
1074 2582 1154 2639 usuri
1177 2572 1321 2641 advorsus
1344 2585 1489 2642 Romanum

444 2693 551 2751 bellum
573 2692 702 2761 fuerant,
730 2699 833 2747 contra
861 2688 1004 2748 Sidicinos
1033 2688 1156 2764 proiecti
1181 2689 1260 2747 haud
1286 2689 1321 2746 in
1347 2689 1433 2746 dubia
1451 2702 1488 2760 spe

414 2799 528 2856 beraut
561 2807 674 2856 mature
701 2796 783 2854 urbia
814 2793 940 2853 bostium
972 2794 1128 2869 potiunda.
1186 2795 1263 2852 Tum
1298 2796 1341 2852 ab
1374 2791 1487 2854 Sidicinis

444 2904 553 2962 deditio
586 2903 667 2979 prius
693 2902 732 2960 sd
746 2903 909 2961 'Romanos
938 2911 1033 2977 coepta
1059 2900 1122 2958 fieri
1151 2909 1210 2971 cst3
1242 2900 1322 2972 dein,
1352 2910 1486 2976 postquam

444 3021 543 3085 patres
564 3019 598 3066 nt
620 3027 713 3066 seram
740 3028 805 3066 eam
825 3005 986 3080 ultimaque
1004 3006 1121 3064 tandem
1142 3006 1317 3064 necessitate
1339 3021 1486 3082 expressam
1516 3049 1517 3054 ι

445 3116 689 3191 aspernabantur,
711 3115 750 3172 ad
778 3113 908 3182 Latinos,
940 3110 999 3168 iam
1026 3130 1080 3169 sna
1106 3128 1210 3188 sponte
1238 3113 1268 3170 in
1290 3130 1377 3168 arma
1401 3121 1485 3174 motos,

415 3219 525 3279 Ilacta
554 3231 606 3278 est.
662 3221 711 3279 Ne
744 3216 889 3293 Campani
921 3216 1036 3291 quidem
1065 3217 1152 3291 (adeo
1184 3218 1296 3276 iniuriae
1331 3216 1484 3278 Samnitium
1515 3255 1516 3264 r

445 3345 533 3403 quam
553 3312 684 3385 beneficii
705 3328 906 3385 Romanorum
927 3323 1069 3380 memoria
1096 3323 1266 3399 praesentior
1296 3332 1375 3392 erat)
1399 3323 1440 3380 his
1461 3337 1484 3375 se

413 3433 533 3492 Sarmis
554 3434 728 3492 abstinuere.
776 3433 824 3490 Ex
849 3430 895 3487 his
919 3437 963 3486 tot
990 3428 1105 3505 populis
1133 3447 1208 3486 unus
1236 3429 1342 3505 ingens
1363 3427 1484 3486 exercitus

444 3538 517 3595 duce
549 3539 655 3595 Latino
688 3540 760 3596 fines
789 3535 961 3597 Samnitium
993 3534 1141 3610 ingressus
1169 3533 1235 3610 plus
1268 3533 1483 3611 populationibus
1514 3545 1515 3599 t

444 3661 531 3718 ιιιιιιιιι
554 3643 664 3717 proeliis
687 3643 811 3702 cladium
832 3641 916 3712 fecit3
945 3651 973 3699 ct
995 3658 1160 3716 quanquam
1183 3640 1350 3715 superiores
1371 3636 1482 3698 certami-
1513 3663 1514 3666 ¹

443 3748 528 3805 nibus
550 3749 647 3821 Latini
669 3757 760 3819 erant,
780 3749 860 3807 haud
880 3747 978 3817 inviti,
1007 3766 1044 3804 no
1068 3746 1172 3840 saepiup
1200 3745 1396 3803 dimicandum
1415 3744 1480 3806 foret,

413 3852 516 3929 ilagro
543 3853 669 3912 bostium
698 3873 857 3917 excessere.
904 3854 940 3912 Id
972 3854 1097 3929 spatium
1120 3851 1299 3912 Samnitibus
1329 3853 1424 3910 datum
1448 3853 1479 3902 att

429 3960 568 4018 ‘Romam
589 3960 703 4036 legatos
732 3960 864 4018 mittendi
871 3979 880 4035 ;
914 3960 964 4035 qui
993 3977 1081 4034 quum
1103 3957 1232 4014 adissent
1256 3969 1401 4028 sonatum,
1427 3969 1478 4010 cou-
1512 3955 1513 3958 ’

444 4066 548 4141 questi,
568 4067 671 4124 cadom
698 4082 731 4122 se
764 4065 923 4124 foederatos
950 4065 1029 4142 pati,
1061 4082 1126 4139 quae
1155 4064 1254 4120 hostes
1286 4071 1382 4120 essent
1408 4053 1476 4135 pastis
1510 4075 1511 4080 ’

394 4162 576 4249 10precibus
596 4170 702 4228 infimis
727 4171 852 4246 petiere,
882 4179 915 4228 ut
935 4170 1006 4228 satis
1037 4169 1175 4228 ducerent
1194 4169 1321 4227 Romani
1349 4163 1476 4225 sictonam
1509 4197 1510 4202 κ

443 4277 622 4338 senatuum
642 4294 680 4332 ex
702 4273 855 4351 Campano
877 4273 1064 4350 Sidicinoque
1085 4275 1170 4334 hoste
1190 4274 1346 4354 eripuisse3
1365 4291 1399 4330 ue
1417 4261 1474 4326 vind
1509 4337 1510 4342 η
