3392 5084
438 596 441 606 1
534 528 611 577 Liber
628 527 702 578 vm.
738 528 782 589 (A.
793 527 840 579 ch.
853 535 927 616 {uoq
1157 535 1210 590 107

202 729 356 785 perrupere
376 729 491 783 cuneos,
513 721 545 768 ut
565 713 616 769 vix
637 722 769 788 quartam
785 725 897 789 partem
911 713 1104 790 relidqnerent
1117 716 1252 773 hostium.

202 817 345 874 Samnites
370 835 494 892 quoque,
522 818 574 875 sub
593 819 738 883 radicibus
766 821 871 877 montis
892 821 993 896 procul
1014 822 1152 892 instructi,
1179 826 1281 897 pra-7

202 923 281 979 huere
304 933 446 980 terrorem
468 925 590 981 Latinis.
629 923 762 982 Cetemm
784 927 860 984 inter
880 944 979 984 omnes
1002 929 1078 984 cives
1102 928 1253 1002 sociosque

200 1029 345 1102 precipua
370 1029 434 1086 laus
461 1029 522 1086 eius
549 1031 615 1087 belli
649 1049 737 1106 penes
767 1031 899 1138 ¹consules
927 1030 995 1102 luit,
1028 1050 1149 1106 quorum
1181 1033 1252 1089 alter

201 1151 293 1188 omnes
317 1134 413 1191 minas
434 1136 617 1210 periculaque
639 1137 676 1194 ab
698 1137 759 1194 deis
774 1137 884 1213 superis
898 1136 1053 1211 inferisque
1074 1137 1103 1194 in
1118 1155 1149 1194 se
1163 1157 1250 1196 unum

201 1240 287 1311 vertit,
312 1240 389 1297 alter
410 1260 445 1298 ea
465 1243 570 1299 virtute
591 1261 684 1317 eoque
705 1243 823 1301 consilio
844 1243 875 1317 in
897 1243 997 1319 proelio
1019 1242 1082 1312 fuit,
1114 1252 1144 1299 nt
1165 1242 1281 1302 facile8

200 1347 364 1402 convenerit
384 1347 459 1405 iuter
479 1349 627 1406 Romanos
650 1350 838 1423 Latinosque,
867 1348 916 1422 qui
937 1348 997 1404 eius
1018 1365 1121 1422 pugnae
1143 1367 1250 1405 memo-

199 1450 263 1509 riam
286 1448 416 1527 posteris
438 1454 624 1525 tradiderunt,
646 1456 737 1512 utrius
753 1455 844 1530 partis
860 1456 896 1514 Τ.
912 1453 1038 1511 Manlius
1060 1453 1250 1524 dux-fuisset,

201 1555 252 1612 eius
281 1556 416 1616 futuram
442 1559 520 1616 haud
548 1559 634 1617 dubie
661 1557 750 1617 fuisse
780 1559 941 1630 victoriam.
991 1559 1088 1617 Latini
1119 1579 1157 1617 ex
1179 1559 1280 1635 fugel}

200 1679 225 1718 11
249 1664 419 1721 Minturnas
447 1666 638 1729 contulerunt.
691 1662 796 1724 Castra
821 1665 977 1723 secundum
1004 1665 1135 1740 proelium
1164 1676 1250 1741 capta

200 1770 334 1846 multique
357 1771 494 1828 mortales
513 1771 553 1827 ibi
574 1771 633 1828 vivi
655 1772 793 1847 oppressi,
822 1772 948 1828 maxime
969 1768 1120 1847 Campani.
1165 1773 1249 1830 Decii
1265 1777 1300 1832 10

199 1893 296 1949 corpus
319 1895 360 1932 ne
381 1894 415 1933 eo
438 1875 484 1932 die
502 1876 684 1948 inveniretur,
705 1895 765 1934 nox
780 1885 937 1951 querentes
952 1877 1110 1952 oppressit3
1131 1886 1248 1952 postero

199 1981 237 2037 die
257 1981 411 2039 inventum
432 1983 506 2039 inter
520 1983 677 2040 maximam
698 1983 972 2057 hostium'stragem,
995 1991 1161 2057 coopertum
1175 1982 1249 2052 telis,

198 2084 339 2162 funusque
361 2089 388 2144 ei
410 2107 465 2163 par
485 2089 579 2158 morti,
608 2087 770 2146 celebrante
791 2087 911 2162 collega,
941 2087 1049 2145 factum
1072 2096 1123 2149 est.
1171 2087 1248 2145 Illud
1266 2094 1296 2148 ll

199 2193 386 2251 adiiciendum
412 2194 540 2264 videtur,
572 2193 659 2252 licere
695 2194 805 2251 consuli
842 2194 1032 2267 dictatorique
1063 2203 1091 2250 et
1123 2192 1247 2268 praetori,

199 2316 277 2371 quum
299 2299 433 2374 legiones
457 2300 583 2356 hostium
613 2301 771 2370 devoveat,
802 2319 860 2358 non
887 2299 985 2374 utique
1012 2319 1059 2370 se,
1091 2299 1141 2355 sed
1164 2317 1247 2373 quem

198 2405 258 2460 velit
280 2425 319 2462 ex
347 2405 459 2480 legione
479 2407 614 2463 Romana
632 2406 739 2480 scripte
760 2405 861 2474 civem,
879 2405 1085 2478 ¹devovere;,si
1105 2405 1129 2462 is
1151 2407 1248 2474 homo,
1264 2407 1298 2463 12

199 2512 241 2583 qui
260 2512 389 2569 devotus
410 2520 467 2580 est,
499 2511 634 2581 moritur,
666 2512 757 2586 probe
787 2508 896 2568 factum
926 2510 1031 2580 videri3
1061 2510 1091 2566 ni
1119 2509 1248 2578 moritur,

198 2624 249 2673 tum
271 2619 391 2694 signum
413 2627 522 2692 septem
544 2618 632 2693 pedes
654 2615 743 2676 altum
766 2625 817 2673 aut
840 2616 932 2672 maius
959 2616 987 2672 in
1016 2623 1121 2671 terram
1151 2613 1248 2671 defodi
1299 2661 1302 2679 ,

200 2732 222 2776 11
246 2724 397 2798 piaculum
427 2709 550 2780 hostiam
577 2721 662 2791 caedi3
694 2721 744 2778 ubi
770 2721 841 2778 illud
873 2721 986 2796 signum
1011 2719 1156 2778 defussum
1186 2720 1246 2792 erit,

199 2843 226 2880 eo
246 2829 452 2903 magistratum
473 2831 636 2886 Romanurn
658 2827 810 2884 escendere
830 2825 876 2883 fas
893 2823 950 2882 non
969 2843 1040 2884 esse.
1084 2827 1136 2885 Sin
1152 2837 1246 2884 autem
1264 2829 1297 2886 13

199 2949 253 2990 sese
275 2935 423 2991 devovere
446 2935 532 3004 volet,
553 2933 636 2991 sicuti
657 2934 765 2991 Decius
787 2932 913 3000 devovit,
944 2931 973 2987 ni
996 2932 1125 3003 moritur,
1154 2952 1248 3008 neque

198 3056 272 3095 suum
294 3059 394 3114 neque
413 3039 558 3115 publicum
588 3039 714 3095 divinum
739 3058 810 3114 pure
835 3037 938 3106 111111,
969 3037 1030 3094 sive
1061 3040 1157 3096 hostia
1187 3040 1247 3096 sive

199 3162 248 3217 quo
270 3146 332 3204 alio
353 3146 441 3206 volet.
489 3146 545 3219 Qui
567 3163 630 3201 sese
650 3145 813 3213 devoverit,
844 3143 978 3200 Vulcano
1008 3161 1090 3201 erma
1119 3146 1180 3201 sive
1202 3144 1247 3201 cui

198 3251 240 3308 alii
261 3255 341 3310 divo.
355 3271 461 3310 vovere
482 3252 567 3319 volet,
588 3250 633 3306 ius
654 3259 712 3319 est3
743 3249 811 3318 telo,
837 3267 923 3324 super
945 3249 1023 3323 quod
1046 3260 1124 3306 stans
1147 3249 1247 3306 consul
1264 3256 1296 3308 11

197 3370 326 3430 precatus
349 3368 407 3428 est,
435 3360 548 3415 hostem
574 3355 661 3431 potiri
687 3353 734 3411 sas
761 3374 820 3411 uon
843 3363 902 3427 est3
937 3355 961 3410 si
985 3355 1127 3429 potiatur,
1157 3356 1246 3413 Marti

198 3464 434 3522 suovetaurilibus
455 3462 599 3538 piaculum
619 3462 690 3518 fieri.
733 3461 814 3531 Haec,
841 3460 894 3517 etsi
916 3459 1009 3516 omnis
1034 3461 1122 3517 divini
1144 3463 1245 3520 huma·
1304 3460 1337 3528 ll

198 3567 276 3643 nique
298 3569 390 3627 moris
410 3568 551 3626 memoria
571 3567 698 3625 abolevit
719 3584 796 3624 nova
809 3566 1018 3641 peregrinaque
1033 3567 1130 3624 omnia
1143 3568 1245 3642 priscis

199 3687 228 3725 ac
245 3672 357 3753 patriis
370 3673 563 3748 praeferendo,
592 3675 670 3730 haud
696 3675 733 3730 ab
760 3672 882 3730 reduxi
912 3672 1007 3728 verbis
1030 3691 1145 3748 quoque
1165 3675 1244 3750 ipsis,

199 3784 225 3829 ut
245 3778 354 3834 tradita
374 3788 596 3854 nuncupataque
616 3789 696 3850 sunt,
723 3779 839 3837 referre.
866 3809 898 3819 -
922 3779 1062 3836 Romanis
1081 3789 1148 3854 post
1168 3789 1274 3856 prm-2

198 3876 259 3936 lium
291 3883 408 3939 demum
435 3881 543 3940 facturn
575 3883 719 3942 Samnites
752 3883 865 3941 venisse
897 3883 1040 3954 subsidio,
1078 3896 1244 3962 exspectato

199 3996 294 4044 eventu
317 4007 431 4063 pugnae,
452 3990 530 4064 epud
552 3991 691 4064 quosdam
715 3999 846 4046 auctores
868 3989 992 4050 invenio.
1040 3991 1149 4048 Latinis
1172 4000 1273 4065 quo-3

201 4107 248 4162 que
273 4095 311 4150 ab
340 4095 463 4151 Lavinio
491 4096 645 4165 auxilium,
679 4096 746 4151 dum
781 4095 967 4154 deliberando
995 4105 1090 4154 terunt
1121 4106 1242 4171 tempus,

199 4195 273 4255 vietis
294 4200 410 4257 demum
433 4200 502 4258 ferri
523 4211 665 4278 coeptum3
689 4209 732 4270 et,
755 4219 842 4274 quum
864 4201 922 4258 iem
940 4203 1031 4277 portis
1052 4202 1145 4278 prima
1160 4201 1274 4277 signa4

201 4308 225 4355 et
243 4323 311 4378 pars
333 4288 456 4381 adminis
479 4316 555 4364 esset
577 4325 702 4383 egressa,
731 4307 830 4364 nuntio
853 4307 941 4364 allato
963 4308 999 4364 de
1019 4308 1102 4365 clade
1123 4308 1241 4366 Latino·
