<?xml version="1.0" encoding="UTF-8"?>
<!DOCTYPE html PUBLIC "-//W3C//DTD XHTML 1.0 Transitional//EN"
    "http://www.w3.org/TR/xhtml1/DTD/xhtml1-transitional.dtd">
<html xmlns="http://www.w3.org/1999/xhtml" xml:lang="en" lang="en">
 <head>
  <title>
</title>
<meta http-equiv="Content-Type" content="text/html;charset=utf-8" />
  <meta name='ocr-system' content='tesseract 3.04.00' />
  <meta name='ocr-capabilities' content='ocr_page ocr_carea ocr_par ocr_line ocrx_word'/>
</head>
<body>
  <div class='ocr_page' id='page_1' title='image "./titiliviihistor03ussigoog_0496.png"; bbox 0 0 3392 5084; ppageno 0'>
   <div class='ocr_carea' id='block_1_1' title="bbox 480 493 1214 564">
    <p class='ocr_par' dir='ltr' id='par_1_1' title="bbox 480 493 1214 564">
     <span class='ocr_line' id='line_1_1' title="bbox 480 493 1214 564; baseline -0.004 -19"><span class='ocrx_word' id='word_1_1' title='bbox 480 496 536 554; x_wconf 71' lang='lat'><strong>126</strong></span> <span class='ocrx_word' id='word_1_2' title='bbox 660 529 664 538; x_wconf 96' lang='lat'>.</span> <span class='ocrx_word' id='word_1_3' title='bbox 706 493 877 564; x_wconf 66' lang='lat' dir='ltr'><strong>atterunt.</strong></span> <span class='ocrx_word' id='word_1_4' title='bbox 914 494 1214 557; x_wconf 68' lang='lat' dir='ltr'><strong>(auum-tas.)</strong></span> 
     </span>
    </p>
   </div>
   <div class='ocr_carea' id='block_1_2' title="bbox 378 677 1476 2344">
    <p class='ocr_par' dir='ltr' id='par_1_2' title="bbox 378 677 1476 2344">
     <span class='ocr_line' id='line_1_2' title="bbox 434 677 1467 756; baseline -0.001 -19"><span class='ocrx_word' id='word_1_5' title='bbox 434 679 565 756; x_wconf 85' lang='lat' dir='ltr'><strong>proiecto</strong></span> <span class='ocrx_word' id='word_1_6' title='bbox 593 697 690 735; x_wconf 87' lang='lat' dir='ltr'><strong>rerum</strong></span> <span class='ocrx_word' id='word_1_7' title='bbox 722 696 839 736; x_wconf 89' lang='lat' dir='ltr'><strong>suarum</strong></span> <span class='ocrx_word' id='word_1_8' title='bbox 872 678 901 735; x_wconf 90' lang='lat' dir='ltr'><strong>in</strong></span> <span class='ocrx_word' id='word_1_9' title='bbox 930 677 1006 735; x_wconf 89' lang='lat' dir='ltr'><strong>bello</strong></span> <span class='ocrx_word' id='word_1_10' title='bbox 1035 678 1209 738; x_wconf 78' lang='lat' dir='ltr'><strong>Samnitium</strong></span> <span class='ocrx_word' id='word_1_11' title='bbox 1241 689 1395 754; x_wconf 87' lang='lat' dir='ltr'><strong>eventuque</strong></span> <span class='ocrx_word' id='word_1_12' title='bbox 1418 681 1467 736; x_wconf 87' lang='lat' dir='ltr'><strong>eius</strong></span> 
     </span>
     <span class='ocr_line' id='line_1_3' title="bbox 435 785 1470 860; baseline 0.002 -18"><span class='ocrx_word' id='word_1_13' title='bbox 435 786 524 855; x_wconf 78' lang='lat' dir='ltr'><strong>verti3</strong></span> <span class='ocrx_word' id='word_1_14' title='bbox 555 803 620 842; x_wconf 88' lang='lat' dir='ltr'><strong>eam</strong></span> <span class='ocrx_word' id='word_1_15' title='bbox 635 785 735 841; x_wconf 80' lang='lat' dir='ltr'><strong>‘solam</strong></span> <span class='ocrx_word' id='word_1_16' title='bbox 755 794 870 859; x_wconf 82' lang='lat' dir='ltr'><strong>gentem</strong></span> <span class='ocrx_word' id='word_1_17' title='bbox 898 793 1024 856; x_wconf 88' lang='lat' dir='ltr'><strong>restare,</strong></span> <span class='ocrx_word' id='word_1_18' title='bbox 1053 803 1107 842; x_wconf 90' lang='lat' dir='ltr'><strong>nec</strong></span> <span class='ocrx_word' id='word_1_19' title='bbox 1128 803 1192 842; x_wconf 92' lang='lat' dir='ltr'><strong>eam</strong></span> <span class='ocrx_word' id='word_1_20' title='bbox 1214 786 1309 860; x_wconf 84' lang='lat' dir='ltr'><strong>ipsam</strong></span> <span class='ocrx_word' id='word_1_21' title='bbox 1329 787 1393 844; x_wconf 91' lang='lat' dir='ltr'><strong>satis</strong></span> <span class='ocrx_word' id='word_1_22' title='bbox 1411 787 1470 844; x_wconf 80' lang='lat' dir='ltr'><strong>vali·</strong></span> 
     </span>
     <span class='ocr_line' id='line_1_4' title="bbox 405 889 1471 967; baseline -0.001 -18"><span class='ocrx_word' id='word_1_23' title='bbox 405 894 514 961; x_wconf 73' lang='lat' dir='ltr'><strong>idam,</strong></span> <span class='ocrx_word' id='word_1_24' title='bbox 541 891 657 966; x_wconf 88' lang='lat' dir='ltr'><strong>quando</strong></span> <span class='ocrx_word' id='word_1_25' title='bbox 679 891 814 947; x_wconf 87' lang='lat' dir='ltr'><strong>Lucanus</strong></span> <span class='ocrx_word' id='word_1_26' title='bbox 835 889 985 961; x_wconf 89' lang='lat' dir='ltr'><strong>defecerit;</strong></span> <span class='ocrx_word' id='word_1_27' title='bbox 1017 909 1102 965; x_wconf 89' lang='lat' dir='ltr'><strong>quem</strong></span> <span class='ocrx_word' id='word_1_28' title='bbox 1124 892 1257 948; x_wconf 83' lang='lat' dir='ltr'><strong>revocari</strong></span> <span class='ocrx_word' id='word_1_29' title='bbox 1279 893 1370 950; x_wconf 90' lang='lat' dir='ltr'><strong>adhuc</strong></span> <span class='ocrx_word' id='word_1_30' title='bbox 1387 892 1471 967; x_wconf 92' lang='lat' dir='ltr'><strong>impel-</strong></span> 
     </span>
     <span class='ocr_line' id='line_1_5' title="bbox 435 996 1471 1073; baseline 0.001 -19"><span class='ocrx_word' id='word_1_31' title='bbox 435 998 513 1073; x_wconf 85' lang='lat' dir='ltr'>lique</span> <span class='ocrx_word' id='word_1_32' title='bbox 535 998 573 1054; x_wconf 91' lang='lat' dir='ltr'><strong>ad</strong></span> <span class='ocrx_word' id='word_1_33' title='bbox 601 996 774 1053; x_wconf 89' lang='lat' dir='ltr'><strong>abolendam</strong></span> <span class='ocrx_word' id='word_1_34' title='bbox 800 996 969 1054; x_wconf 87' lang='lat' dir='ltr'><strong>societatem</strong></span> <span class='ocrx_word' id='word_1_35' title='bbox 990 997 1152 1054; x_wconf 83' lang='lat' dir='ltr'><strong>Romanam</strong></span> <span class='ocrx_word' id='word_1_36' title='bbox 1180 1015 1282 1072; x_wconf 87' lang='lat' dir='ltr'><strong>posse,</strong></span> <span class='ocrx_word' id='word_1_37' title='bbox 1314 997 1339 1055; x_wconf 92' lang='lat' dir='ltr'><strong>si</strong></span> <span class='ocrx_word' id='word_1_38' title='bbox 1364 1017 1416 1073; x_wconf 88' lang='lat' dir='ltr'><strong>qua</strong></span> <span class='ocrx_word' id='word_1_39' title='bbox 1435 1017 1471 1054; x_wconf 85' lang='lat' dir='ltr'><strong>ars</strong></span> 
     </span>
     <span class='ocr_line' id='line_1_6' title="bbox 404 1101 1472 1179; baseline -0.004 -16"><span class='ocrx_word' id='word_1_40' title='bbox 404 1104 564 1163; x_wconf 74' lang='lat' dir='ltr'><strong>descendis</strong></span> <span class='ocrx_word' id='word_1_41' title='bbox 599 1102 750 1160; x_wconf 76' lang='lat' dir='ltr'>discordiis</span> <span class='ocrx_word' id='word_1_42' title='bbox 786 1101 968 1162; x_wconf 87' lang='lat' dir='ltr'><strong>adhibeatur.</strong></span> <span class='ocrx_word' id='word_1_43' title='bbox 1030 1103 1103 1161; x_wconf 79' lang='lat' dir='ltr'><strong>Haec</strong></span> <span class='ocrx_word' id='word_1_44' title='bbox 1137 1103 1258 1161; x_wconf 89' lang='lat' dir='ltr'><strong>consilia</strong></span> <span class='ocrx_word' id='word_1_45' title='bbox 1293 1121 1380 1178; x_wconf 90' lang='lat' dir='ltr'><strong>quum</strong></span> <span class='ocrx_word' id='word_1_46' title='bbox 1412 1105 1472 1179; x_wconf 88' lang='lat' dir='ltr'><strong>apud</strong></span> 
     </span>
     <span class='ocr_line' id='line_1_7' title="bbox 381 1192 1473 1286; baseline -0.004 -16"><span class='ocrx_word' id='word_1_47' title='bbox 381 1261 387 1270; x_wconf 93' lang='lat'><em>.</em></span> <span class='ocrx_word' id='word_1_48' title='bbox 435 1192 556 1286; x_wconf 90' lang='lat' dir='ltr'><strong>cupidos</strong></span> <span class='ocrx_word' id='word_1_49' title='bbox 580 1227 676 1266; x_wconf 84' lang='lat' dir='ltr'><strong>rerum</strong></span> <span class='ocrx_word' id='word_1_50' title='bbox 703 1208 903 1265; x_wconf 86' lang='lat' dir='ltr'><strong>novandarum</strong></span> <span class='ocrx_word' id='word_1_51' title='bbox 931 1208 1104 1281; x_wconf 88' lang='lat' dir='ltr'><strong>valuissent,</strong></span> <span class='ocrx_word' id='word_1_52' title='bbox 1140 1227 1178 1267; x_wconf 89' lang='lat' dir='ltr'><strong>ex</strong></span> <span class='ocrx_word' id='word_1_53' title='bbox 1203 1210 1351 1267; x_wconf 86' lang='lat' dir='ltr'><strong>iuventute</strong></span> <span class='ocrx_word' id='word_1_54' title='bbox 1376 1211 1473 1285; x_wconf 83' lang='lat' dir='ltr'><strong>quiden</strong></span> 
     </span>
     <span class='ocr_line' id='line_1_8' title="bbox 437 1312 1473 1392; baseline -0.002 -19"><span class='ocrx_word' id='word_1_55' title='bbox 437 1317 620 1373; x_wconf 81' lang='lat' dir='ltr'><strong>Lucanorum</strong></span> <span class='ocrx_word' id='word_1_56' title='bbox 643 1314 737 1388; x_wconf 90' lang='lat' dir='ltr'><strong>pretio</strong></span> <span class='ocrx_word' id='word_1_57' title='bbox 764 1313 881 1382; x_wconf 88' lang='lat' dir='ltr'><strong>adsciti,</strong></span> <span class='ocrx_word' id='word_1_58' title='bbox 908 1312 980 1371; x_wconf 84' lang='lat' dir='ltr'><strong>olari</strong></span> <span class='ocrx_word' id='word_1_59' title='bbox 1006 1315 1102 1390; x_wconf 74' lang='lat' dir='ltr'><strong>magis</strong></span> <span class='ocrx_word' id='word_1_60' title='bbox 1127 1315 1201 1373; x_wconf 88' lang='lat' dir='ltr'><strong>inter</strong></span> <span class='ocrx_word' id='word_1_61' title='bbox 1227 1315 1383 1392; x_wconf 86' lang='lat' dir='ltr'><strong>populares</strong></span> <span class='ocrx_word' id='word_1_62' title='bbox 1403 1335 1473 1390; x_wconf 86' lang='lat' dir='ltr'><strong>quan</strong></span> 
     </span>
     <span class='ocr_line' id='line_1_9' title="bbox 435 1418 1475 1498; baseline -0.001 -19"><span class='ocrx_word' id='word_1_63' title='bbox 435 1422 558 1492; x_wconf 88' lang='lat' dir='ltr'><strong>honesti,</strong></span> <span class='ocrx_word' id='word_1_64' title='bbox 579 1422 654 1479; x_wconf 90' lang='lat' dir='ltr'><strong>inter</strong></span> <span class='ocrx_word' id='word_1_65' title='bbox 675 1439 707 1477; x_wconf 87' lang='lat' dir='ltr'><strong>se</strong></span> <span class='ocrx_word' id='word_1_66' title='bbox 728 1418 846 1476; x_wconf 86' lang='lat' dir='ltr'><strong>mulcati</strong></span> <span class='ocrx_word' id='word_1_67' title='bbox 866 1418 923 1494; x_wconf 89' lang='lat' dir='ltr'><strong>ipsi</strong></span> <span class='ocrx_word' id='word_1_68' title='bbox 943 1419 1042 1494; x_wconf 83' lang='lat' dir='ltr'><strong>virgis,</strong></span> <span class='ocrx_word' id='word_1_69' title='bbox 1064 1439 1152 1496; x_wconf 91' lang='lat' dir='ltr'><strong>quum</strong></span> <span class='ocrx_word' id='word_1_70' title='bbox 1175 1431 1298 1498; x_wconf 84' lang='lat' dir='ltr'><strong>corpora</strong></span> <span class='ocrx_word' id='word_1_71' title='bbox 1321 1423 1397 1480; x_wconf 88' lang='lat' dir='ltr'><strong>nuda</strong></span> <span class='ocrx_word' id='word_1_72' title='bbox 1415 1423 1475 1479; x_wconf 89' lang='lat' dir='ltr'><strong>intu-</strong></span> 
     </span>
     <span class='ocr_line' id='line_1_10' title="bbox 405 1523 1474 1602; baseline -0.002 -16"><span class='ocrx_word' id='word_1_73' title='bbox 405 1529 536 1586; x_wconf 71' lang='lat' dir='ltr'><strong>llisseut</strong></span> <span class='ocrx_word' id='word_1_74' title='bbox 560 1527 590 1584; x_wconf 92' lang='lat' dir='ltr'><strong>in</strong></span> <span class='ocrx_word' id='word_1_75' title='bbox 619 1525 726 1584; x_wconf 83' lang='lat' dir='ltr'><strong>civium</strong></span> <span class='ocrx_word' id='word_1_76' title='bbox 752 1536 872 1595; x_wconf 84' lang='lat' dir='ltr'><strong>eoetum,</strong></span> <span class='ocrx_word' id='word_1_77' title='bbox 910 1523 1063 1582; x_wconf 87' lang='lat' dir='ltr'><strong>vociferati</strong></span> <span class='ocrx_word' id='word_1_78' title='bbox 1099 1533 1180 1597; x_wconf 90' lang='lat' dir='ltr'><strong>sunt,</strong></span> <span class='ocrx_word' id='word_1_79' title='bbox 1213 1544 1261 1597; x_wconf 89' lang='lat' dir='ltr'><strong>se,</strong></span> <span class='ocrx_word' id='word_1_80' title='bbox 1293 1529 1371 1602; x_wconf 89' lang='lat' dir='ltr'><strong>quod</strong></span> <span class='ocrx_word' id='word_1_81' title='bbox 1396 1535 1474 1584; x_wconf 86' lang='lat' dir='ltr'><strong>castra</strong></span> 
     </span>
     <span class='ocr_line' id='line_1_11' title="bbox 435 1614 1475 1710; baseline -0.001 -18"><span class='ocrx_word' id='word_1_82' title='bbox 435 1614 571 1692; x_wconf 72' lang='lat' dir='ltr'><strong>Romam</strong></span> <span class='ocrx_word' id='word_1_83' title='bbox 583 1633 696 1707; x_wconf 82' lang='lat' dir='ltr'>ingredi</span> <span class='ocrx_word' id='word_1_84' title='bbox 709 1631 773 1688; x_wconf 86' lang='lat' dir='ltr'><strong>ausi</strong></span> <span class='ocrx_word' id='word_1_85' title='bbox 794 1639 898 1702; x_wconf 89' lang='lat' dir='ltr'><strong>essent,</strong></span> <span class='ocrx_word' id='word_1_86' title='bbox 925 1650 944 1688; x_wconf 88' lang='lat' dir='ltr'><strong>a</strong></span> <span class='ocrx_word' id='word_1_87' title='bbox 958 1631 1122 1690; x_wconf 85' lang='lat' dir='ltr'><strong>consulibus</strong></span> <span class='ocrx_word' id='word_1_88' title='bbox 1136 1631 1226 1708; x_wconf 85' lang='lat' dir='ltr'><strong>virgis</strong></span> <span class='ocrx_word' id='word_1_89' title='bbox 1242 1651 1334 1691; x_wconf 75' lang='lat' dir='ltr'><strong>cassos</strong></span> <span class='ocrx_word' id='word_1_90' title='bbox 1347 1653 1381 1692; x_wconf 90' lang='lat' dir='ltr'><strong>ac</strong></span> <span class='ocrx_word' id='word_1_91' title='bbox 1401 1653 1475 1710; x_wconf 87' lang='lat' dir='ltr'>prope</span> 
     </span>
     <span class='ocr_line' id='line_1_12' title="bbox 405 1735 1475 1815; baseline -0.002 -17"><span class='ocrx_word' id='word_1_92' title='bbox 405 1740 529 1798; x_wconf 87' lang='lat' dir='ltr'><strong>8securi</strong></span> <span class='ocrx_word' id='word_1_93' title='bbox 555 1755 707 1815; x_wconf 88' lang='lat' dir='ltr'><strong>percussos</strong></span> <span class='ocrx_word' id='word_1_94' title='bbox 741 1755 813 1797; x_wconf 91' lang='lat' dir='ltr'><strong>esse.</strong></span> <span class='ocrx_word' id='word_1_95' title='bbox 873 1735 1022 1795; x_wconf 78' lang='lat' dir='ltr'><strong>Deformis</strong></span> <span class='ocrx_word' id='word_1_96' title='bbox 1054 1747 1156 1814; x_wconf 86' lang='lat' dir='ltr'><strong>suapte</strong></span> <span class='ocrx_word' id='word_1_97' title='bbox 1188 1749 1295 1796; x_wconf 86' lang='lat' dir='ltr'><strong>natura</strong></span> <span class='ocrx_word' id='word_1_98' title='bbox 1324 1758 1370 1797; x_wconf 92' lang='lat' dir='ltr'><strong>res</strong></span> <span class='ocrx_word' id='word_1_99' title='bbox 1405 1759 1475 1814; x_wconf 91' lang='lat' dir='ltr'><strong>quun</strong></span> 
     </span>
     <span class='ocr_line' id='line_1_13' title="bbox 431 1839 1475 1921; baseline -0.002 -18"><span class='ocrx_word' id='word_1_100' title='bbox 431 1839 560 1921; x_wconf 86' lang='lat' dir='ltr'><strong>&#39;speciem</strong></span> <span class='ocrx_word' id='word_1_101' title='bbox 587 1844 698 1901; x_wconf 78' lang='lat' dir='ltr'><strong>iniuriae</strong></span> <span class='ocrx_word' id='word_1_102' title='bbox 725 1844 819 1919; x_wconf 83' lang='lat' dir='ltr'><strong>magis</strong></span> <span class='ocrx_word' id='word_1_103' title='bbox 852 1861 939 1918; x_wconf 89' lang='lat' dir='ltr'><strong>quam</strong></span> <span class='ocrx_word' id='word_1_104' title='bbox 975 1843 1035 1900; x_wconf 92' lang='lat' dir='ltr'><strong>doli</strong></span> <span class='ocrx_word' id='word_1_105' title='bbox 1067 1862 1128 1919; x_wconf 82' lang='lat' dir='ltr'><strong>pras</strong></span> <span class='ocrx_word' id='word_1_106' title='bbox 1160 1861 1192 1900; x_wconf 90' lang='lat' dir='ltr'><strong>se</strong></span> <span class='ocrx_word' id='word_1_107' title='bbox 1218 1843 1323 1914; x_wconf 86' lang='lat' dir='ltr'><strong>ferret,</strong></span> <span class='ocrx_word' id='word_1_108' title='bbox 1359 1845 1475 1903; x_wconf 87' lang='lat' dir='ltr'><strong>concitati</strong></span> 
     </span>
     <span class='ocr_line' id='line_1_14' title="bbox 435 1951 1475 2026; baseline 0 -18"><span class='ocrx_word' id='word_1_109' title='bbox 435 1951 567 2008; x_wconf 90' lang='lat' dir='ltr'><strong>homines</strong></span> <span class='ocrx_word' id='word_1_110' title='bbox 600 1961 707 2025; x_wconf 82' lang='lat' dir='ltr'><strong>cogunt</strong></span> <span class='ocrx_word' id='word_1_111' title='bbox 739 1951 867 2008; x_wconf 89' lang='lat' dir='ltr'><strong>clamore</strong></span> <span class='ocrx_word' id='word_1_112' title='bbox 898 1967 951 2007; x_wconf 90' lang='lat' dir='ltr'><strong>sno</strong></span> <span class='ocrx_word' id='word_1_113' title='bbox 985 1951 1171 2026; x_wconf 76' lang='lat' dir='ltr'><strong>magistratus</strong></span> <span class='ocrx_word' id='word_1_114' title='bbox 1205 1959 1338 2008; x_wconf 91' lang='lat' dir='ltr'><strong>senatum</strong></span> <span class='ocrx_word' id='word_1_115' title='bbox 1374 1969 1475 2018; x_wconf 65' lang='lat' dir='ltr'><strong>vocare</strong></span> 
     </span>
     <span class='ocr_line' id='line_1_15' title="bbox 405 2055 1476 2133; baseline -0.003 -18"><span class='ocrx_word' id='word_1_116' title='bbox 405 2060 466 2115; x_wconf 73' lang='lat' dir='ltr'><strong>det</strong></span> <span class='ocrx_word' id='word_1_117' title='bbox 492 2058 542 2115; x_wconf 91' lang='lat' dir='ltr'><strong>alii</strong></span> <span class='ocrx_word' id='word_1_118' title='bbox 570 2058 787 2115; x_wconf 78' lang='lat' dir='ltr'><strong>circumstantes</strong></span> <span class='ocrx_word' id='word_1_119' title='bbox 819 2055 971 2113; x_wconf 89' lang='lat' dir='ltr'><strong>concilium</strong></span> <span class='ocrx_word' id='word_1_120' title='bbox 1003 2057 1108 2114; x_wconf 92' lang='lat' dir='ltr'><strong>bellum</strong></span> <span class='ocrx_word' id='word_1_121' title='bbox 1135 2057 1166 2113; x_wconf 89' lang='lat' dir='ltr'><strong>in</strong></span> <span class='ocrx_word' id='word_1_122' title='bbox 1187 2057 1338 2114; x_wconf 58' lang='lat' dir='ltr'><strong>hmanas</strong></span> <span class='ocrx_word' id='word_1_123' title='bbox 1363 2067 1476 2133; x_wconf 84' lang='lat' dir='ltr'><strong>poscunt,</strong></span> 
     </span>
     <span class='ocr_line' id='line_1_16' title="bbox 435 2162 1475 2236; baseline -0.003 -14"><span class='ocrx_word' id='word_1_124' title='bbox 435 2164 486 2222; x_wconf 84' lang='lat' dir='ltr'><strong>ulii</strong></span> <span class='ocrx_word' id='word_1_125' title='bbox 506 2163 544 2220; x_wconf 89' lang='lat' dir='ltr'><strong>ad</strong></span> <span class='ocrx_word' id='word_1_126' title='bbox 565 2163 767 2220; x_wconf 86' lang='lat' dir='ltr'><strong>concitandam</strong></span> <span class='ocrx_word' id='word_1_127' title='bbox 793 2162 824 2219; x_wconf 90' lang='lat' dir='ltr'><strong>in</strong></span> <span class='ocrx_word' id='word_1_128' title='bbox 851 2181 934 2220; x_wconf 86' lang='lat' dir='ltr'><strong>arma</strong></span> <span class='ocrx_word' id='word_1_129' title='bbox 960 2162 1170 2220; x_wconf 78' lang='lat' dir='ltr'><strong>multitudinem</strong></span> <span class='ocrx_word' id='word_1_130' title='bbox 1201 2163 1358 2236; x_wconf 82' lang='lat' dir='ltr'><strong>agrestium</strong></span> <span class='ocrx_word' id='word_1_131' title='bbox 1386 2163 1475 2220; x_wconf 87' lang='lat' dir='ltr'><strong>discur-</strong></span> 
     </span>
     <span class='ocr_line' id='line_1_17' title="bbox 378 2269 1476 2344; baseline 0 -16"><span class='ocrx_word' id='word_1_132' title='bbox 378 2269 382 2276; x_wconf 79' lang='grc'><strong>’</strong></span> <span class='ocrx_word' id='word_1_133' title='bbox 435 2280 516 2340; x_wconf 90' lang='lat' dir='ltr'><strong>runt,</strong></span> <span class='ocrx_word' id='word_1_134' title='bbox 537 2270 719 2344; x_wconf 80' lang='lat' dir='ltr'><strong>tumultuque</strong></span> <span class='ocrx_word' id='word_1_135' title='bbox 737 2269 825 2326; x_wconf 89' lang='lat' dir='ltr'><strong>stiam</strong></span> <span class='ocrx_word' id='word_1_136' title='bbox 846 2286 935 2326; x_wconf 90' lang='lat' dir='ltr'><strong>sanos</strong></span> <span class='ocrx_word' id='word_1_137' title='bbox 956 2277 1159 2327; x_wconf 80' lang='lat' dir='ltr'><strong>consternante</strong></span> <span class='ocrx_word' id='word_1_138' title='bbox 1182 2270 1305 2340; x_wconf 87' lang='lat' dir='ltr'><strong>animos,</strong></span> <span class='ocrx_word' id='word_1_139' title='bbox 1327 2269 1476 2328; x_wconf 83' lang='lat' dir='ltr'><strong>decemitnr.</strong></span> 
     </span>
    </p>
   </div>
   <div class='ocr_carea' id='block_1_3' title="bbox 342 2373 1510 4354">
    <p class='ocr_par' dir='ltr' id='par_1_3' title="bbox 342 2373 1510 4354">
     <span class='ocr_line' id='line_1_18' title="bbox 435 2373 1475 2450; baseline -0.005 -16"><span class='ocrx_word' id='word_1_140' title='bbox 435 2386 468 2434; x_wconf 90' lang='lat' dir='ltr'><strong>ut</strong></span> <span class='ocrx_word' id='word_1_141' title='bbox 488 2376 611 2435; x_wconf 86' lang='lat' dir='ltr'><strong>societas</strong></span> <span class='ocrx_word' id='word_1_142' title='bbox 633 2393 697 2433; x_wconf 90' lang='lat' dir='ltr'><strong>cum</strong></span> <span class='ocrx_word' id='word_1_143' title='bbox 712 2373 891 2433; x_wconf 89' lang='lat' dir='ltr'><strong>Samnitibus</strong></span> <span class='ocrx_word' id='word_1_144' title='bbox 913 2384 1110 2445; x_wconf 84' lang='lat' dir='ltr'><strong>renovaretur,</strong></span> <span class='ocrx_word' id='word_1_145' title='bbox 1133 2374 1280 2450; x_wconf 81' lang='lat' dir='ltr'><strong>legatique</strong></span> <span class='ocrx_word' id='word_1_146' title='bbox 1295 2375 1334 2432; x_wconf 89' lang='lat' dir='ltr'><strong>ad</strong></span> <span class='ocrx_word' id='word_1_147' title='bbox 1349 2395 1409 2432; x_wconf 91' lang='lat' dir='ltr'><strong>eam</strong></span> <span class='ocrx_word' id='word_1_148' title='bbox 1428 2393 1475 2430; x_wconf 89' lang='lat' dir='ltr'><strong>ren</strong></span> 
     </span>
     <span class='ocr_line' id='line_1_19' title="bbox 390 2479 1476 2562; baseline -0.003 -24"><span class='ocrx_word' id='word_1_149' title='bbox 390 2485 425 2539; x_wconf 85' lang='lat'><strong>10</strong></span> <span class='ocrx_word' id='word_1_150' title='bbox 438 2483 597 2541; x_wconf 88' lang='lat' dir='ltr'><strong>mittuntur.</strong></span> <span class='ocrx_word' id='word_1_151' title='bbox 640 2479 801 2555; x_wconf 87' lang='lat' dir='ltr'><strong>Repentina</strong></span> <span class='ocrx_word' id='word_1_152' title='bbox 821 2497 867 2537; x_wconf 88' lang='lat' dir='ltr'><strong>res</strong></span> <span class='ocrx_word' id='word_1_153' title='bbox 892 2482 970 2558; x_wconf 88' lang='lat' dir='ltr'><strong>quia,</strong></span> <span class='ocrx_word' id='word_1_154' title='bbox 994 2500 1081 2557; x_wconf 86' lang='lat' dir='ltr'><strong>quam</strong></span> <span class='ocrx_word' id='word_1_155' title='bbox 1097 2499 1216 2562; x_wconf 77' lang='lat' dir='ltr'><strong>cauqam</strong></span> <span class='ocrx_word' id='word_1_156' title='bbox 1237 2481 1357 2552; x_wconf 88' lang='lat' dir='ltr'><strong>nullam,</strong></span> <span class='ocrx_word' id='word_1_157' title='bbox 1378 2491 1432 2540; x_wconf 89' lang='lat' dir='ltr'><strong>tem</strong></span> <span class='ocrx_word' id='word_1_158' title='bbox 1449 2497 1476 2536; x_wconf 88' lang='lat' dir='ltr'><strong>ne</strong></span> 
     </span>
     <span class='ocr_line' id='line_1_20' title="bbox 438 2585 1477 2663; baseline -0.004 -17"><span class='ocrx_word' id='word_1_159' title='bbox 438 2589 524 2646; x_wconf 86' lang='lat' dir='ltr'><strong>fidem</strong></span> <span class='ocrx_word' id='word_1_160' title='bbox 548 2587 664 2663; x_wconf 90' lang='lat' dir='ltr'><strong>quidem</strong></span> <span class='ocrx_word' id='word_1_161' title='bbox 691 2585 834 2655; x_wconf 88' lang='lat' dir='ltr'><strong>habebat,</strong></span> <span class='ocrx_word' id='word_1_162' title='bbox 864 2588 957 2644; x_wconf 87' lang='lat' dir='ltr'><strong>coacti</strong></span> <span class='ocrx_word' id='word_1_163' title='bbox 984 2607 1003 2644; x_wconf 92' lang='lat' dir='ltr'><strong>a</strong></span> <span class='ocrx_word' id='word_1_164' title='bbox 1025 2587 1202 2647; x_wconf 86' lang='lat' dir='ltr'><strong>Samnitibus</strong></span> <span class='ocrx_word' id='word_1_165' title='bbox 1229 2597 1259 2644; x_wconf 90' lang='lat' dir='ltr'><strong>et</strong></span> <span class='ocrx_word' id='word_1_166' title='bbox 1286 2588 1399 2645; x_wconf 87' lang='lat' dir='ltr'><strong>obsides</strong></span> <span class='ocrx_word' id='word_1_167' title='bbox 1422 2588 1477 2644; x_wconf 85' lang='lat' dir='ltr'><strong>dare</strong></span> 
     </span>
     <span class='ocr_line' id='line_1_21' title="bbox 439 2691 1477 2770; baseline -0.004 -18"><span class='ocrx_word' id='word_1_168' title='bbox 439 2705 468 2752; x_wconf 87' lang='lat' dir='ltr'><strong>et</strong></span> <span class='ocrx_word' id='word_1_169' title='bbox 487 2693 622 2770; x_wconf 72' lang='lat' dir='ltr'><strong>presidia</strong></span> <span class='ocrx_word' id='word_1_170' title='bbox 642 2694 671 2750; x_wconf 92' lang='lat' dir='ltr'><strong>in</strong></span> <span class='ocrx_word' id='word_1_171' title='bbox 692 2691 758 2748; x_wconf 89' lang='lat' dir='ltr'><strong>loca</strong></span> <span class='ocrx_word' id='word_1_172' title='bbox 778 2692 891 2750; x_wconf 90' lang='lat' dir='ltr'><strong>munita</strong></span> <span class='ocrx_word' id='word_1_173' title='bbox 916 2694 1062 2770; x_wconf 87' lang='lat' dir='ltr'><strong>accipere,</strong></span> <span class='ocrx_word' id='word_1_174' title='bbox 1094 2693 1161 2752; x_wconf 80' lang='lat' dir='ltr'><strong>oeci</strong></span> <span class='ocrx_word' id='word_1_175' title='bbox 1187 2693 1291 2751; x_wconf 79' lang='lat' dir='ltr'><strong>fraude</strong></span> <span class='ocrx_word' id='word_1_176' title='bbox 1313 2701 1342 2750; x_wconf 90' lang='lat' dir='ltr'><strong>et</strong></span> <span class='ocrx_word' id='word_1_177' title='bbox 1361 2695 1404 2750; x_wconf 86' lang='lat' dir='ltr'><strong>ira</strong></span> <span class='ocrx_word' id='word_1_178' title='bbox 1421 2691 1477 2748; x_wconf 88' lang='lat' dir='ltr'><strong>nibil</strong></span> 
     </span>
     <span class='ocr_line' id='line_1_22' title="bbox 389 2797 1477 2876; baseline 0 -21"><span class='ocrx_word' id='word_1_179' title='bbox 389 2801 423 2855; x_wconf 84' lang='lat' dir='ltr'><strong>tt</strong></span> <span class='ocrx_word' id='word_1_180' title='bbox 436 2807 615 2859; x_wconf 85' lang='lat' dir='ltr'><strong>recusarunt.</strong></span> <span class='ocrx_word' id='word_1_181' title='bbox 658 2797 794 2855; x_wconf 90' lang='lat' dir='ltr'><strong>Dilueere</strong></span> <span class='ocrx_word' id='word_1_182' title='bbox 815 2798 918 2856; x_wconf 89' lang='lat' dir='ltr'><strong>deinde</strong></span> <span class='ocrx_word' id='word_1_183' title='bbox 938 2800 1019 2857; x_wconf 88' lang='lat' dir='ltr'><strong>brevi</strong></span> <span class='ocrx_word' id='word_1_184' title='bbox 1039 2799 1121 2858; x_wconf 85' lang='lat' dir='ltr'><strong>fraus</strong></span> <span class='ocrx_word' id='word_1_185' title='bbox 1142 2801 1237 2876; x_wconf 80' lang='lat' dir='ltr'><strong>eoepit,</strong></span> <span class='ocrx_word' id='word_1_186' title='bbox 1264 2807 1416 2874; x_wconf 85' lang='lat' dir='ltr'><strong>postquam</strong></span> <span class='ocrx_word' id='word_1_187' title='bbox 1434 2798 1477 2855; x_wconf 88' lang='lat' dir='ltr'><strong>eri·</strong></span> 
     </span>
     <span class='ocr_line' id='line_1_23' title="bbox 438 2893 1510 2983; baseline -0.003 -23"><span class='ocrx_word' id='word_1_188' title='bbox 438 2904 547 2961; x_wconf 90' lang='lat' dir='ltr'><strong>minum</strong></span> <span class='ocrx_word' id='word_1_189' title='bbox 568 2903 709 2961; x_wconf 84' lang='lat' dir='ltr'><strong>lalsomm</strong></span> <span class='ocrx_word' id='word_1_190' title='bbox 731 2913 864 2962; x_wconf 84' lang='lat' dir='ltr'><strong>auctores</strong></span> <span class='ocrx_word' id='word_1_191' title='bbox 875 2906 1035 2964; x_wconf 82' lang='lat' dir='ltr'><strong>Tarentum</strong></span> <span class='ocrx_word' id='word_1_192' title='bbox 1058 2906 1302 2983; x_wconf 82' lang='lat' dir='ltr'><strong>commigravere3</strong></span> <span class='ocrx_word' id='word_1_193' title='bbox 1324 2905 1375 2962; x_wconf 91' lang='lat' dir='ltr'><strong>sed</strong></span> <span class='ocrx_word' id='word_1_194' title='bbox 1388 2905 1476 2962; x_wconf 88' lang='lat' dir='ltr'><strong>amissa</strong></span> <span class='ocrx_word' id='word_1_195' title='bbox 1509 2893 1510 2958; x_wconf 67' lang='lat' dir='ltr'><strong>l</strong></span> 
     </span>
     <span class='ocr_line' id='line_1_24' title="bbox 437 3009 1475 3088; baseline 0.001 -21"><span class='ocrx_word' id='word_1_196' title='bbox 437 3010 516 3067; x_wconf 91' lang='lat' dir='ltr'><strong>omni</strong></span> <span class='ocrx_word' id='word_1_197' title='bbox 542 3009 578 3066; x_wconf 93' lang='lat' dir='ltr'><strong>de</strong></span> <span class='ocrx_word' id='word_1_198' title='bbox 599 3028 631 3066; x_wconf 90' lang='lat' dir='ltr'><strong>se</strong></span> <span class='ocrx_word' id='word_1_199' title='bbox 650 3010 899 3084; x_wconf 56' lang='lat' dir='ltr'><strong>potentem-nihil</strong></span> <span class='ocrx_word' id='word_1_200' title='bbox 920 3011 1006 3083; x_wconf 90' lang='lat' dir='ltr'><strong>ultra,</strong></span> <span class='ocrx_word' id='word_1_201' title='bbox 1034 3029 1121 3088; x_wconf 89' lang='lat' dir='ltr'><strong>qnam</strong></span> <span class='ocrx_word' id='word_1_202' title='bbox 1144 3021 1176 3068; x_wconf 92' lang='lat' dir='ltr'><strong>ut</strong></span> <span class='ocrx_word' id='word_1_203' title='bbox 1203 3010 1475 3087; x_wconf 59' lang='lat' dir='ltr'><strong>paemtemtdusua</strong></span> 
     </span>
     <span class='ocr_line' id='line_1_25' title="bbox 436 3116 574 3173; baseline -0.007 0"><span class='ocrx_word' id='word_1_204' title='bbox 436 3116 574 3173; x_wconf 83' lang='lat' dir='ltr'><strong>restabat</strong></span> 
     </span>
     <span class='ocr_line' id='line_1_26' title="bbox 342 3219 1474 3295; baseline -0.003 -17"><span class='ocrx_word' id='word_1_205' title='bbox 342 3220 390 3292; x_wconf 78' lang='lat'><strong>28</strong></span> <span class='ocrx_word' id='word_1_206' title='bbox 520 3221 567 3279; x_wconf 83' lang='lat' dir='ltr'><strong>Eo</strong></span> <span class='ocrx_word' id='word_1_207' title='bbox 596 3238 672 3278; x_wconf 89' lang='lat' dir='ltr'><strong>anno</strong></span> <span class='ocrx_word' id='word_1_208' title='bbox 704 3220 799 3295; x_wconf 90' lang='lat' dir='ltr'><strong>plebei</strong></span> <span class='ocrx_word' id='word_1_209' title='bbox 825 3223 967 3280; x_wconf 72' lang='lat' dir='ltr'><strong>Romane</strong></span> <span class='ocrx_word' id='word_1_210' title='bbox 994 3223 1073 3280; x_wconf 85' lang='lat' dir='ltr'><strong>velut</strong></span> <span class='ocrx_word' id='word_1_211' title='bbox 1105 3222 1184 3280; x_wconf 89' lang='lat' dir='ltr'><strong>aliud</strong></span> <span class='ocrx_word' id='word_1_212' title='bbox 1214 3223 1327 3281; x_wconf 89' lang='lat' dir='ltr'><strong>initium</strong></span> <span class='ocrx_word' id='word_1_213' title='bbox 1350 3219 1474 3280; x_wconf 86' lang='lat' dir='ltr'><strong>&#39;libertatis</strong></span> 
     </span>
     <span class='ocr_line' id='line_1_27' title="bbox 438 3325 1475 3401; baseline -0.002 -18"><span class='ocrx_word' id='word_1_214' title='bbox 438 3326 548 3383; x_wconf 82' lang='lat' dir='ltr'><strong>factum</strong></span> <span class='ocrx_word' id='word_1_215' title='bbox 576 3336 634 3397; x_wconf 86' lang='lat' dir='ltr'><strong>est,</strong></span> <span class='ocrx_word' id='word_1_216' title='bbox 667 3327 745 3401; x_wconf 93' lang='lat' dir='ltr'><strong>quod</strong></span> <span class='ocrx_word' id='word_1_217' title='bbox 772 3327 848 3384; x_wconf 88' lang='lat' dir='ltr'><strong>necti</strong></span> <span class='ocrx_word' id='word_1_218' title='bbox 879 3328 1039 3398; x_wconf 87' lang='lat' dir='ltr'><strong>desierunt;</strong></span> <span class='ocrx_word' id='word_1_219' title='bbox 1080 3337 1223 3386; x_wconf 90' lang='lat' dir='ltr'><strong>mutatum</strong></span> <span class='ocrx_word' id='word_1_220' title='bbox 1255 3338 1351 3387; x_wconf 88' lang='lat' dir='ltr'><strong>autem</strong></span> <span class='ocrx_word' id='word_1_221' title='bbox 1380 3331 1421 3386; x_wconf 89' lang='lat' dir='ltr'><strong>ius</strong></span> <span class='ocrx_word' id='word_1_222' title='bbox 1446 3325 1475 3383; x_wconf 92' lang='lat' dir='ltr'><strong>ob</strong></span> 
     </span>
     <span class='ocr_line' id='line_1_28' title="bbox 438 3431 1474 3511; baseline -0.001 -23"><span class='ocrx_word' id='word_1_223' title='bbox 438 3433 522 3488; x_wconf 87' lang='lat' dir='ltr'><strong>unius</strong></span> <span class='ocrx_word' id='word_1_224' title='bbox 542 3431 714 3490; x_wconf 78' lang='lat' dir='ltr'><strong>feneratoris</strong></span> <span class='ocrx_word' id='word_1_225' title='bbox 736 3432 822 3490; x_wconf 90' lang='lat' dir='ltr'><strong>simul</strong></span> <span class='ocrx_word' id='word_1_226' title='bbox 841 3433 998 3506; x_wconf 88' lang='lat' dir='ltr'><strong>libidinem,</strong></span> <span class='ocrx_word' id='word_1_227' title='bbox 1020 3435 1105 3492; x_wconf 89' lang='lat' dir='ltr'><strong>simul</strong></span> <span class='ocrx_word' id='word_1_228' title='bbox 1126 3435 1326 3492; x_wconf 85' lang='lat' dir='ltr'><strong>crudelitatem</strong></span> <span class='ocrx_word' id='word_1_229' title='bbox 1347 3436 1474 3511; x_wconf 76' lang='lat' dir='ltr'><strong>insignem,</strong></span> 
     </span>
     <span class='ocr_line' id='line_1_29' title="bbox 407 3537 1473 3614; baseline -0.005 -17"><span class='ocrx_word' id='word_1_230' title='bbox 407 3539 473 3598; x_wconf 79' lang='lat' dir='ltr'><strong>eL.</strong></span> <span class='ocrx_word' id='word_1_231' title='bbox 495 3539 631 3614; x_wconf 87' lang='lat' dir='ltr'><strong>Papirius</strong></span> <span class='ocrx_word' id='word_1_232' title='bbox 651 3539 677 3595; x_wconf 90' lang='lat' dir='ltr'><strong>is</strong></span> <span class='ocrx_word' id='word_1_233' title='bbox 698 3537 769 3609; x_wconf 85' lang='lat' dir='ltr'><strong>tuit,</strong></span> <span class='ocrx_word' id='word_1_234' title='bbox 797 3539 845 3596; x_wconf 88' lang='lat' dir='ltr'><strong>eui</strong></span> <span class='ocrx_word' id='word_1_235' title='bbox 867 3557 956 3614; x_wconf 92' lang='lat' dir='ltr'><strong>quum</strong></span> <span class='ocrx_word' id='word_1_236' title='bbox 977 3557 1008 3597; x_wconf 89' lang='lat' dir='ltr'><strong>se</strong></span> <span class='ocrx_word' id='word_1_237' title='bbox 1030 3539 1062 3599; x_wconf 84' lang='lat' dir='ltr'><strong>O.</strong></span> <span class='ocrx_word' id='word_1_238' title='bbox 1084 3541 1227 3599; x_wconf 89' lang='lat' dir='ltr'><strong>Publilius</strong></span> <span class='ocrx_word' id='word_1_239' title='bbox 1251 3541 1288 3598; x_wconf 94' lang='lat' dir='ltr'><strong>ob</strong></span> <span class='ocrx_word' id='word_1_240' title='bbox 1311 3559 1350 3600; x_wconf 78' lang='lat' dir='ltr'><strong>aes</strong></span> <span class='ocrx_word' id='word_1_241' title='bbox 1371 3542 1473 3598; x_wconf 80' lang='lat' dir='ltr'><strong>ebenum</strong></span> 
     </span>
     <span class='ocr_line' id='line_1_30' title="bbox 437 3643 1471 3730; baseline -0.002 -29"><span class='ocrx_word' id='word_1_242' title='bbox 437 3652 589 3720; x_wconf 86' lang='lat' dir='ltr'><strong>paternum</strong></span> <span class='ocrx_word' id='word_1_243' title='bbox 610 3663 717 3702; x_wconf 85' lang='lat' dir='ltr'><strong>nexum</strong></span> <span class='ocrx_word' id='word_1_244' title='bbox 739 3643 879 3715; x_wconf 77' lang='lat' dir='ltr'><strong>dedisset,</strong></span> <span class='ocrx_word' id='word_1_245' title='bbox 912 3662 976 3720; x_wconf 81' lang='lat' dir='ltr'><strong>quae</strong></span> <span class='ocrx_word' id='word_1_246' title='bbox 1004 3655 1074 3704; x_wconf 76' lang='lat' dir='ltr'><strong>etas</strong></span> <span class='ocrx_word' id='word_1_247' title='bbox 1095 3645 1249 3730; x_wconf 83' lang='lat' dir='ltr'><strong>formaque</strong></span> <span class='ocrx_word' id='word_1_248' title='bbox 1270 3645 1471 3705; x_wconf 87' lang='lat' dir='ltr'><strong>misericordium</strong></span> 
     </span>
     <span class='ocr_line' id='line_1_31' title="bbox 437 3735 1508 3824; baseline 0.003 -19"><span class='ocrx_word' id='word_1_249' title='bbox 437 3748 542 3806; x_wconf 82' lang='lat' dir='ltr'><strong>elicere</strong></span> <span class='ocrx_word' id='word_1_250' title='bbox 561 3758 709 3824; x_wconf 85' lang='lat' dir='ltr'><strong>poterant,</strong></span> <span class='ocrx_word' id='word_1_251' title='bbox 742 3751 780 3807; x_wconf 85' lang='lat' dir='ltr'><strong>ad</strong></span> <span class='ocrx_word' id='word_1_252' title='bbox 800 3750 946 3808; x_wconf 90' lang='lat' dir='ltr'><strong>libidinem</strong></span> <span class='ocrx_word' id='word_1_253' title='bbox 970 3761 999 3810; x_wconf 92' lang='lat' dir='ltr'><strong>et</strong></span> <span class='ocrx_word' id='word_1_254' title='bbox 1020 3753 1224 3810; x_wconf 86' lang='lat' dir='ltr'><strong>contumeliam</strong></span> <span class='ocrx_word' id='word_1_255' title='bbox 1245 3754 1371 3811; x_wconf 90' lang='lat' dir='ltr'><strong>animum</strong></span> <span class='ocrx_word' id='word_1_256' title='bbox 1393 3767 1472 3808; x_wconf 79' lang='lat' dir='ltr'><strong>secm-</strong></span> <span class='ocrx_word' id='word_1_257' title='bbox 1507 3735 1508 3740; x_wconf 7' lang='grc' dir='ltr'>ἵ</span> 
     </span>
     <span class='ocr_line' id='line_1_32' title="bbox 408 3854 1472 3917; baseline 0.007 -7"><span class='ocrx_word' id='word_1_258' title='bbox 408 3854 549 3916; x_wconf 85' lang='lat' dir='ltr'><strong>3derunt.</strong></span> <span class='ocrx_word' id='word_1_259' title='bbox 593 3855 710 3914; x_wconf 89' lang='lat' dir='ltr'><strong>Florem</strong></span> <span class='ocrx_word' id='word_1_260' title='bbox 732 3857 825 3914; x_wconf 78' lang='lat' dir='ltr'><strong>aetatis</strong></span> <span class='ocrx_word' id='word_1_261' title='bbox 847 3857 908 3914; x_wconf 87' lang='lat' dir='ltr'><strong>eius</strong></span> <span class='ocrx_word' id='word_1_262' title='bbox 928 3857 1053 3915; x_wconf 83' lang='lat' dir='ltr'><strong>fructum</strong></span> <span class='ocrx_word' id='word_1_263' title='bbox 1076 3858 1269 3916; x_wconf 84' lang='lat' dir='ltr'><strong>adventicium</strong></span> <span class='ocrx_word' id='word_1_264' title='bbox 1289 3859 1387 3917; x_wconf 82' lang='lat' dir='ltr'><strong>crediti</strong></span> <span class='ocrx_word' id='word_1_265' title='bbox 1403 3865 1472 3917; x_wconf 69' lang='lat' dir='ltr'><strong>catut</strong></span> 
     </span>
     <span class='ocr_line' id='line_1_33' title="bbox 439 3960 1471 4036; baseline 0.001 -19"><span class='ocrx_word' id='word_1_266' title='bbox 439 3960 533 4035; x_wconf 86' lang='lat' dir='ltr'><strong>primo</strong></span> <span class='ocrx_word' id='word_1_267' title='bbox 564 3960 698 4036; x_wconf 83' lang='lat' dir='ltr'><strong>pellicere</strong></span> <span class='ocrx_word' id='word_1_268' title='bbox 729 3961 941 4020; x_wconf 85' lang='lat' dir='ltr'><strong>adolescentem</strong></span> <span class='ocrx_word' id='word_1_269' title='bbox 974 3982 1107 4022; x_wconf 90' lang='lat' dir='ltr'><strong>sermone</strong></span> <span class='ocrx_word' id='word_1_270' title='bbox 1142 3964 1254 4021; x_wconf 89' lang='lat' dir='ltr'><strong>incesto</strong></span> <span class='ocrx_word' id='word_1_271' title='bbox 1287 3973 1331 4022; x_wconf 87' lang='lat' dir='ltr'><strong>est</strong></span> <span class='ocrx_word' id='word_1_272' title='bbox 1362 3971 1471 4023; x_wconf 86' lang='lat' dir='ltr'><strong>conatus:</strong></span> 
     </span>
     <span class='ocr_line' id='line_1_34' title="bbox 438 4067 1472 4145; baseline 0.004 -23"><span class='ocrx_word' id='word_1_273' title='bbox 438 4067 513 4136; x_wconf 92' lang='lat' dir='ltr'><strong>dein,</strong></span> <span class='ocrx_word' id='word_1_274' title='bbox 533 4076 689 4141; x_wconf 89' lang='lat' dir='ltr'><strong>postquam</strong></span> <span class='ocrx_word' id='word_1_275' title='bbox 711 4069 942 4142; x_wconf 85' lang='lat' dir='ltr'><strong>aspernabantur</strong></span> <span class='ocrx_word' id='word_1_276' title='bbox 966 4069 1107 4145; x_wconf 82' lang='lat' dir='ltr'><strong>flagitium</strong></span> <span class='ocrx_word' id='word_1_277' title='bbox 1136 4087 1230 4140; x_wconf 88' lang='lat' dir='ltr'><strong>aures,</strong></span> <span class='ocrx_word' id='word_1_278' title='bbox 1259 4069 1345 4128; x_wconf 90' lang='lat' dir='ltr'><strong>minis</strong></span> <span class='ocrx_word' id='word_1_279' title='bbox 1364 4069 1472 4128; x_wconf 81' lang='lat' dir='ltr'><strong>tenitart</strong></span> 
     </span>
     <span class='ocr_line' id='line_1_35' title="bbox 407 4172 1471 4254; baseline 0.001 -27"><span class='ocrx_word' id='word_1_280' title='bbox 407 4181 425 4234; x_wconf 83' lang='lat'>4</span> <span class='ocrx_word' id='word_1_281' title='bbox 438 4180 525 4246; x_wconf 91' lang='lat' dir='ltr'><strong>atque</strong></span> <span class='ocrx_word' id='word_1_282' title='bbox 538 4172 691 4228; x_wconf 87' lang='lat' dir='ltr'><strong>identidem</strong></span> <span class='ocrx_word' id='word_1_283' title='bbox 708 4173 863 4230; x_wconf 90' lang='lat' dir='ltr'><strong>admonere</strong></span> <span class='ocrx_word' id='word_1_284' title='bbox 877 4174 1012 4246; x_wconf 80' lang='lat' dir='ltr'><strong>fortunoe3</strong></span> <span class='ocrx_word' id='word_1_285' title='bbox 1034 4183 1191 4251; x_wconf 87' lang='lat' dir='ltr'><strong>postremo,</strong></span> <span class='ocrx_word' id='word_1_286' title='bbox 1210 4195 1298 4251; x_wconf 91' lang='lat' dir='ltr'><strong>quum</strong></span> <span class='ocrx_word' id='word_1_287' title='bbox 1313 4172 1471 4254; x_wconf 72' lang='lat' dir='ltr'><strong>ingenuitati</strong></span> 
     </span>
     <span class='ocr_line' id='line_1_36' title="bbox 438 4275 1471 4354; baseline 0 -20"><span class='ocrx_word' id='word_1_288' title='bbox 438 4277 531 4352; x_wconf 82' lang='lat' dir='ltr'><strong>magis</strong></span> <span class='ocrx_word' id='word_1_289' title='bbox 564 4295 651 4351; x_wconf 90' lang='lat' dir='ltr'><strong>quam</strong></span> <span class='ocrx_word' id='word_1_290' title='bbox 677 4279 826 4352; x_wconf 74' lang='lat' dir='ltr'><strong>presentis</strong></span> <span class='ocrx_word' id='word_1_291' title='bbox 854 4282 1030 4340; x_wconf 88' lang='lat' dir='ltr'><strong>condicionis</strong></span> <span class='ocrx_word' id='word_1_292' title='bbox 1058 4299 1215 4339; x_wconf 90' lang='lat' dir='ltr'><strong>memorem</strong></span> <span class='ocrx_word' id='word_1_293' title='bbox 1238 4282 1363 4354; x_wconf 81' lang='lat' dir='ltr'><strong>videret,</strong></span> <span class='ocrx_word' id='word_1_294' title='bbox 1391 4275 1471 4338; x_wconf 86' lang='lat' dir='ltr'><strong>nudan&#39;</strong></span> 
     </span>
    </p>
   </div>
   <div class='ocr_carea' id='block_1_4' title="bbox 0 0 1700 5084">
    <p class='ocr_par' dir='ltr' id='par_1_4' title="bbox 0 0 1700 5084">
     <span class='ocr_line' id='line_1_37' title="bbox 0 0 1700 5084; baseline 0 0"><span class='ocrx_word' id='word_1_295' title='bbox 0 0 1700 5084; x_wconf 95' lang='lat' dir='ltr'><strong> </strong></span> 
     </span>
    </p>
   </div>
  </div>
 </body>
</html>
