3392 5084
480 541 537 599 170
779 537 915 588 assetur.
950 537 997 602 (a.
1012 554 1036 586 a
1049 551 1072 587 s.
1086 537 1159 602 sos.)

435 733 496 782 tum
525 723 661 792 violaret,
688 723 737 780 sed
758 737 790 780 nt
816 725 966 781 turbantes
994 722 1118 780 civitatis
1140 723 1230 779 otium
1254 739 1308 798 pro
1338 722 1466 780 maiesute

406 827 547 906 aimperii
588 839 741 886 coerceret
805 829 952 899 „Proinde
990 828 1103 904 quiesse
1143 805 1199 884 erit
1236 828 1355 886 mclius⁴⁴
1387 828 1468 902 inquit.

438 934 564 1006 ,Lictor,
586 953 735 993 summove
757 936 872 992 turbam
894 943 924 992 et
943 935 982 992 da
1004 935 1082 992 viam
1104 933 1223 990 domino
1237 933 1469 1009 adprendendum

436 1040 638 1116 mancipium.“
696 1039 791 1114 Quum
825 1042 886 1098 haec
917 1039 1087 1098 intonuisset
1114 1039 1216 1114 plenus
1242 1039 1309 1107 uas,
1337 1040 1469 1096 multitudo

415 1146 500 1221 -ipsa
520 1135 560 1202 se'
573 1161 625 1201 sua
647 1155 749 1221 sponte
772 1145 902 1216 dimovit,
925 1145 1096 1219 desertaque
1124 1145 1223 1220 prada
1252 1143 1365 1203 iniuria
1394 1146 1471 1222 puella

406 1253 541 1314 astabat.
575 1252 651 1308 Tum
669 1251 831 1326 Verginius,
846 1251 896 1309 ubi
910 1250 981 1308 nihil
995 1269 1117 1326 usquam
1133 1249 1233 1307 auxilii
1248 1250 1330 1320 vidit,
1346 1252 1469 1326 „Quam”

436 1358 537 1432 inquit,
561 1356 669 1431 „Appi,
691 1356 814 1432 primurn
835 1358 954 1433 ignosce
966 1358 1063 1433 patrio
1084 1356 1186 1426 dolori,
1209 1355 1318 1429 siquid
1338 1356 1471 1414 inclamen-

436 1464 492 1520 tius
524 1463 552 1519 in
584 1471 613 1518 te
645 1480 708 1519 sum
740 1462 883 1533 invectus3
920 1463 1023 1520 deinde
1058 1463 1136 1520 sinas
1170 1463 1219 1519 lric
1250 1479 1351 1519 coram
1381 1462 1473 1536 virgins

436 1567 575 1625 nutricem
593 1568 765 1642 percontari,
787 1568 856 1642 quid
882 1570 939 1626 hoc
959 1569 1001 1625 rei
1022 1569 1068 1636 sit,
1086 1578 1127 1639 ut,
1149 1569 1175 1624 si
1194 1567 1271 1626 falso
1293 1577 1379 1643 pater
1398 1567 1473 1623 dous

407 1682 510 1743 esum,
531 1672 658 1746 aequiore
677 1673 743 1731 hinc
766 1674 863 1731 animo
887 1674 1063 1732 discedam.“
1100 1677 1182 1732 Data
1202 1673 1298 1744 vania,
1319 1674 1427 1730 seducit
1449 1673 1473 1727 i

436 1780 505 1836 liam
527 1797 561 1836 ac
588 1777 726 1835 nutricem
753 1763 853 1855 prope*
866 1778 1013 1838 Cloacinae
1046 1780 1083 1837 ad
1104 1759 1257 1849 tabernas,
1284 1779 1391 1854 quibus
1416 1795 1474 1834 nnnc

437 1884 520 1942 noris
543 1892 586 1942 est
609 1901 728 1953 nomen,
756 1893 844 1959 atquc
864 1885 905 1942 ibi
927 1886 965 1942 ab
985 1884 1064 1942 lanio
1085 1886 1178 1943 culn-o
1210 1895 1326 1961 arrepto
1359 1886 1475 1955 „Hoctc

438 2007 505 2059 uno,
527 2007 585 2064 qno
605 1990 742 2064 possum“
768 1987 824 2059 ait,
848 1992 969 2059 ,modo,
997 1991 1069 2062 filie,
1097 1992 1127 2050 in
1152 1991 1315 2048 libertatem
1347 1990 1473 2047 vindico.“

438 2097 543 2153 Pectus
577 2092 680 2152 deinde
714 2093 817 2168 puella
850 2096 1006 2171 transfigit,
1041 2107 1264 2172 respectansque
1298 2096 1337 2153 ad
1368 2094 1477 2153 tribunal

440 2203 520 2270 ,Te“
548 2200 655 2275 inquit,
680 2201 789 2276 „Appi
809 2209 948 2276 tuumque
969 2211 1057 2277 caput
1078 2203 1217 2277 sangnine
1236 2202 1293 2259 hoc
1323 2207 1475 2260 consecro.“
1512 2230 1513 2257 r

408 2305 573 2372 eclamore
602 2307 640 2362 ad
675 2315 734 2363 tam
772 2314 858 2364 atrox
888 2305 1002 2364 facinus
1038 2314 1103 2364 orto
1130 2307 1241 2364 excitus
1266 2307 1386 2383 Appius
1414 2323 1477 2377 corp·
1512 2334 1513 2365 l

438 2412 540 2488 prendi
566 2411 735 2486 Verginium
755 2411 844 2469 iubet.
901 2412 957 2469 Ille
976 2411 1070 2482 ferro,
1104 2429 1276 2486 quecunque
1302 2414 1383 2474 ibat,
1414 2412 1476 2466 viam

437 2518 542 2587 facere,
564 2517 664 2587 donec,
686 2516 866 2574 multitudine
887 2517 974 2576 etiam
988 2517 1222 2593 prosequentium
1237 2526 1345 2588 tuente,
1367 2518 1404 2575 ad
1423 2533 1477 2591 por·
1512 2544 1513 2547 =

409 2633 425 2687 7
438 2636 498 2682 tam
519 2621 651 2699 perrexit.
699 2621 797 2680 Icilius
812 2623 1051 2699 Numitoriusque
1066 2641 1213 2699 exsangue
1226 2641 1332 2698 corpus
1348 2623 1477 2680 sublatum
1513 2630 1514 2637 ’

439 2737 583 2788 ostentant
617 2728 738 2804 populo;
775 2727 868 2785 scelus
902 2730 1007 2805 Appii,
1042 2730 1145 2805 puellae
1178 2727 1321 2790 infelicem
1357 2729 1478 2786 formam.

408 2835 636 2901 suecessitatem
657 2833 747 2908 patris
775 2833 934 2908 deplorant
988 2836 1146 2911 Sequentes
1167 2835 1318 2892 clamitant
1339 2842 1479 2892 matrona:

438 2943 550 3000 Eamne
578 2935 733 2998 lib'drorum
755 2941 1001 3013 procreandorum
1033 2942 1245 3018 condicionem,
1278 2959 1315 2998 ea
1348 2939 1480 3017 pudicitie

438 3047 557 3123 praemia
577 3044 659 3103 esse?
691 3054 796 3115 cetera,
818 3063 883 3120 qua
903 3045 933 3101 in
953 3045 1005 3102 tali
1024 3065 1057 3103 re
1077 3047 1224 3104 muliebris
1248 3046 1348 3114 dolor,
1370 3065 1427 3121 quo
1446 3053 1480 3100 ast

438 3152 564 3210 maestior
595 3151 737 3208 imbecillo
769 3151 880 3221 animo,
914 3169 949 3208 oo
978 3152 1152 3210 miserabilia
1179 3152 1273 3227 magis
1306 3151 1480 3227 querentibus

408 3258 559 3316 9subiicit.
603 3256 740 3313 Virorum
772 3266 801 3313 et
822 3256 948 3314 maxima
970 3257 1044 3314 Icilii
1066 3276 1124 3315 vox
1145 3267 1207 3315 tota
1228 3258 1390 3315 tribuniciae
1410 3264 1480 3332 pote·

438 3364 520 3420 statis
553 3381 587 3420 ac
619 3362 834 3438 provocationis
867 3363 905 3418 ad
940 3363 1079 3438 populum
1113 3373 1219 3439 ereptae
1253 3364 1481 3443 publicarumque

438 3469 664 3543 indignationum
685 3479 754 3526 erat.

345 3567 388 3636 49
521 3571 689 3631 Concitatur
720 3573 872 3630 multitudo
901 3574 1007 3649 partim
1040 3573 1191 3632 atrocitate
1222 3574 1354 3644 sceleris,
1385 3571 1480 3651 partin

408 3681 491 3754 ispe
507 3697 560 3754 par
582 3679 762 3736 occasionem
784 3679 947 3754 repetendae
966 3679 1115 3738 libertatis.
1159 3681 1273 3756 Appius
1294 3699 1372 3737 nnnc
1391 3675 1481 3736 vocan'

438 3783 567 3855 Icilium,
588 3803 664 3842 nunc
683 3793 886 3842 retractantem
908 3785 1014 3861 arripi,
1043 3796 1199 3862 postremo,
1230 3805 1318 3861 quum
1337 3787 1417 3844 locus
1438 3782 1481 3839 ad·

438 3889 523 3946 cundi
545 3890 759 3965 apparitoribus
773 3909 831 3948 non
853 3891 978 3962 daretur,
1000 3891 1062 3965 ipse
1083 3908 1148 3948 cum
1169 3892 1284 3967 agmine
1304 3891 1481 3967 patriciorum

408 3995 572 4053 diuvennm
589 4014 642 4070 par
662 3997 776 4054 turbam
790 3996 910 4068 vadens,
931 3997 960 4054 in
981 3996 1097 4053 vincula
1117 3996 1183 4054 duci
1205 3996 1294 4054 iubet.
1328 3998 1391 4054 Iam
1412 3997 1482 4054 cirea

438 4102 550 4159 Icilium
572 4120 630 4158 non
652 4102 744 4160 solnm
770 4102 938 4174 multitudo,
965 4103 1015 4161 sed
1044 4103 1131 4160 ducas
1160 4119 1276 4177 qnoque
1303 4101 1481 4160 multitudinis

439 4219 529 4279 erant,
551 4207 585 4266 L.
601 4208 736 4267 Valerius
757 4219 786 4266 et
806 4211 847 4266 M.
865 4209 1015 4280 Horatius,
1035 4209 1094 4284 qni,
1117 4209 1234 4284 repulso
1255 4207 1366 4279 lictore,
1385 4208 1409 4265 si
1427 4209 1481 4264 inre

439 4323 546 4390 ageret,
567 4313 714 4370 vindicare
736 4331 766 4370 se
788 4331 807 4369 a
827 4313 943 4388 privato
964 4308 1076 4372 Icilium
1100 4314 1229 4384 aiebant,
1260 4315 1285 4371 si
1307 4316 1365 4372 vim
1386 4312 1482 4372 allone
