3392 5084
482 547 539 602 140
772 537 851 587 Liber
866 535 916 587 111.
953 534 998 598 (A.
1012 549 1037 586 u.
1051 549 1071 584 c.
1087 535 1160 598 294.)

436 737 469 786 ut
502 726 616 784 exsules
647 723 752 782 iniuria
782 722 882 798 pulsos
912 721 941 778 in
973 719 1097 796 patriam
1130 721 1281 778 reduceret
1312 729 1342 778 et
1371 721 1485 778 servitiis

437 852 528 910 grave
547 834 646 908 iugum
668 831 808 899 demeret;
829 827 860 883 id
883 824 972 882 malle
990 825 1098 900 populo
1121 826 1255 884 Romano
1278 835 1398 884 auctore
1420 827 1487 894 fieri;

438 940 524 998 siibi
546 955 612 1013 spes
632 955 690 993 non
714 935 765 1004 sit,
792 951 825 990 se
845 931 970 988 Volscos
993 940 1022 987 et
1043 933 1160 1006 AEquos
1184 939 1212 988 et
1240 931 1340 988 omnic
1367 940 1488 987 extreme

343 1040 385 1110 ld
438 1052 628 1102 tentaturum·
650 1051 679 1098 et
712 1039 932 1098 concitaturum.
990 1035 1126 1094 Dilucere
1159 1055 1205 1093 res
1239 1038 1332 1113 magis
1367 1038 1487 1112 patribus

439 1160 526 1225 etque
547 1144 721 1205 consulibus.
742 1175 745 1181 ν
769 1147 882 1203 Proeter
903 1161 939 1200 ee
959 1152 1157 1218 ternumque
1180 1145 1441 1212 denuntiabantur,
1460 1163 1488 1199 ne

332 1285 336 1293 ·
407 1254 601 1314 2Veientium
623 1271 680 1309 neu
696 1250 870 1309 Sabinorum
886 1245 917 1306 id
938 1248 1086 1307 eonsilium
1108 1259 1193 1320 esset,
1214 1249 1326 1324 timere,
1348 1257 1387 1319 et,
1411 1267 1487 1322 quun

437 1371 548 1420 tentum
569 1359 599 1416 in
619 1359 692 1415 urbe
708 1356 834 1412 hostium
859 1365 948 1438 esset,¹
965 1373 1035 1412 mox
1057 1353 1173 1412 Sabinus
1195 1353 1385 1429 Etruscaeque
1407 1353 1488 1428 legio·

437 1485 488 1524 nes
510 1485 548 1524 ex
568 1463 730 1538 composito
752 1461 894 1530 adessent,
916 1471 977 1518 tum
1000 1461 1098 1518 aeterni
1112 1461 1210 1517 hostes
1231 1459 1334 1517 Volsci
1355 1469 1386 1516 et
1407 1459 1489 1533 AEqui

437 1592 496 1630 non
519 1573 557 1628 ed
578 1567 771 1646 populandos,
793 1576 824 1623 ut
846 1577 923 1636 ente,
944 1569 1031 1637 fines,
1047 1567 1103 1628 ,sed
1125 1549 1163 1622 ed
1184 1567 1286 1624 urbem
1307 1576 1340 1623 ut
1357 1585 1397 1622 ex
1417 1575 1489 1640 purte

397 1679 424 1738 .3
438 1688 552 1754 ceptum
569 1676 708 1732 venirent.
751 1673 837 1729 Multi
851 1681 880 1729 et
899 1671 975 1730 varii
989 1672 1121 1741 timorem
1141 1672 1217 1729 inter
1231 1681 1342 1730 ceteros
1353 1673 1489 1729 eminebat

437 1793 532 1841 terror
545 1780 667 1850 seruilis,
689 1799 726 1836 ne
740 1798 810 1836 suus
830 1779 935 1853 cuique
948 1777 1028 1834 domi
1041 1777 1132 1833 hostis
1147 1787 1231 1848 esset,
1254 1779 1299 1834 oui
1313 1796 1367 1835 nec
1383 1778 1489 1834 eredere

334 1892 339 1901 '
437 1908 562 1962 nee-non
578 1887 730 1957 credendo,
752 1905 790 1942 ne
810 1883 942 1941 infestior
961 1885 1051 1953 fieret,
1074 1884 1160 1942 fidem
1182 1885 1327 1959 abrogare
1348 1884 1423 1941 setis
1438 1892 1490 1940 erat

407 1996 546 2065 ltutum3
578 1993 685 2068 vixque
711 1991 867 2049 concordis
888 1989 950 2046 sisti
975 1989 1129 2047 videbatur
1155 2007 1250 2065 posse.
1297 1990 1430 2047 Tantum
1449 2007 1490 2044 sn-

437 2100 606 2176 perentibus
628 2097 692 2156 eliis
714 2115 749 2154 ec
769 2096 965 2171 mergentibus
988 2095 1073 2152 melis
1102 2115 1186 2173 nemo
1213 2095 1343 2152 tribunos
1364 2105 1419 2152 ant
1439 2096 1489 2170 ple

437 2207 503 2264 bern
524 2206 660 2276 timebet3
689 2211 871 2260 mansuetum
900 2202 931 2258 id
953 2201 1059 2258 melum
1088 2213 1116 2257 et
1142 2221 1195 2277 per
1216 2201 1340 2259 eliorum
1372 2203 1489 2276 quietem
1528 2187 1529 2192 ἵ

438 2312 582 2370 malorum
604 2329 718 2386 semper
739 2309 872 2366 exoriens
893 2319 953 2366 tum
977 2325 1093 2383 quoque
1114 2325 1177 2364 esse
1205 2307 1358 2383 peregrino
1390 2319 1490 2366 terrore
1528 2303 1529 2322 *

407 2419 563 2494 5sopitum
584 2416 747 2475 videbatur.
790 2418 833 2473 At
845 2417 877 2472 id
897 2433 989 2491 prope
1009 2433 1095 2472 unum
1112 2415 1237 2472 maxime
1251 2413 1399 2474 inclinatis
1414 2417 1488 2472 rebus
1528 2397 1529 2428 ³

437 2523 573 2582 incubuit.
620 2523 733 2578 Tantus
755 2522 830 2578 enim
852 2519 981 2578 tribunos
1005 2517 1087 2577 furor
1112 2521 1218 2592 tenuit,
1245 2531 1357 2579 utnon
1382 2523 1488 2590 bellum,

437 2630 489 2687 sed
509 2647 616 2685 venem
638 2628 793 2702 imaginem
815 2625 883 2684 belli
906 2625 943 2682 ed
965 2625 1137 2682 evertendos
1160 2627 1197 2683 cb
1218 2626 1291 2703 legis
1313 2645 1385 2684 cure
1407 2628 1488 2705 plebis

439 2736 551 2793 animos
580 2732 755 2809 Capitolium
785 2731 926 2788 insedisse
967 2731 1184 2802 contenderent3
1224 2735 1414 2808 patriciorum
1445 2736 1488 2791 ho·

438 2842 526 2917 spites
548 2839 738 2912 clientesque,
766 2838 791 2894 si
817 2837 931 2912 perlate
950 2837 1015 2912 lege
1036 2836 1144 2894 frustra
1170 2839 1360 2896 tumultuatos
1382 2858 1489 2896 essese

408 2947 578 3016 bsentient,
600 2945 718 3013 maiore,
741 2962 827 3018 quem
849 2943 988 3012 venerint,
1010 2942 1122 3000 silentio
1147 2945 1287 3005 abituros.
1336 2943 1487 3002 Concilium

438 3053 506 3110 inde
527 3051 583 3126 legi
605 3049 782 3126 perferendae
803 3051 920 3119 habere,
947 3059 1071 3106 evocato
1091 3041 1201 3124 populo
1231 3050 1268 3107 ab
1297 3051 1395 3109 ermis.
1445 3051 1489 3109 se-

437 3168 537 3215 natum
571 3157 685 3214 interim
719 3156 851 3213 eonsules
883 3155 1003 3224 habent,
1031 3153 1089 3210 alio
1118 3174 1149 3212 sc
1177 3156 1287 3214 maiore
1310 3159 1347 3214 ab
1376 3158 1488 3216 tribunis

438 3275 516 3323 metu
538 3263 715 3333 ostendente,
737 3237 824 3336 quem
847 3279 932 3336 quem
947 3270 1104 3316 nocturnus
1118 3261 1210 3318 hostis
1224 3261 1369 3320 intulerat.
1412 3267 1488 3322 Post·

438 3389 525 3446 quum
548 3388 631 3426 arms
643 3368 713 3444 poni
727 3379 756 3424 et
776 3367 923 3424 discedere
936 3366 1067 3423 homines
1089 3366 1126 3421 ab
1148 3366 1321 3425 stationibus
1335 3371 1487 3427 nuntiatum

438 3486 490 3547 est,
511 3478 546 3535 P.
569 3474 721 3544 Valerius,
750 3473 863 3546 collega
884 3481 1015 3528 senatum
1036 3471 1184 3540 retinente,
1213 3489 1244 3529 se
1273 3493 1309 3530 ex
1331 3450 1412 3534 curie
1429 3495 1488 3552 pro·

407 3582 514 3657 2ripit,
537 3581 604 3638 inde
624 3581 655 3637 in
676 3581 813 3655 templum
834 3579 872 3636 ed
891 3577 1022 3634 tribunos
1043 3577 1131 3639 venit.
1175 3578 1270 3650 ,Quid
1292 3581 1348 3638 hoc
1369 3583 1410 3638 rei
1432 3585 1485 3638 est“

437 3689 539 3763 inquit,
564 3685 707 3757 „tribunii
729 3685 820 3760 Appii
841 3681 985 3740 Herdonii
1007 3682 1093 3739 ductu
1116 3691 1144 3739 et
1166 3685 1295 3759 euspicio
1319 3705 1380 3742 rem
1401 3685 1486 3761 publi·

438 3812 502 3853 cem
526 3792 654 3850 eversuri
684 3789 772 3847 estis?
802 3791 880 3846 Tem
907 3788 978 3846 felix
999 3788 1083 3845 vobis
1112 3789 1330 3865 corrumpendis
1351 3790 1418 3862 fuit,
1445 3788 1487 3863 qui

437 3898 555 3956 servitis
588 3916 647 3954 non
680 3897 837 3954 commovit
870 3891 989 3950 auctor?
1025 3893 1121 3968 Quum
1153 3895 1252 3952 hostes
1284 3913 1374 3970 supra
1407 3905 1487 3970 ceput

406 4005 508 4075 3sint,
551 4002 660 4061 discedi
700 4002 737 4058 eb
773 4001 861 4058 ermis
899 4000 1035 4075 legesque
1070 3999 1140 4058 ferri
1174 3999 1307 4076 placet?“
1350 4001 1421 4059 Inde
1454 3999 1485 4055 ed

436 4110 652 4167 multitudinem
669 4107 801 4164 oratione
820 4124 920 4163 versa:
944 4105 996 4176 „si
1016 4124 1070 4164 vos
1092 4105 1180 4178 urbis,
1203 4106 1340 4180 Quirites,
1361 4105 1485 4164 sivestri

436 4215 515 4273 nulla
536 4233 607 4272 eure
627 4213 735 4288 tangit,
767 4221 798 4269 at
826 4229 880 4269 ros
909 4212 1048 4269 veremini
1078 4214 1146 4269 deos
1171 4222 1283 4270 vestros
1305 4214 1343 4271 nb
1364 4210 1485 4268 hostibus

436 4329 547 4395 coptos.
603 4319 735 4394 Iuppiter
765 4318 891 4395 optimus
920 4319 1063 4374 maximus
1092 4319 1224 4390 Iunoque
1252 4319 1352 4394 τεςίῃα
1379 4327 1407 4375 et
1434 4311 1484 4373 lti-
