3392 5084
687 508 766 557 Liber
780 508 804 560 1.
1195 516 1228 570 17

302 695 372 752 Hae
391 692 483 750 ferma
503 692 630 751 Romulo
642 704 782 769 regnanto
797 693 877 751 domi
898 692 1063 769 militiaque
1084 706 1174 770 gesta,
1198 698 1301 772 quo-d

226 820 283 859 rum
311 799 380 857 nihil
408 799 552 856 absonum
582 798 650 856 fidei
676 798 780 855 divina
814 801 933 877 originis
963 800 1177 877 divinitatisque
1205 816 1272 879 post

226 916 338 963 mortem
359 905 474 962 oraditae
495 902 566 975 tuit,
586 923 645 961 nou
665 905 778 962 animus
800 905 830 962 in
852 924 941 981 ragno
963 906 1042 963 avito
1065 910 1270 985 temperando,

224 1032 276 1069 non
298 1011 453 1069 condendae
475 1010 555 1067 urbis
576 1010 742 1081 eonsilium,
773 1030 832 1068 non
858 1012 934 1069 bello
966 1032 1001 1069 ao
1022 1032 1094 1088 pace
1115 1016 1270 1073 firmandos

223 1119 267 1174 Ab
296 1118 347 1174 illo
378 1118 454 1174 onim
486 1114 618 1192 profecto
646 1116 756 1173 viribus
787 1117 862 1175 datis
898 1126 1008 1175 tuntum
1038 1121 1144 1191 valuit,
1179 1131 1211 1179 ut
1241 1121 1300 1179 inl

223 1222 408 1297 quadraginta
435 1222 539 1280 deinde
567 1239 659 1279 sonos
679 1230 772 1279 tutam
793 1240 895 1297 pacem
921 1223 1049 1283 haberet.
1095 1225 1301 1285 Multitudinis

222 1339 311 1385 tumen
332 1327 445 1403 gratior
465 1327 522 1385 fuit
542 1345 629 1402 quam
651 1326 792 1403 patribus,
812 1328 899 1405 louge
922 1340 989 1387 anta
1011 1331 1083 1389 alios
1108 1331 1271 1407 acceptissi-

222 1454 278 1493 mus
298 1434 422 1490 militum
445 1433 565 1503 animis3
588 1441 788 1507 trecentosque
811 1445 940 1491 armatos
964 1435 1002 1491 ud
1024 1437 1184 1494 custodiam
1208 1455 1270 1495 oor·

222 1540 301 1616 poris,
324 1559 400 1615 quos
423 1520 540 1598 celires
561 1537 737 1616 appellavit,
767 1558 827 1597 non
847 1542 878 1597 in
898 1540 974 1599 bello
996 1542 1090 1599 solum
1112 1542 1163 1599 sed
1185 1542 1271 1601 otiam

221 1649 247 1702 iu
265 1666 339 1723 paee
359 1646 472 1703 habuit.
500 1649 503 1657 '

293 1754 351 1810 His
371 1749 583 1809 immortalibus
604 1750 688 1808 editis
709 1751 854 1827 operibus,
876 1770 964 1826 quum
984 1752 1022 1809 ad
1044 1754 1201 1811 exereitum
1223 1773 1271 1811 rs-
1322 1744 1364 1814 16

221 1860 388 1917 censendum
412 1856 575 1913 contionem
596 1856 626 1913 in
647 1876 751 1933 eampo
782 1859 820 1914 ad
844 1857 949 1933 Caprae
978 1858 1113 1935 paludem
1143 1860 1271 1929 haberat,

221 1966 307 2022 subito
329 1976 435 2021 coorta
454 1972 612 2037 tempestas
633 1982 698 2019 oum
719 1981 826 2038 magno
839 1962 957 2038 fragore
979 1964 1189 2040 tonitribusque
1210 1976 1270 2023 tam

221 2070 301 2127 denso
321 2089 423 2145 regern
447 2068 562 2143 operuit
580 2067 697 2139 nimbo,
720 2079 753 2127 ut
767 2080 952 2144 conspectum
975 2070 1035 2127 eius
1056 2070 1182 2128 contioni
1204 2072 1270 2129 abs-

220 2176 317 2246 tulerit3
348 2194 404 2233 neo
433 2174 536 2231 deinde
561 2174 592 2230 in
618 2175 700 2233 terris
726 2175 867 2232 Romulus
895 2174 958 2232 fuit.
1015 2177 1149 2233 Romana
1170 2178 1300 2252 pubem

220 2281 313 2337 sedato
334 2280 602 2356 tandempavore,
628 2290 784 2356 postquam
811 2301 849 2339 ex
876 2292 937 2339 tam
966 2280 1082 2339 turbido
1102 2281 1148 2339 die
1170 2300 1271 2339 serena

221 2398 245 2442 ot
266 2386 426 2461 tranquilla
450 2386 500 2443 lux
521 2386 615 2456 rediit,
639 2386 689 2443 ubi
709 2405 832 2444 vacuam
855 2388 952 2445 sedem
974 2387 1084 2463 regiam
1107 2386 1196 2458 vidit,
1219 2389 1271 2445 etsi
1362 2384 1374 2395 “

221 2494 283 2549 satis
300 2493 439 2551 credebat
459 2492 601 2567 patribus,
624 2490 673 2567 qui
692 2491 818 2565 proximi
840 2502 998 2561 steterant,
1028 2493 1179 2551 sublimem
1203 2513 1270 2570 rap·

222 2608 274 2655 tum
294 2598 443 2674 procella,
474 2610 571 2655 tumen
600 2597 679 2655 velut
705 2596 837 2653 orbitatis
869 2608 947 2654 metu
978 2599 1036 2655 iota
1063 2610 1192 2657 mustum
1220 2600 1271 2657 uli·

221 2706 351 2777 quamdiu
373 2704 518 2761 silentium
540 2703 671 2760 obtinuit.
708 2703 822 2759 Deinde
844 2721 863 2759 a
884 2704 985 2778 paucis
1008 2705 1089 2763 init-io
1111 2705 1199 2774 fanto,
1222 2705 1301 2765 ‹ie-3

220 2828 263 2865 um
283 2811 338 2868 deo
375 2819 491 2880 natum,
521 2827 620 2884 regem
649 2818 856 2884 parentemque
883 2810 963 2867 urbis
993 2812 1133 2869 Romane
1160 2812 1272 2868 salvere

221 2916 340 2972 universi
361 2914 519 2973 Romulum
539 2915 653 2984 iubent3
675 2932 777 2988 pacem
798 2915 933 2990 precibus
955 2928 1133 2991 exposcunt,
1156 2917 1197 2974 uti
1218 2937 1272 2975 vo·

219 3021 275 3077 lens
295 3022 440 3097 propitius
461 3039 545 3078 suam
566 3039 681 3095 semper
701 3020 821 3095 sospitet
842 3021 1019 3096 progeniem.
1061 3022 1164 3080 Fuisse
1186 3024 1303 3083 credot
1345 3024 1349 3037 “

220 3140 274 3183 urm
296 3146 414 3202 quoque
431 3126 566 3200 'aliquem
597 3125 647 3201 qui
676 3124 849 3199 discerptum
877 3146 975 3203 regem
1003 3138 1119 3213 patrum
1141 3129 1272 3185 manibus

220 3232 293 3289 taciti
316 3242 488 3307 arguerent3
515 3234 646 3289 manavit
676 3230 751 3287 enim
773 3232 834 3288 huso
864 3251 999 3308 quoque,
1025 3234 1076 3289 sed
1097 3235 1273 3317 perobscura
1369 3210 1391 3255 ο

221 3334 311 3407 lama3
330 3338 411 3394 illam
433 3337 553 3394 alteram
576 3336 729 3408 admiratio
751 3338 807 3393 viri
828 3348 857 3394 et
877 3357 972 3413 pavor
991 3355 1118 3414 praeseus
1139 3339 1272 3397 nobilita·

221 3441 268 3500 vit
309 3445 349 3501 Et
376 3443 496 3500 oonsilio
524 3442 611 3499 etiam
632 3442 716 3499 unius
737 3443 862 3499 hominis
885 3443 985 3501 addita
1004 3445 1046 3502 rei
1067 3446 1171 3502 dicitur
1191 3446 1270 3503 fides.
1285 3458 1311 3510 5.

222 3548 352 3623 Namque
372 3548 646 3620 Proculuslulius,
676 3549 800 3605 sollicita
826 3549 942 3605 civitate
969 3550 1111 3609 desiderio
1139 3552 1215 3627 regis
1245 3562 1272 3607 et

223 3652 330 3710 biensa
351 3653 492 3729 patribus,
513 3654 620 3728 gravis,
641 3664 674 3711 ut
694 3655 826 3725 traditur,
851 3654 984 3728 quamvis
1006 3674 1119 3730 magna
1141 3657 1183 3714 rei
1205 3674 1271 3714 auo·

224 3767 274 3828 tor,
294 3760 323 3815 in
345 3759 510 3817 contionem
531 3758 637 3833 prodit.
687 3760 864 3830 „Romulus“
888 3760 989 3834 inquit,
1023 3761 1188 3835 „Quirites‚
1219 3774 1302 3839 pa·6

223 3882 285 3920 rens
305 3865 383 3923 urbis
404 3862 508 3933 huius,
535 3864 630 3940 prima
656 3865 796 3922 hodierna
822 3864 886 3921 luoe
907 3865 976 3921 coelo
997 3878 1115 3941 repente
1139 3868 1272 3944 delapsus

224 3985 253 4023 se
272 3970 340 4027 mihi
361 3970 479 4027 obvium
505 3972 591 4027 dedit.
639 3969 735 4043 Quum
757 3970 890 4046 perinsus
911 3971 1031 4029 horrore
1054 3975 1273 4032 venerabundus

225 4074 401 4145 adstitissem,
423 4085 523 4152 petens
544 4076 687 4152 precibus,
709 4086 741 4132 ut
761 4086 863 4133 contra
883 4077 987 4135 intueri
1008 4076 1054 4135 fes
1076 4088 1159 4150 esset,
1184 4080 1299 4149 „Abia

225 4180 336 4237 nuutis“
361 4182 455 4255 inquit
485 4182 659 4252 „Romanis‚
690 4182 816 4239 caelestes
847 4184 888 4239 its
910 4184 1001 4255 velle,
1039 4195 1070 4243 ut
1092 4205 1156 4243 mea
1177 4188 1272 4244 Roma

226 4298 309 4359 osput
329 4288 406 4345 orbis
426 4298 568 4345 terrarum
590 4287 644 4356 sit3
665 4287 787 4362 proinde
799 4307 860 4345 rem
876 4291 1027 4347 militarem
1042 4293 1146 4362 colant,
1167 4294 1271 4349 sciant-

251 4396 312 4435 tisim
326 4412 349 4437 er
361 4411 402 4437 ree.
417 4400 515 4447 ludvigii.
1028 4402 1041 4444 2
