3392 5084
477 499 535 556 130
735 495 811 546 Liber
827 495 877 546 111.
913 495 957 556 (A.
967 510 991 548 u.
1001 511 1022 544 c.
1032 499 1189 555 asoa-291.)

431 699 535 739 manos
556 681 693 739 cecidisse
713 682 742 737 in
773 682 901 738 Hernico
932 700 1004 756 agro
1032 681 1158 756 quinque
1185 681 1275 740 millia
1296 683 1480 758 octingentos;

432 805 469 844 ex
490 786 701 861 precatoribus
727 787 909 862 AEquorum,
946 787 995 863 qui
1023 787 1222 863 populabundi
1249 788 1279 846 in
1306 789 1411 874 finibus
1431 792 1479 847 Ro-

433 892 526 950 manis
554 892 755 967 vagabantur,
789 895 826 950 ab
865 894 905 954 A.
933 893 1083 951 Postumio
1111 893 1228 952 consule
1256 893 1314 950 duo
1346 894 1435 951 millia
1458 905 1481 952 et

434 997 659 1072 quadringentos
680 1017 786 1073 caesos3
815 1007 939 1056 ceteram
965 998 1174 1056 multitudinem
1198 999 1325 1074 predam
1348 1009 1479 1074 agentem,
1525 1037 1526 1044 κ

433 1121 498 1178 quse
518 1103 649 1161 inciderit
670 1104 701 1162 iu
721 1105 906 1178 Quinctium,
934 1121 1117 1178 nequaquam
1147 1105 1212 1180 pari
1241 1104 1406 1162 defunctam
1429 1125 1482 1164 esse
1525 1145 1526 1176 r

433 1208 529 1266 cede:
550 1207 702 1268 interiecta
721 1209 789 1267 inde
809 1219 947 1285 quattuor
968 1209 1058 1268 millia
1080 1218 1122 1280 et,
1144 1212 1328 1286 exsequendo
1351 1213 1482 1270 subtiliter
1525 1251 1526 1274 r

432 1332 592 1386 numerum,
613 1316 752 1374 ducentos
775 1316 817 1374 ait
839 1325 869 1373 et
888 1315 1015 1391 triginta.
1525 1383 1526 1390 ἵ

384 1423 421 1477 14
516 1421 559 1480 Ut
581 1422 706 1479 Romam
732 1406 856 1480 reditum
883 1431 911 1478 at
942 1421 1080 1478 iustitium
1111 1407 1262 1480 remissum
1294 1433 1353 1494 est,
1391 1425 1482 1482 caelum
1525 1467 1526 1500 ,

432 1527 528 1584 visum
550 1536 595 1584 est
615 1529 718 1586 ardere
737 1528 862 1603 plurimo
882 1527 953 1604 igni,
973 1535 1164 1603 portentaque
1185 1529 1243 1586 alia
1265 1537 1316 1586 aut
1337 1531 1482 1588 obversata
1525 1573 1526 1608 3

434 1633 524 1691 oculis
557 1641 608 1690 aut
634 1652 726 1690 vanas
755 1634 899 1692 exterritis
930 1643 1113 1692 ostentavere
1144 1635 1263 1712 species.
1321 1636 1377 1693 His
1410 1655 1481 1693 aver·
1525 1681 1526 1715 ἢ

432 1740 526 1796 tendis
555 1741 714 1798 terroribus
742 1741 772 1798 in
797 1740 923 1798 triduum
952 1739 1031 1798 feriae
1064 1740 1191 1811 indicta,
1219 1759 1272 1816 per
1299 1760 1374 1817 quas
1395 1743 1482 1800 omnia
1525 1789 1526 1806 ,

434 1845 554 1904 delubra
574 1864 675 1921 pacem
696 1846 781 1904 deum
803 1847 1019 1923 exposcentium
1034 1846 1162 1903 virorum
1184 1846 1393 1923 mulierumque
1408 1851 1483 1906 turbs
1525 1896 1526 1929 ἦ

385 1951 635 2028 15implebantur.
690 1951 832 2010 Cohortes
857 1953 924 2012 inde
950 1953 1063 2010 Latina
1091 1953 1283 2028 Hernicaeque
1313 1955 1351 2010 ab
1382 1963 1483 2022 senatu,
1525 2004 1526 2021 2

433 2059 535 2134 gratiis
556 2059 595 2116 ob
614 2058 769 2134 impigram
790 2059 922 2116 militiam
943 2061 1029 2128 actis,
1051 2057 1179 2116 remissae
1201 2058 1314 2120 domos.
1357 2061 1483 2118 Antiates
1525 2123 1526 2141 ,

434 2164 512 2222 mille
533 2165 655 2234 milites,
688 2165 757 2240 qnia
792 2183 888 2222 serum
920 2165 1057 2222 auxilium
1086 2174 1153 2239 post
1184 2165 1317 2239 proelium
1344 2175 1485 2232 venerant,
1525 2231 1526 2248 ,

434 2291 527 2347 prope
547 2289 612 2328 cum
632 2270 791 2346 ignominia
811 2269 929 2327 dimissi.

342 2364 363 2431 (i
458 2421 461 2432 .
519 2375 645 2434 Comitia
664 2377 732 2433 inde
752 2377 865 2446 habita;
888 2376 976 2434 creati
998 2377 1128 2434 consules
1151 2377 1185 2434 L.
1199 2375 1349 2446 AEbutius,
1371 2378 1406 2434 P.
1423 2376 1483 2435 Ser·

257 2451 529 2592 lbiiiivmm:
570 2480 706 2539 Calendis
727 2474 893 2551 Seitilibus,
914 2490 946 2538 ut
967 2491 1034 2540 tunc
1055 2483 1226 2558 principium
1250 2482 1319 2538 anni
1342 2482 1485 2557 agebatur,

404 2588 614 2649 tconsularum
649 2588 756 2644 ineunt.
800 2587 901 2645 Grave
928 2597 1040 2664 tempus
1069 2597 1098 2646 et
1128 2588 1204 2646 forte
1232 2605 1325 2646 annus
1357 2588 1484 2663 pestilens
1525 2653 1526 2664 1

434 2703 497 2750 arat
522 2694 587 2752 urbi
613 2694 763 2772 agrisque,
791 2711 845 2750 nec
872 2693 1035 2750 hominibus
1073 2693 1166 2770 magis
1195 2713 1283 2769 quam
1311 2692 1428 2768 pecori,
1461 2699 1483 2746 et

434 2816 542 2857 auxere
565 2799 623 2856 vim
647 2801 740 2858 morbi
763 2811 872 2857 terrore
892 2799 1087 2875 populationis
1105 2801 1260 2876 pecoribus
1273 2800 1485 2874 agrestibusque

404 2902 464 2962 tin
484 2905 584 2977 urbem
607 2906 741 2982 acceptis.
784 2906 831 2963 Ea
852 2905 977 2963 colluvio
996 2905 1153 2964 mixtorum
1174 2906 1267 2964 omnis
1295 2905 1408 2980 generis
1430 2903 1484 2960 ani-

434 3009 573 3068 mantium
595 3022 624 3068 et
645 3013 736 3070 odore
756 3012 871 3068 insolito
898 3012 1026 3070 urbanos
1055 3020 1084 3070 et
1109 3019 1254 3086 agrestem
1279 3009 1484 3070 confertnmin

434 3125 501 3174 arta
520 3125 598 3175 tecta
619 3126 691 3174 testu
712 3136 747 3174 ac
768 3116 874 3192 vigiliis
896 3120 1031 3191 angebat,
1052 3117 1269 3192 ministeriaque
1291 3117 1321 3173 iu
1343 3117 1433 3174 vicem
1454 3131 1484 3170 ac
1525 3177 1526 3192 χ

401 3224 568 3299 leontagio
588 3223 654 3299 ipsa
677 3223 836 3298 vulgabant
857 3226 986 3284 morbos.
1043 3225 1103 3281 Vix
1124 3223 1264 3280 instantes
1287 3220 1484 3280 sustinentibus
1525 3279 1526 3308 ,

431 3330 529 3388 clades
557 3338 675 3405 repente
702 3329 792 3404 legati
819 3328 940 3386 Hernici
968 3329 1114 3401 nuntiant,
1149 3329 1179 3386 in
1201 3347 1273 3405 agro
1296 3346 1351 3386 suo
1375 3327 1484 3400 AEquos
1525 3383 1526 3416 ,

430 3436 613 3510 Volscosque
635 3435 793 3493 coniunctis
813 3434 905 3509 copiis
928 3442 1024 3492 cestra
1044 3434 1189 3510 posuisse,
1210 3435 1278 3492 inde
1299 3433 1425 3492 exercitu
1444 3431 1482 3487 in·
1525 3497 1526 3512 χ

401 3542 509 3618 ogenti
528 3543 599 3598 fines
620 3559 689 3599 suos
712 3540 892 3617 depopulari.
935 3542 1135 3616 Praeterquam
1159 3541 1236 3616 quod
1257 3539 1423 3616 infrequens
1442 3556 1483 3594 se·
1525 3517 1526 3524 ἵ

430 3656 516 3706 natus
535 3647 643 3705 indicio
667 3655 730 3705 erat
750 3646 854 3716 sociis,
888 3645 1026 3705 afflictam
1058 3647 1204 3704 civitatem
1232 3646 1396 3723 pestilentia
1417 3661 1482 3712 esse,

430 3762 562 3812 maestum
583 3754 671 3812 etiam
691 3770 862 3828 responsum
883 3752 990 3822 tulere,
1022 3760 1054 3810 ut
1074 3771 1126 3827 per
1153 3770 1185 3809 sc
1206 3753 1262 3828 ipsi
1282 3731 1409 3810 Hernici
1422 3768 1481 3807 cum

430 3861 542 3918 Latinis
562 3879 610 3918 res
630 3878 699 3918 suas
719 3866 894 3923 tulmentum
916 3859 1016 3916 urbem
1037 3859 1201 3916 Romanam
1219 3859 1316 3916 subita
1337 3859 1419 3916 deum
1441 3856 1481 3912 ira

431 3965 533 4023 morbo
556 3966 704 4042 populari3
730 3965 756 4022 si
777 3983 836 4039 qua
858 3964 919 4021 eius
940 3963 1010 4021 mali
1033 3963 1113 4038 quies
1136 3963 1243 4034 veniat,
1267 3973 1297 4020 ut
1318 3983 1394 4021 anuo
1411 3970 1481 4028 ante,

401 4078 465 4133 sut
485 4089 599 4146 semper
619 4070 713 4142 alies,
741 4069 827 4127 sociis
849 4088 935 4144 opem
955 4070 1076 4130 laturos.
1119 4069 1288 4126 Discessere
1310 4070 1400 4138 socii,
1431 4084 1481 4142 pro

291 4217 295 4224 -
430 4177 506 4238 tristi
534 4177 635 4235 uunuo
656 4175 811 4232 tristiorem
833 4176 951 4232 domum
973 4175 1147 4246 referentes,
1182 4175 1289 4250 quippe
1314 4175 1416 4250 quibus
1435 4189 1484 4246 per

397 4265 399 4268 ‘
431 4301 463 4341 ss
480 4281 676 4341 sumnum
698 4281 804 4338 ouum
825 4289 904 4352 ern,
937 4281 1015 4356 quod
1041 4281 1091 4338 vix
1118 4281 1258 4340 samua
1285 4279 1350 4338 auu
1382 4278 1483 4338 vissus
