3392 5084
1182 400 1189 427 l

543 534 618 583 Liber
631 531 682 587 Ill.
718 533 766 630 (A...
780 531 826 582 ch.
846 533 921 596 449.)
1141 539 1145 549 ‘
1165 537 1219 591 167

189 717 359 793 periculum
393 718 482 776 adire.
532 719 647 794 Appius
683 717 797 775 decreto
829 716 981 792 prefatus,
1015 735 1103 792 quam
1134 717 1259 776 libertati
1311 715 1354 786 45

190 821 318 893 faverit,
355 841 421 881 eum
452 825 546 900 ipsam
572 825 666 899 legem
694 821 856 894 declarare,
889 840 976 897 qnam
1009 821 1141 896 Verginii
1173 824 1258 882 amici

190 928 391 1004 postulationi
416 947 477 986 sues
496 929 690 1005 pretendens
720 935 845 986 ceterum
866 929 909 985 ita
923 928 958 1012 in
981 946 1017 984 ea
1035 928 1150 984 fflmum
1173 928 1290 990 liber-t

190 1035 243 1090 tati
265 1033 337 1092 fore
365 1034 548 1110 praesidium,
570 1035 594 1091 si
625 1053 677 1092 nec
704 1035 799 1092 causis
826 1050 880 1090 nec
909 1032 1041 1107 persenis
1073 1033 1176 1093 variet.
1223 1035 1260 1092 In

190 1139 223 1194 iis
245 1139 349 1209 enim,
373 1139 424 1215 qui
444 1149 611 1197 asserantur
631 1140 661 1197 in
683 1139 859 1209 libertatem,
882 1138 951 1214 quie
972 1136 1066 1212 quivis
1087 1138 1151 1213 lege
1173 1157 1260 1215 egere

190 1245 297 1318 possit,
320 1246 353 1302 id
374 1245 446 1303 iuris
469 1261 545 1313 esse;
567 1244 597 1301 in
618 1263 663 1317 ea,
687 1264 751 1321 que
771 1246 801 1302 in
821 1244 914 1321 patris
937 1260 1025 1300 manu
1049 1242 1095 1315 sit,
1115 1245 1258 1303 neminem

190 1369 252 1407 esse
277 1350 390 1419 alium,
420 1350 466 1408 cui
495 1337 628 1407 dominus
657 1351 842 1426 possessione
863 1351 956 1419 cedat
999 1348 1122 1407 Placere
1149 1349 1289 1425 iteque,3

190 1464 308 1530 patrem
327 1456 474 1527 arcessiri,
492 1456 602 1514 interea
621 1455 693 1514 iuris
714 1455 758 1514 sui
778 1457 920 1514 iacturam
941 1462 1114 1512 assertorem
1134 1472 1194 1512 non
1214 1453 1263 1512 fa:

190 1581 262 1632 cere,
288 1561 366 1638 quin
388 1561 476 1618 ducet
495 1561 621 1636 puellam
643 1561 859 1636 sistendamque
878 1561 908 1618 in
929 1561 1085 1618 adventum
1107 1558 1184 1629 eius,
1209 1561 1258 1634 qui

190 1677 274 1742 pater
308 1667 441 1738 dicetur,
475 1668 634 1742 promittat.
690 1668 843 1725 Adversus
872 1666 1007 1724 iniuriam
1035 1664 1142 1722 decreti
1170 1665 1288 1739 queml

190 1773 272 1830 multi
291 1772 392 1848 magis
406 1771 572 1843 fremerent,
594 1792 681 1849 quem
703 1774 856 1848 quisquam
879 1750 953 1829 nnus
973 1787 1108 1828 recusare
1129 1770 1257 1841 auderet,

190 1880 233 1936 P:
255 1877 467 1949 Numitorius,
498 1877 602 1952 puellss
634 1897 722 1947 avus,
758 1889 787 1936 et
817 1893 941 1953 sponsus
973 1875 1072 1933 Icilius
1103 1875 1257 1933 interveni·

191 1995 252 2054 unt;
277 1983 414 2057 dataque
435 1983 512 2040 inter
533 1985 648 2041 turbam
669 1985 728 2054 via,
750 2001 838 2058 quum
861 1980 1014 2039 multitudo
1036 1979 1111 2037 Icilii
1130 1981 1286 2039 meximei

191 2091 358 2148 interventu
390 2071 486 2145 resisti
515 2107 601 2164 posse
622 2091 722 2165 Appio
752 2091 894 2157 crederet,
925 2087 1009 2144 lictor
1039 2085 1171 2142 decresse
1206 2085 1256 2155 ait,

191 2193 463 2268 vociferantemque
490 2172 602 2252 Icilium
630 2204 800 2253 summovet
855 2193 1006 2252 Placidum
1036 2208 1153 2265 quoque
1175 2191 1286 2265 inge-6

191 2300 266 2356 nium
290 2307 357 2356 tarn
381 2308 467 2357 atrox
488 2299 799 2360 iniuria.eccendiseet
844 2299 954 2370 „Ferro
968 2297 1035 2353 binc
1055 2297 1108 2354 tibi
1129 2314 1255 2354 summo·

193 2405 304 2461 sendus
339 2405 432 2476 sumi,
459 2407 558 2482 Appi“
581 2407 688 2482 inquit,
719 2415 769 2476 „ut
795 2406 913 2463 tacitum
942 2403 1034 2473 feras,
1063 2403 1142 2476 quod
1167 2402 1256 2459 celari

194 2510 241 2566 vis.
292 2510 448 2585 Virginem
471 2531 526 2588 ego
550 2513 626 2570 hanc
653 2532 717 2570 sum
743 2513 881 2570 ducturus
910 2517 1088 2583 nuptamque
1119 2507 1254 2583 pudicam

195 2616 355 2674 habiturus.
414 2617 555 2675 Proinde
572 2635 672 2675 omnes
701 2617 878 2691 collegarum
900 2633 1016 2691 quoque
1042 2612 1158 2670 lictores
1186 2625 1284 2677 con-7

197 2740 278 2792 vcca3
303 2723 436 2798 expediri
448 2723 546 2798 virgas
560 2731 589 2779 ct
602 2741 716 2780 secures
731 2722 810 2791 iube3
832 2739 890 2778 uon
904 2719 1032 2776 manebit
1044 2727 1127 2775 extra
1137 2717 1255 2776 domum

201 2828 282 2899 patris
305 2847 417 2904 sponsa
438 2829 521 2886 Icilii.
568 2829 647 2899 Non,
680 2829 705 2886 si
733 2827 916 2886 tribunicium
939 2825 1077 2882 auxilium
1099 2833 1128 2880 et
1147 2818 1286 2900 provo-8

200 2934 336 2992 rationem
360 2934 439 3010 plebi
460 2935 615 3004 Romans,
645 2935 718 2991 duas
748 2953 829 2992 arces
861 2932 1001 2989 libertatis
1029 2931 1158 3000 tuendae,
1187 2931 1256 2988 ade·
1327 2937 1331 2944 ’

199 3039 298 3109 mistis,
332 3039 401 3096 ideo
423 3040 453 3096 in
479 3038 586 3098 liberos
619 3058 734 3114 quoquc
766 3048 881 3097 nostros
919 3036 1112 3112 coniugesque
1134 3053 1254 3112 regnum

198 3155 295 3202 vestrae
316 3133 431 3202 libidini
455 3144 554 3202 datum
580 3155 631 3205 est.
676 3145 781 3204 Saevite
809 3144 839 3201 in
869 3155 982 3217 tergum
1010 3150 1039 3198 et
1071 3142 1101 3197 in
1128 3142 1284 3208 cervices9

198 3259 320 3321 nostram
350 3250 491 3326 pudicitia
512 3251 614 3308 saltem
644 3253 674 3308 in
703 3260 765 3308 tuto
794 3249 840 3306 sit.
891 3248 968 3305 Huic
994 3247 1020 3303 si
1041 3246 1085 3302 vis
1108 3244 1253 3317 efferetur,

199 3373 248 3430 ego
268 3357 455 3432 presentium
476 3356 631 3431 Quiritium
652 3376 705 3433 pro
727 3373 851 3431 sponse,
875 3351 1028 3428 Verginius
1056 3351 1177 3408 militum
1199 3371 1253 3427 pro

200 3461 278 3528 unica
297 3463 374 3534 filia,
405 3481 506 3519 omnes
536 3462 655 3520 deorum
685 3463 890 3535 hominumque
917 3457 1137 3535 implorabimus
1156 3457 1253 3528 fidem,

201 3555 285 3640 neque
312 3578 345 3625 tu
374 3567 453 3625 istud
482 3585 609 3642 unquam
638 3566 784 3627 decretum
814 3568 875 3625 sine
904 3566 981 3624 crede
1009 3576 1109 3622 nostra
1136 3564 1253 3622 referes.

203 3672 324 3745 Postulo,
346 3674 438 3749 Appi,
460 3673 548 3730 etiam
570 3681 657 3748 atque
678 3675 763 3730 etiam
788 3673 961 3742 consideres,
983 3689 1041 3745 quo
1055 3671 1251 3747 progrediere.
1267 3683 1303 3738 10

203 3776 484 3854 Verginius'viderit,
507 3779 543 3834 de
565 3779 634 3848 filie,
656 3779 705 3835 ubi
726 3778 844 3848 venerit,
866 3777 936 3852 quid
957 3786 1041 3851 egat3
1064 3777 1120 3833 hoc
1140 3785 1300 3845 tantumn

205 3881 282 3952 sciet,
311 3885 376 3956 sibi,
405 3885 430 3941 ei
454 3883 539 3941 huius
560 3883 692 3942 vindiciis
714 3883 840 3952 cesserit,
873 3882 1069 3940 condicionem
1091 3881 1157 3938 filiae
1173 3899 1251 3955 quae·

205 3987 313 4046 rendam
343 4007 415 4047 esse.
472 3991 521 4047 Me
547 3990 740 4048 vindicantem
770 4005 907 4065 sponsam
939 3988 968 4044 in
997 3987 1158 4046 libertatem
1190 3989 1251 4047 vita

206 4091 282 4149 citius
300 4095 412 4153 deseret
433 4114 521 4171 quam
550 4097 650 4153 fides.“
700 4095 853 4153 Concitats
879 4093 1031 4151 multitudo
1061 4104 1124 4152 crat
1158 4108 1249 4154 certa·
1302 4097 1345 4166 4ss

207 4213 321 4271 menque
346 4201 454 4259 instare
485 4202 648 4275 videbatur.
696 4201 826 4258 Lictores
847 4198 960 4257 Icilium
989 4201 1280 4271 circumsteterant32

208 4317 259 4358 nec
286 4304 355 4361 ultra
387 4307 480 4364 mines
503 4297 601 4363 temen
634 4322 801 4381 processum
830 4315 887 4371 est,
921 4323 1009 4380 quum
1030 4307 1162 4382 Appius,
1192 4326 1250 4365 non
