3392 5084
480 471 501 558 s
546 506 625 558 urse
640 505 675 556 x
714 503 818 570 (scu
832 503 993 567 οοο-ηοο.)
1187 511 1247 568 202

223 675 323 752 fuste
344 693 448 750 nese
467 691 597 752 nimius
621 709 657 750 re
677 691 796 751 rutero
817 689 936 748 emus
959 685 1111 748 urmes
1140 691 1195 750 mi
1221 713 1290 754 eon-

224 797 346 856 sulstus
366 797 397 854 in
417 797 628 856 bellicosiorem
648 815 772 854 minum:
801 813 837 851 eo
866 813 942 853 euno
970 795 1075 853 maiori
1103 815 1136 855 se
1161 800 1227 857 usui
1248 802 1291 858 rei
1306 804 1340 860 tl

223 903 356 981 publice
377 902 442 962 fore
461 903 575 960 urbano
597 911 680 978 gesto
703 900 891 976 magistratu3
917 901 962 958 ite
981 919 1034 958 uec
1054 902 1292 975 dissimulantem,

224 1009 303 1086 quid
335 1008 451 1078 mallet,
481 1025 535 1068 nec
561 1015 706 1083 petentem
732 1016 845 1077 mmeu,
876 1007 989 1065 sedilem
1014 1009 1141 1067 curulem
1169 1029 1235 1070 cum
1257 1014 1291 1073 L.

223 1115 356 1191 Papirio
379 1112 505 1174 Cursore
522 1111 642 1174 fectum.
694 1112 731 1172 Id
751 1131 788 1170 ne
807 1130 864 1188 pro
884 1120 964 1169 certo
983 1131 1131 1188 ponerem,
1152 1117 1344 1176 vetustior-12

224 1221 384 1280 annalium
407 1227 509 1278 eumer
523 1218 594 1276 Piso
608 1215 712 1289 effecit,
733 1218 784 1293 qui
804 1237 839 1274 eo
861 1236 938 1276 euno
954 1219 1052 1278 ediles
1069 1222 1183 1279 curules
1202 1222 1293 1281 fuisse

224 1327 325 1384 tradit
346 1323 381 1384 C.
402 1325 563 1384 Domitium
587 1321 641 1384 cn.
663 1323 753 1384 lilium
775 1321 929 1382 calvinum
949 1332 978 1382 et
999 1323 1051 1400 Sp.
1073 1322 1232 1384 Carvilium
1255 1326 1291 1401 Q.

225 1432 328 1490 filium
356 1431 529 1491 Maximum.
576 1429 613 1486 Id
642 1429 732 1486 credo
755 1445 916 1504 cognomen
946 1447 1074 1523 errorem
1102 1430 1133 1487 in
1160 1432 1291 1492 edilibus
1308 1434 1344 1490 13
1452 1434 1455 1439 “

225 1537 356 1608 fecisse,
377 1547 566 1611 secutamque
585 1533 715 1593 fabulam
736 1533 859 1593 mixtam
880 1553 919 1592 ex
938 1533 1068 1592 edilieiis
1087 1545 1117 1592 et
1130 1538 1292 1596 consuleri-

224 1645 288 1702 bns
304 1641 439 1711 comitiis,
461 1641 677 1702 convenientem
698 1639 799 1701 errori.
841 1641 883 1700 Et
901 1641 1023 1699 lustrum
1045 1661 1080 1700 eo
1096 1660 1172 1700 enno
1193 1645 1292 1702 condi·
1308 1647 1345 1702 ¹4

224 1760 295 1807 tum
320 1767 340 1804 s
360 1747 396 1804 P.
419 1747 592 1823 Sempronio
619 1745 719 1821 Sopho
748 1754 777 1802 et
803 1747 840 1806 P.
863 1745 991 1824 Sulpicio
1023 1746 1199 1806 Saverrione
1225 1768 1292 1808 oen·

224 1854 368 1923 soribus,
398 1853 549 1927 tribusque
572 1849 678 1908 edditae
700 1850 773 1919 dum,
795 1851 933 1910 Aniensis
956 1871 992 1912 ec
1013 1854 1180 1914 Terenu'ne.

319 1960 394 2016 Haee
424 1959 527 2018 Rome
559 1963 652 2030 gestu.
716 1940 853 2014 Ceterum
887 1959 926 2015 ed
948 1958 1117 2034 Nequinum
1154 1960 1292 2035 oppidum
1349 1956 1390 2023 lb

225 2084 327 2144 quum
355 2064 438 2140 segni
466 2061 617 2121 obsidione
644 2069 758 2138 tempus
789 2049 944 2135 tereretur,
975 2065 1035 2122 duo
1060 2084 1100 2122 ex
1131 2066 1293 2141 oppidanis,

225 2187 362 2248 quorum
385 2177 468 2226 erent
489 2167 609 2224 edificia
628 2166 726 2226 iuncte
753 2187 852 2238 muro,
873 2187 960 2245 specu
986 2169 1075 2242 fecto,
1097 2171 1135 2227 ed
1157 2172 1296 2228 stationes

224 2281 390 2338 Romanas
409 2274 513 2334 itinere
533 2271 646 2330 occulto
671 2273 857 2348 perveniuut3
879 2274 1000 2332 indeed
1019 2276 1167 2334 consulem
1181 2277 1326 2334 deducti2

223 2380 404 2460 praeeidium
433 2385 576 2438 ermetum
605 2393 637 2434 se
662 2376 739 2434 intre
769 2376 877 2434 moenie
910 2377 954 2456 [et
982 2378 1095 2458 muros]
1127 2389 1296 2457 accepturos

223 2487 419 2548 confimari.
461 2485 526 2542 Nec
546 2482 730 2558 aspernenda
751 2499 799 2540 res
819 2483 885 2540 viee
904 2503 999 2560 neque
1011 2485 1127 2544 incaute
1141 2485 1326 2545 credendes

223 2593 311 2656 Cum
334 2591 428 2648 altero
450 2607 549 2648 eorum
571 2586 651 2662 (uem
674 2587 747 2646 slter
767 2589 853 2646 obses
866 2590 1006 2665 retentus)
1022 2591 1082 2648 dno
1096 2592 1295 2668 exploratores

221 2720 286 2780 per
317 2695 481 2774 cuniculum
511 2692 607 2762 misei;
642 2709 694 2766 per
723 2709 796 2768 quos
826 2695 897 2753 setis
923 2705 1073 2771 comperte
1099 2716 1146 2765 re,
1176 2697 1327 2759 trecentis

223 2803 345 2866 armati
365 2799 518 2876 transfuga
538 2798 662 2859 ducein
683 2798 784 2856 urbem
811 2799 935 2875 ingressi
959 2809 1045 2859 noete
1069 2811 1201 2878 portem,
1231 2820 1296 2877 qum

156 2947 163 2962 .
221 2909 375 2992 proxime
396 2914 468 2977 eret,
489 2923 599 2981 cepere.
642 2903 709 2977 Qus
729 2903 857 2962 reirecte
885 2907 987 2965 consul
1014 2908 1214 2982 exercitusque
1234 2909 1295 2966 Ro·

222 3033 343 3080 manus
365 3012 429 3070 sine
448 3009 604 3068 certamine
625 3008 726 3068 urbem
748 3009 890 3074 invasere.
941 3011 990 3068 Ite
1012 3013 1179 3089 Nequinum
1200 3015 1231 3071 in
1251 3014 1326 3076 di.5

223 3127 350 3186 cionem
371 3115 474 3194 populi
494 3112 620 3175 Romani
647 3114 735 3172 venit.
788 3113 913 3174 Colonia
942 3139 978 3177 eo
1005 3121 1145 3178 adversus
1166 3120 1295 3180 Umbros

222 3231 343 3297 missa,
378 3243 399 3280 e
427 3221 544 3280 flumine
569 3219 684 3278 Neruis
717 3219 878 3294 appellem
913 3225 1056 3282 exereibrs
1086 3243 1153 3305 cum
1187 3241 1295 3299 mogus
1386 3233 1390 3239 '

221 3334 338 3416 pmede
353 3332 485 3406 ,Romam
506 3325 650 3386 reductus.

320 3435 436 3496 Eodem
460 3449 537 3490 euno
558 3431 595 3488 eb
618 3429 748 3488 Etruscis
769 3430 909 3490 adversus
931 3433 1058 3491 indutias
1077 3441 1214 3509 peretum
1234 3434 1326 3494 bel-6

221 3549 313 3614 lum;
343 3541 397 3599 sed
419 3555 469 3596 eos
490 3535 563 3594 telis
587 3534 737 3594 molientes
759 3534 912 3596 Gallorum
936 3537 1037 3614 iugens
1059 3539 1203 3598 exercitus
1223 3541 1295 3597 fines

221 3656 386 3727 ingressus
407 3641 554 3720 paulisper
575 3658 595 3697 e
613 3640 763 3716 proposito
785 3641 899 3702 evertit.
945 3644 1076 3702 Pecunia
1095 3645 1208 3715 deinde,
1236 3652 1325 3721 quel

221 3756 361 3819 multum
383 3755 532 3826 poterent,
561 3745 628 3804 freti
654 3746 750 3806 eoeios
776 3764 813 3803 ex
843 3747 975 3806 hostibus
1001 3748 1099 3809 iecere
1119 3749 1224 3809 Gallos
1246 3769 1295 3810 eo·

221 3869 360 3928 nentur,
389 3864 477 3912 uteo
500 3852 632 3910 ediuneto
654 3851 781 3910 exercitu
805 3871 870 3940 cum
890 3855 1031 3929 Romame
1052 3855 1201 3915 bellarent.
1248 3857 1327 3918 Des

222 3966 379 4028 societate
409 3958 488 4018 hsud
518 3958 647 4016 abnuunt
678 3958 811 4028 berberi;
842 3959 879 4016 de
910 3960 1043 4018 mercede
1072 3962 1176 4036 egitur.
1231 3961 1297 4034 Qus

221 4078 327 4152 pacta
366 4073 559 4141 acceptaque,
598 4081 686 4138 quum
717 4072 822 4138 parete
857 4073 953 4123 cetere
988 4065 1026 4123 ed
1060 4066 1167 4125 bellum
1201 4076 1298 4124 essent

222 4175 380 4252 sequique
407 4172 546 4230 Etruscus
573 4168 699 4240 iuberet,
732 4169 838 4228 irifities
867 4181 949 4241 eunt,
979 4172 1139 4230 mercedem
1167 4191 1200 4230 se
1230 4171 1298 4230 belli

220 4278 382 4348 Romems
410 4275 550 4337 inferendi
570 4281 687 4351 pectos:
720 4275 858 4350 quicquid
877 4273 1050 4353 acceperint,
1078 4279 1234 4355 occepisse,
1261 4281 1328 4337 neo
