3392 5084
530 459 608 509 Liber
625 458 675 509 m
710 461 758 522 (Α.
779 459 825 510 cu.
845 465 916 519 459.)
1160 469 1215 523 147

200 641 292 699 eaedes
309 643 478 719 fugientium
498 643 563 714 fuit,
584 645 635 702 sed
656 643 757 720 preda
778 645 881 715 maior,
903 645 972 719 quia
985 645 1036 702 vix
1058 663 1141 702 arms
1161 664 1257 703 secum

200 745 299 805 efferre
319 751 417 806 hostes
437 749 546 825 potuit3
575 750 744 823 deletusque
765 749 909 807 exercitus
937 745 1027 819 foret,
1057 751 1087 808 ni
1115 749 1258 826 fugientes

199 854 278 910 silua
295 854 442 912 texissent.

277 961 351 1017 Dum
378 960 417 1017 ed
451 959 572 1018 Antium
603 960 667 1016 hee
695 966 847 1033 geruntur,
869 957 983 1016 interim
1014 960 1117 1034 Atqui,
1149 961 1256 1018 robore
1308 955 1352 1026 23

197 1065 345 1122 iuventutis
376 1066 538 1142 premisso,
567 1081 664 1121 arcem
686 1063 885 1122 Tusculanam
906 1063 1066 1139 improviso
1098 1075 1183 1124 nocte
1207 1085 1256 1124 cu·

197 1172 286 1245 piunt,
315 1173 430 1250 reliquo
458 1172 587 1229 exercitu
613 1169 698 1227 haud·
722 1169 826 1244 procul
850 1169 992 1228 moenibus
1015 1171 1135 1228 Tusculi
1162 1173 1257 1230 consi-

197 1277 276 1346 dunt,
295 1286 329 1333 ut
348 1277 546 1335 distenderent
565 1276 693 1334 hostium
721 1273 831 1349 copias.
877 1277 950 1334 Haec
972 1277 1102 1334 celeriter
1122 1279 1288 1350 Romam

197 1383 232 1437 ab
258 1384 352 1441 Βοωο
376 1383 408 1438 in
435 1391 533 1440 caetra
561 1382 685 1439 Antium
710 1380 826 1456 perlate
856 1390 975 1438 movent
1001 1383 1151 1440 Romanos
1179 1383 1258 1440 haud

196 1506 279 1560 secus,
301 1508 390 1563 quam
413 1488 439 1544 si
461 1486 638 1562 Capitolium
647 1495 770 1561 ceptum
791 1485 988 1556 nuntiaretur3
1011 1488 1085 1544 odeo
1108 1496 1137 1545 et
1157 1507 1257 1545 recens
1309 1491 1313 1498 '

197 1602 254 1650 erat
271 1594 506 1652 Tusculanorum
535 1592 669 1650 meritum
700 1599 730 1648 et
758 1589 916 1648 similitudo
943 1592 1008 1667 ipsa
1028 1595 1149 1668 periculi
1170 1613 1258 1670 repo-

198 1717 267 1756 scere
297 1701 398 1757 detum
427 1699 568 1758 auxilium
592 1697 754 1755 videbatur.
812 1697 938 1769 Fabius,
978 1699 1092 1756 omissis
1114 1701 1287 1772 omnibus‚3

196 1805 313 1878 predam
335 1825 374 1862 ex
397 1805 501 1862 cestris
524 1803 631 1879 raptim
658 1801 781 1904 Antium
804 1802 952 1872 convehit;
980 1804 1021 1861 ibi
1044 1804 1159 1862 modico
1182 1823 1256 1881 prae·

197 1911 261 1966 sidio
286 1911 406 1980 relicto,
438 1909 558 1966 citatum
588 1925 693 1983 agmen
721 1906 880 1964 Tusculum
903 1909 988 1983 repit.
1040 1911 1123 1968 Nihil
1151 1919 1257 1987 praeter

197 2034 270 2072 arma
291 2025 322 2072 et
343 2015 425 2090 quod
452 2014 529 2072 cocti
558 2013 597 2070 ad
625 2031 744 2069 manum
765 2010 821 2069 fuit
842 2012 915 2083 cibi,
946 2013 1023 2072 ferre
1055 2017 1138 2073 militi
1161 2016 1256 2086 licuit3

197 2129 380 2178 commeatum
413 2119 452 2176 ab
471 2121 580 2180 ,Roma
612 2118 714 2176 consul
747 2116 900 2176 Cornelius
933 2120 1076 2178 subvehit.
1131 2122 1287 2197 Aliquotl

197 2242 298 2282 menses
337 2223 461 2282 Tusculi
499 2223 649 2280 belleturn.
710 2223 801 2280 Perte
838 2225 983 2282 exercitus
1018 2228 1119 2284 consul
1158 2237 1257 2285 cestre

198 2331 352 2405 AEquorum
381 2329 587 2405 oppugnabam
607 2337 721 2404 partem
743 2329 919 2387 Tusculanis
941 2331 1062 2388 dederet
1091 2333 1130 2388 ad
1158 2351 1255 2389 arcem

199 2436 425 2510 recuperandum.
472 2436 513 2491 Vi
534 2453 685 2510 nunquem
705 2451 741 2490 eo
756 2429 847 2491 subiri
861 2436 970 2511 potuit;
991 2437 1084 2495 fames
1105 2445 1254 2514 postremo

200 2538 255 2597 inde
274 2541 401 2598 detraxit
428 2542 551 2599 hostem.
602 2539 669 2612 Qua
693 2546 850 2614 postquam
880 2549 998 2598 ventum
1026 2544 1064 2599 ed
1093 2550 1285 2604 extremum5

200 2655 248 2716 est,
266 2647 389 2704 inermes
410 2646 540 2719 nudique
568 2663 669 2702 omnes
697 2645 752 2702 sub
775 2644 876 2717 iugum
906 2648 944 2704 ab
968 2648 1143 2706 Tusculanis
1164 2649 1265 2714 missi„

202 2749 253 2807 Hos
272 2751 468 2826 ignominiosa
495 2749 569 2826 fuga
594 2751 712 2808 domum
734 2769 767 2807 se
786 2747 957 2827 recipientes
979 2753 1131 2810 Romanus
1154 2754 1255 2812 consul

201 2854 223 2909 in
243 2857 345 2932 Algido
368 2864 541 2914 consecutus
562 2855 601 2912 ad
623 2872 711 2912 unum
733 2874 833 2912 omnes
853 2856 966 2917 occidit.
1010 2857 1115 2915 Victor
1136 2860 1174 2916 ed
1196 2857 1285 2919 cet

201 2958 282 3018 lumen
300 2962 344 3038 (id
364 2964 432 3020 loco
453 2979 561 3018 nomen
582 2962 639 3034 est)
662 2961 791 3018 exercitu
818 2960 939 3017 reducto
959 2969 1058 3019 cestre
1080 2964 1166 3021 locet.
1215 2965 1255 3022 Et

202 3065 262 3123 alter
281 3067 396 3138 consul,
423 3073 583 3141 postquem
606 3065 751 3122 moenibus
776 3065 836 3121 iem
858 3067 1017 3138 Romanis,
1046 3067 1131 3143 pulso
1161 3070 1254 3140 hoste,

201 3172 343 3243 periculum
368 3190 433 3229 esse
463 3171 605 3241 desierat,
637 3179 667 3227 et
697 3171 761 3246 ipse
792 3170 830 3227 ab
862 3171 958 3229 Rome
989 3171 1148 3247 profectus.
1206 3175 1283 3230 Ite7

201 3275 320 3334 lilerium
342 3277 476 3335 consules
497 3275 620 3350 ingressi
641 3276 769 3333 hostium
783 3277 854 3332 fines
875 3255 985 3351 ingenti
1006 3276 1165 3334 certamine
1186 3277 1254 3334 hinc

202 3380 320 3454 Volscos,
340 3383 409 3441 hinc
429 3383 548 3455 AEquos
570 3382 756 3457 populentur.
803 3381 917 3438 Eodem
940 3399 1017 3437 enno
1040 3381 1167 3439 descisse
1188 3384 1253 3440 An·

203 3487 281 3558 tutes,
301 3488 380 3564 apud
393 3486 550 3561 plerosque
565 3496 699 3544 auctores
719 3486 851 3556 inveni03
873 3488 905 3545 L.
921 3485 1088 3544 Cornelium
1105 3487 1252 3546 consulem

203 3590 225 3646 id
248 3594 349 3650 bellum
381 3591 509 3666 gessisse
539 3592 738 3668 oppidumque
765 3593 886 3669 cepisse.
942 3588 1060 3648 Certum
1096 3591 1252 3664 affirmare,

206 3697 260 3768 quia
277 3699 356 3756 nulla
377 3698 457 3774 apud
471 3698 645 3754 vetustiores
667 3697 824 3772 scriptores
845 3697 907 3753 eius
925 3697 967 3752 rei
987 3697 1096 3754 mentio
1120 3707 1173 3768 est,
1195 3717 1253 3754 non

206 3803 289 3863 ausim.

271 3907 335 3966 Hoc
349 3907 427 3964 bello
440 3905 581 3983 perfecto,
595 3908 778 3965 tribunicium
799 3907 878 3964 domi
892 3905 1000 3964 bellum
1018 3915 1117 3981 patres
1132 3909 1253 3965 territet.
1305 3903 1350 3974 24

206 4006 321 4072 danem
339 4013 444 4071 fraude
465 4013 543 4083 fieri,
574 4013 653 4086 quod
678 4011 752 4069 foris
783 4019 917 4067 teneatur
943 4011 1100 4081 exercitus;
1128 4012 1251 4070 frustre-

207 4114 294 4174 tionem
317 4138 381 4176 eam
402 4117 476 4194 legis
497 4116 632 4175 tollenda
659 4136 736 4186 esse3
764 4135 796 4172 se
816 4114 907 4172 nihilo
934 4114 1111 4175 minuerem
1134 4136 1251 4198 suscep·

207 4226 253 4278 lum
269 4233 447 4298 peracturos.
491 4222 626 4282 Obtinuit
645 4230 744 4279 tamen
765 4221 800 4280 L.
816 4220 968 4278 Lucretius
989 4213 1150 4295 prefectus
1164 4221 1283 4294 urbis‚2

1007 4323 1050 4371 ro*
