3392 5084
946 532 967 573 χ
997 500 1001 509 .

423 704 461 772 V,
484 706 502 759 3
525 700 699 774 (Tollmdum
714 700 838 772 sortasse
859 717 937 756 nune
953 708 1021 773 poet
1046 699 1240 773 benignitate,
1268 706 1419 753 retractem
1440 698 1486 751 lue

423 804 456 841 ec
476 786 603 856 inferiore
624 784 698 839 loeo:
722 798 797 838 nune
819 781 906 837 etiam
932 780 1055 838 Volscis.
1103 780 1205 838 Vitiose
1224 781 1282 837 lucc
1301 780 1486 835 cumulantur:

422 860 552 940 Tempus
568 865 702 921 eratiam
716 904 723 918 .
737 905 779 933 ..,
800 882 908 937 quum.
923 908 930 922 .
944 908 952 922 .
967 862 1267 930 nnnc...videretis;
1286 872 1314 917 et
1327 862 1487 917 incommode

422 950 520 1005 demde
540 948 683 1003 subiicitur
702 962 779 1002 nune
801 949 830 1001 in
853 946 973 1001 notando
997 964 1064 1001 nono
1084 946 1197 1018 prada.)
1233 948 1250 1001 8
1276 953 1381 1019 captus
1405 954 1488 1015 atquc

421 1032 485 1106 ipse
506 1029 721 1103 (Alsclesslriue)
743 1028 798 1095 Vl,
835 1032 870 1085 15
893 1028 1034 1103 praesidiis
1054 1046 1141 1102 sape,
1162 1027 1255 1083 isdem
1270 1027 1357 1087 Vll.
1384 1030 1418 1083 11
1443 1045 1488 1080 cu·

422 1112 498 1188 spidi
520 1128 612 1169 errore
638 1113 672 1168 12
695 1109 766 1167 laeti
787 1107 934 1183 futurique
953 1110 1046 1181 (codd.
1061 1128 1129 1168 rece.
1140 1112 1239 1184 poam)
1267 1112 1302 1165 18
1320 1108 1400 1180 (Em,
1424 1108 1487 1163 159.

317 1258 322 1271 .
422 1196 501 1253 Bleri
522 1204 610 1251 tamen
626 1211 710 1268 posse
730 1195 786 1248 iam
801 1193 917 1260 videtur,
940 1202 971 1249 eet
983 1195 1117 1267 epemmen
1129 1194 1240 1248 virtutis
1255 1193 1400 1265 deceptam
1421 1209 1486 1245 rano

421 1281 538 1350 inopine
549 1278 660 1333 dicatur
666 1294 723 1349 pro
736 1278 836 1331 arente
847 1284 874 1330 ct
887 1278 978 1331 annno
993 1276 1113 1349 decepto,
1129 1275 1359 1349 quenadnaetem
1378 1273 1488 1329 ovidae

422 1379 457 1417 ee
474 1361 554 1417 Pont.
580 1358 635 1427 IV,
652 1360 680 1427 d,
697 1359 735 1413 15
757 1358 869 1430 culpam
890 1358 1029 1432 deceptam
1053 1358 1186 1431 appellet,
1207 1359 1236 1411 ic
1258 1376 1345 1430 petam
1365 1357 1489 1429 deceptae

421 1444 555 1510 inciderit,
577 1450 602 1497 et
617 1441 646 1496 in
662 1449 699 1509 te,
714 1440 835 1495 ablativo
850 1458 928 1509 casu,
943 1440 1090 1512 serendum
1111 1442 1156 1505 eit,
1176 1440 1217 1494 ad
1237 1442 1289 1496 leoc
1312 1458 1399 1495 unam
1412 1457 1489 1493 men·

422 1527 500 1582 lcum
527 1525 666 1594 relatum.)
697 1524 731 1578 21
762 1520 842 1578 velut
870 1540 983 1579 emerso
1011 1522 1084 1594 (Mp.
1111 1522 1203 1578 Prone
1232 1523 1366 1578 adverbio
1396 1521 1490 1593 itaque

367 1673 373 1685 .
417 1610 543 1683 proce'me
564 1606 707 1661 subiicitur
728 1623 780 1660 nou
802 1622 975 1677 consequens,
997 1605 1047 1661 aed
1059 1607 1087 1659 e'n
1101 1608 1271 1661 contrariam
1292 1606 1434 1660 conversio
1454 1634 1487 1644 «-

421 1693 527 1747 alelmus
551 1689 606 1744 iam
627 1706 646 1743 a
667 1696 778 1761 stupore
801 1705 938 1758 emerpcns
960 1718 998 1729 -
1022 1696 1048 1742 et
1068 1688 1125 1743 lucc
1145 1690 1208 1761 ipsa
1229 1688 1418 1743 coavermie
1440 1688 1489 1756 eip-

420 1773 539 1844 neflcatio
566 1772 741 1844 interpositis,
764 1788 825 1843 quee
851 1770 892 1824 cd
916 1771 1087 1843 nepertorem
1108 1772 1194 1824 canni
1213 1770 1340 1825 lechitum
1356 1771 1491 1843 perteneat

298 1880 303 1889 ⁴
421 1886 459 1896 —-
484 1872 634 1927 quum...
660 1852 806 1908 stetissent
828 1882 885 1917 --,
914 1852 1055 1907 divellitur
1074 1852 1110 1907 ab
1138 1870 1172 1907 cc
1192 1870 1274 1920 voce,
1306 1871 1327 1906 a
1355 1870 1416 1924 qna
1436 1854 1490 1923 epac

421 1937 601 1993 macerrimis
630 1935 791 2007 eipniyleate'o
817 1936 935 2006 incipere
965 1934 1093 2001 debedat,
1122 1943 1250 2008 repente.
1312 1934 1378 1990 Uno
1406 1934 1490 1988 littere

420 2018 540 2087 melltta,
559 2020 680 2091 primum
702 2017 894 2072 describuntur
916 2018 1001 2071 animi
1020 2017 1202 2072 admiratione
1222 2026 1249 2071 ct
1269 2025 1345 2072 mem
1359 2018 1490 2090 oppressa

422 2110 477 2157 tam
504 2107 622 2175 repente
651 2100 765 2155 mutatio
787 2100 879 2170 scete.
925 2099 976 2155 Ab
1006 2099 1198 2154 admiratione
1220 2099 1346 2155 Liviono
1376 2118 1431 2153 usu
1453 2098 1489 2151 di·

378 2192 381 2196 '
420 2187 506 2241 citur:
528 2189 648 2257 propter
675 2180 912 2250 admirationem,
943 2180 1158 2251 admiratione.)
1180 2182 1276 2249 VIII,
1300 2185 1320 2237 4
1345 2181 1434 2252 [ordo

420 2266 572 2336 habebat.)
595 2284 609 2319 c
633 2266 701 2322 coni.
725 2262 800 2336 (me.
824 2264 883 2317 160
900 2264 941 2335 n.)
970 2263 974 2337 )
1000 2263 1073 2319 duos
1102 2263 1286 2320 centuriones
1313 2265 1391 2335 (Mp.
1421 2262 1491 2318 Noto

419 2349 452 2405 Il
466 2350 557 2421 fuisse
580 2347 708 2417 videtur.)
733 2350 749 2401 6
783 2344 876 2417 (frons
897 2345 927 2401 in
952 2345 1015 2401 acie
1041 2348 1088 2400 uie
1108 2364 1202 2401 rernm
1223 2355 1285 2411 eet,·
1317 2347 1402 2402 codd.
1426 2344 1491 2401 foris

418 2430 448 2486 in
475 2430 577 2490 aciem.
610 2428 728 2483 Fuitne.-
759 2428 832 2483 Haee
864 2428 959 2501 prima
985 2445 1050 2483 sors
1073 2427 1102 2483 in
1131 2428 1284 2484 aciem...
1313 2427 1488 2502 agebat?)i
1527 2478 1528 2506 5

420 2530 506 2567 tinam
531 2528 677 2584 quamque
701 2510 824 2584 primam
847 2509 937 2583 pilum
960 2512 1017 2565 seire
1037 2512 1114 2566 aucis
1135 2510 1272 2584 (primum
1289 2512 1372 2566 codd.
1388 2528 1490 2567 omnes:

421 2612 504 2651 nucea
515 2593 584 2652 add.
599 2593 657 2664 Mp.
668 2592 732 2650 Erre.
747 2593 805 2647 160
816 2592 856 2663 n.)
875 2588 880 2668 )
899 2592 1018 2663 [tribus.
1029 2634 1052 2647 ..
1068 2594 1174 2663 erant]
1186 2592 1339 2664 (vexillum
1352 2594 1492 2651 delendm

308 2668 314 2689 ‘
420 2676 579 2733 iudicarunt
593 2674 709 2748 Lepee'us
724 2683 749 2730 et
766 2672 867 2745 Grec.)
894 2678 928 2730 111
945 2676 1097 2731 suberecta
1118 2675 1210 2747 (codd.
1225 2677 1336 2749 aliquot
1351 2677 1436 2747 rece.)
1462 2674 1491 2729 tt

421 2758 570 2831 (Vesuvii3
592 2757 656 2812 10111.
679 2757 750 2828 160)
772 2757 830 2819 ΙΧ.
855 2761 872 2813 4
895 2775 960 2831 ope,
984 2757 1085 2814 Valeri
1106 2757 1159 2828 (M
1173 2776 1260 2831 opem
1275 2758 1395 2830 Valeri)
1415 2760 1420 2830 Ι
1439 2760 1491 2814 Ro

421 2841 514 2907 mani,
536 2838 605 2913 praei
628 2838 744 2912 (Inteep.
766 2840 942 2911 mutavimus)
979 2844 994 2894 7
1013 2849 1082 2913 peto
1107 2838 1230 2914 feroque
1254 2840 1490 2912 (Forcltlecmmer.

420 2920 468 2977 Ec
491 2931 652 2996 petoroque
673 2930 767 2976 natum
788 2930 856 2995 peto
886 2920 1021 2994 seroque,
1043 2922 1170 2996 suppleta
1193 2941 1246 2977 non
1268 2932 1343 2979 recte
1364 2922 1491 2996 eyllcde.)

422 3004 440 3060 8
462 3003 562 3079 populi
588 3002 713 3060 Romani
735 3020 786 3058 om.
808 3004 888 3076 (cdd.
914 3002 1014 3074 Gron.)
1036 3006 1055 3059 9
1077 3005 1195 3061 insilivit
1221 3008 1257 3060 10
1272 3004 1406 3066 immisit.
1429 3024 1491 3061 con-

421 3094 594 3160 spectus...
627 3085 707 3155 visu,
737 3086 811 3142 sieut
841 3087 933 3158 (visus
962 3087 1001 3142 M
1023 3096 1049 3142 et
1074 3086 1145 3143 Lon.
1171 3089 1209 3151 1,·
1238 3089 1414 3161 mterpnneit
1437 3088 1490 3155 Mp.

421 3167 486 3224 nn.
510 3169 578 3224 162.
603 3167 752 3243 Seyffertae
773 3170 857 3224 scribi
881 3170 993 3227 vult...
1024 3170 1087 3224 acie
1114 3178 1144 3226 et
1172 3169 1261 3242 aliqu.
1284 3188 1356 3244 aug.
1380 3170 1491 3226 homine
1514 3167 1521 3264 5

420 3251 516 3320 visus,
547 3251 632 3319 sieut,
660 3268 746 3323 neque
773 3253 841 3306 ene'm
872 3252 1018 3307 durannum
1040 3270 1096 3325 pro
1123 3253 1227 3308 lemine
1253 3251 1317 3311 dici.
1365 3252 1427 3309 Sed
1445 3270 1490 3305 non
1515 3251 1527 3316 :¹

418 3352 536 3407 proretis
566 3334 636 3389 idem
666 3341 706 3387 est
733 3334 861 3388 humano
891 3333 1042 3406 augustior
1071 3344 1098 3389 ct
1118 3334 1248 3404 homine,
1269 3335 1400 3409 illudque
1420 3333 1492 3408 apud
1514 3357 1527 3414 5

422 3414 534 3471 Livium
555 3418 638 3484 satis,
666 3416 778 3487 opinor,
808 3415 929 3487 defendit
953 3414 1068 3471 Ovidius
1088 3416 1169 3471 Fact.
1191 3415 1233 3483 II,
1255 3416 1335 3471 503.-
1366 3418 1490 3473 hnmano
1516 3429 1520 3438 ·

422 3497 537 3571 maior.)
566 3500 599 3553 14
625 3496 829 3569 addebantque
851 3497 961 3568 (codd,
991 3500 1045 3553 ne‘ee'
1070 3498 1145 3571 qnod
1159 3498 1199 3553 M
1216 3498 1435 3573 adderantque)
1454 3498 1489 3554 X.

423 3580 439 3635 3
463 3578 600 3653 pellerent
621 3579 651 3635 vi
672 3588 769 3635 tamen
791 3580 904 3635 hostem
927 3580 1001 3652 (My.
1015 3579 1080 3635 Em.
1104 3576 1175 3651 163)
1198 3585 1215 3634 5
1237 3594 1432 3637 surrexerunt
1451 3598 1489 3633 cr-

421 3678 483 3717 rore
510 3660 661 3717 1211011111
686 3658 874 3734 (σοᾱά.1’θσσ.)
900 3664 935 3717 13
958 3680 1030 3735 pure
1052 3660 1140 3719 faciet
1170 3662 1220 3734 qui
1246 3681 1312 3718 sese
1329 3663 1487 3720 devoverit.

422 3740 612 3801 Vulcano...
634 3743 722 3812 volet,
745 3743 806 3800 sive
821 3744 918 3801 hostia
931 3744 993 3799 sive
1012 3762 1070 3818 qno
1087 3743 1144 3800 alio
1159 3744 1246 3812 volet,
1267 3744 1314 3800 ius
1340 3758 1397 3801 eet.
1420 3746 1489 3817 (111).

422 3824 486 3882 Em.
510 3824 581 3896 163)
618 3826 679 3894 XI,
713 3826 889 3882 3Lanuvio
920 3829 1024 3883 econi.
1047 3826 1085 3886 A.
1119 3826 1161 3882 W.
1184 3826 1310 3900 Zecmpte'i
1343 3830 1443 3899 (recte)
1473 3832 1489 3877 t

324 3957 327 3963 .
421 3906 499 3962 nulle
522 3907 627 3963 locante
651 3917 716 3964 noto
743 3897 809 3980 (leq.
831 3909 896 3964 Em.
921 3909 953 3980 6)
975 3909 1054 3977 XII,
1083 3908 1210 3965 lTitus
1229 3911 1315 3966 AEm.
1348 3914 1387 3967 12
1410 3912 1489 3982 (agro

421 3998 575 4062 suspectum
608 3989 637 4046 T.
659 3990 754 4045 Fabro
776 4000 802 4045 et
825 3989 962 4047 Gronovio
988 4010 1042 4048 non
1063 3994 1121 4047 eine
1141 3991 1238 4063 caetea)
1276 3996 1312 4048 16
1336 4012 1379 4049 ex
1399 3993 1488 4067 plebe.

421 4088 485 4127 eum
518 4090 553 4128 eo
583 4081 701 4128 ventum
736 4073 786 4139 sit,
827 4083 859 4128 ut
888 4084 1044 4146 utrumque
1071 4072 1216 4149 plebeium
1245 4075 1397 4133 consulem
1432 4072 1487 4131 lieri

420 4152 518 4211 llceret
540 4155 613 4227 (Mp.
637 4154 700 4209 Fon.
724 4155 799 4217 164,-
823 4154 969 4212 consulem
992 4174 1044 4212 om.
1066 4156 1145 4216 codd.
1169 4174 1277 4220 ornnem
1299 4177 1367 4213 nam
1389 4158 1489 4230 Slpoaii

421 4254 473 4291 non
494 4236 679 4291 numerandae
701 4236 762 4307 ert.)
784 4237 881 4305 XIII,
903 4238 920 4293 2
949 4238 1041 4309 (Fert.
1065 4240 1130 4295 Iam
1158 4237 1188 4294 in
1211 4239 1314 4307 Lati03
1344 4260 1411 4297 nam
1433 4242 1486 4296 Ro·

421 4318 523 4387 manis,
552 4317 676 4373 Etruria
707 4326 798 4374 status
828 4319 913 4375 huius
935 4318 1048 4377 illiusve
1068 4320 1146 4377 modi
1171 4339 1235 4378 esee
1250 4340 1309 4395 pro
1330 4323 1412 4397 apud
1431 4314 1524 4498 tto-5¹

1513 4561 1525 4802 5
