3392 5084
493 514 571 565 Liber
588 514 633 565 vs
677 516 720 581 (Δ.
734 514 781 567 cu
795 519 955 584 ass-aso.)
1170 517 1208 575 29

210 700 335 774 patientia
360 709 388 757 et
408 698 607 758 moderatione
627 700 757 777 insignis,
779 702 950 776 magistratu
974 701 1054 770 abiit,
1076 699 1179 758 creatis
1200 698 1287 830 tri-i
1387 780 1419 828 ⁷⁴

1207 803 1224 816 ··
1290 784 1384 832 .u.c.8
1422 816 1427 827 .

211 807 281 863 bunis
307 804 480 863 militaribus
511 806 542 863 in
567 807 764 883 insequentem
795 826 902 865 annum
937 807 972 865 L.
1008 812 1037 862 et
1057 806 1091 862 P.
1113 803 1249 875 Valerus,
1261 852 1295 900 Α.
1305 849 1421 901 cmo·

210 912 287 970 Lucio
309 912 449 986 quintum,
471 912 577 970 Publio
598 915 728 984 tertium,
751 924 779 971 et
799 914 832 973 C.
856 913 958 988 Sergio
980 913 1105 979 tertium
1128 911 1163 969 L.
1185 910 1250 966 Me·

209 1018 279 1073 nenio
300 1018 419 1085 iterum,
452 1018 488 1078 P.
515 1018 647 1093 Papirio,
676 1019 739 1079 Ser.
761 1015 897 1077 Cornelio
918 1018 1129 1093 Maluginense.
1176 1012 1281 1073 Ceu-3

208 1124 305 1179 aeribus
329 1141 446 1198 quoque
467 1124 545 1199 egnit
566 1142 668 1195 annus,
690 1125 816 1182 maxime
840 1134 959 1202 propter
981 1125 1119 1181 incertam
1140 1121 1250 1180 binam

208 1228 260 1284 eris
280 1228 377 1298 alieni,
396 1230 624 1305 aggravantibus
646 1250 787 1288 summam
809 1232 896 1289 etiam
916 1231 1031 1288 invidiae
1045 1231 1106 1309 eius
1128 1228 1250 1285 tribunis

208 1333 293 1407 plebis,
317 1353 408 1409 quum
433 1336 470 1393 ab
492 1336 528 1393 iis
549 1336 719 1408 elevaretur,
741 1339 845 1412 quibus
867 1337 924 1394 fide
951 1337 1044 1411 magia
1073 1352 1161 1409 quam
1188 1330 1250 1389 for·

207 1448 264 1495 tuna
283 1440 450 1497 debentium
479 1441 614 1499 laborare
642 1442 780 1500 creditum
809 1444 902 1502 videri
928 1443 1107 1519 expediebat.
1153 1438 1280 1497 crenus

208 1562 327 1603 censores
362 1543 395 1602 O.
419 1546 563 1622 Sulpicius
585 1544 764 1619 Camerinus,
796 1548 847 1625 Sp.
871 1550 1037 1607 Postumius
1069 1546 1250 1622 Regillensis,

208 1661 345 1725 coeptaque
377 1652 436 1709 iam
468 1670 514 1709 res
550 1663 642 1711 morte
680 1655 838 1725 Postumii,
875 1656 944 1731 quia
978 1656 1121 1731 collegam
1156 1649 1250 1709 suffici

207 1759 303 1815 censori
339 1758 442 1833 religio
476 1767 547 1828 erat,
579 1759 761 1834 interpellata
795 1772 848 1821 est.
910 1763 1004 1837 Igitur
1035 1778 1122 1835 quum
1153 1755 1279 1830 Sulpi-5

206 1863 254 1920 cius
280 1864 447 1922 abdicasset
475 1882 506 1922 se
533 1866 719 1941 magistratu,
750 1884 882 1925 censores
912 1869 962 1926 alii
988 1868 1059 1926 vitio
1081 1865 1169 1923 creati
1190 1880 1249 1919 non

206 1978 344 2039 gesserunt
367 1971 567 2046 magistratum
574 1991 583 2045 ;
605 1971 706 2028 tertios
728 1948 828 2040 creari,
849 1973 929 2031 velut
949 1974 1003 2030 diis
1027 1992 1085 2029 uon
1107 1969 1248 2045 accipien-

206 2072 268 2130 tibus
293 2076 324 2131 in
357 2094 423 2133 eum
450 2094 556 2133 annum
585 2094 751 2147 censuram,
777 2078 944 2153 religiosum
963 2078 1027 2137 fuit.
1080 2078 1156 2135 Eam
1177 2076 1279 2131 veroli

205 2177 418 2238 ludificationem
439 2181 531 2257 plebis
553 2183 660 2241 tribuni
680 2183 829 2241 ferendam
851 2187 1012 2261 negabant:
1039 2185 1140 2258 fugere
1165 2198 1247 2237 sena-

205 2292 253 2340 tum
272 2294 364 2343 testes
385 2287 500 2344 tabulas
520 2288 652 2364 publices
680 2308 782 2347 census
804 2289 952 2364 cuiusque,
980 2291 1049 2365 quia
1067 2287 1159 2345 nolint
1180 2303 1247 2342 con-

206 2391 264 2463 spici
284 2410 430 2449 summem
452 2393 517 2449 aeris
539 2393 634 2465 alieni,
657 2414 720 2469 quae
740 2395 903 2453 indicatura
923 2397 969 2465 sit,
996 2396 1157 2452 demersam
1179 2409 1247 2467 per-

205 2504 250 2553 tem
271 2505 396 2574 aparte
417 2499 550 2571 civitatis,
579 2519 666 2575 quum
687 2502 801 2559 interim
823 2503 980 2559 obaeratam
1008 2501 1121 2577 plebem
1152 2498 1247 2555 obiee-

205 2602 249 2657 tari
268 2602 332 2660 aliis
356 2612 445 2679 atque
466 2606 530 2662 aliis
544 2606 684 2667 hostibus.
727 2608 841 2665 Passim
863 2609 922 2665 iam
936 2609 998 2665 sine
1011 2608 1071 2665 ullo
1085 2604 1248 2662 discrimine
1261 2606 1276 2657 7

205 2704 266 2764 bella
294 2709 405 2784 quaeri:
433 2711 470 2768 ab
494 2712 585 2768 Antio
607 2711 767 2786 Satricum,
800 2715 838 2772 ab
871 2714 984 2773 Satrico
1007 2714 1145 2784 Velitras,
1180 2711 1247 2768 inde

207 2810 350 2873 Tusculum
379 2814 521 2890 legiones
558 2818 677 2894 ductas3
713 2820 842 2892 Latinis,
876 2821 1025 2891 Hernicis,
1060 2816 1246 2878 Praenestinis

206 2914 251 2975 lun
290 2922 429 2978 intentari
463 2940 561 2993 arma,
606 2924 711 2982 civium
746 2927 839 3000 magis
878 2946 965 3001 quam
1003 2926 1129 2984 hostium
1168 2924 1246 2993 odio,

205 3033 229 3077 ut
264 3027 294 3084 in
333 3027 423 3084 armis
462 3036 557 3084 terant
599 3029 711 3102 plebem
754 3050 807 3089 nec
847 3034 991 3107 respirare
1025 3032 1055 3087 in
1090 3031 1161 3086 urbe
1196 3039 1247 3085 aut

205 3146 244 3201 per
276 3134 367 3191 otium
406 3132 546 3191 libertatis
589 3137 751 3195 meminisse
786 3140 882 3196 sinant
924 3147 975 3195 aut
1017 3137 1173 3193 consistere
1215 3134 1245 3190 in

205 3237 330 3308 contione,
367 3238 417 3296 ubi
452 3239 608 3312 aliquando
641 3242 761 3299 audiant
791 3262 893 3301 vocem
925 3243 1105 3301 tribuniciam
1137 3242 1173 3297 de
1203 3238 1245 3295 le·

207 3344 284 3399 vendo
305 3343 409 3402 fenore
441 3353 469 3400 et
496 3346 552 3403 fine
574 3345 696 3405 aliarum
725 3348 894 3406 iniuriarum
916 3357 1058 3425 agentem.
1107 3344 1194 3419 Quod
1219 3343 1275 3403 sis

206 3444 233 3500 sit
262 3449 374 3506 animus
408 3449 486 3525 plebi
519 3470 628 3509 memor
666 3463 781 3528 patrum
819 3455 970 3525 libertatis,
1002 3472 1034 3510 se
1063 3471 1117 3510 nec
1149 3449 1245 3508 addici

207 3566 363 3629 quemquam
402 3556 494 3613 civem
529 3558 694 3615 Romanum
733 3560 770 3616 ob
808 3560 946 3619 creditam
988 3559 1140 3635 pecuniam
1176 3575 1244 3631 pas·

207 3672 273 3716 suros
291 3679 387 3736 neque
409 3662 541 3720 dilectum
562 3664 680 3735 haberi,
708 3664 814 3738 donec,
842 3666 973 3741 inspecto
994 3684 1051 3721 aare
1074 3664 1167 3721 alieno
1190 3662 1243 3718 iui-

206 3768 277 3839 laque
306 3767 421 3825 ratione
455 3769 600 3827 minuendi
632 3769 709 3840 eius,
744 3771 817 3829 sciat
844 3772 1056 3846 unusquisque,
1088 3769 1157 3844 quid
1190 3767 1244 3835 sui,

208 3871 262 3941 quid
292 3874 378 3931 alieni
406 3875 457 3946 sit,
490 3876 615 3950 supersit
635 3875 690 3933 sibi
710 3875 832 3933 liberum
854 3896 976 3954 corpus,
1005 3896 1042 3933 an
1069 3876 1100 3933 id
1128 3892 1244 3949 quoque
1320 3852 1325 3875 ⁵

208 3991 280 4036 nervo
325 3980 473 4039 debeatur.
537 3982 650 4039 Merces
701 3982 851 4039 seditionis
887 3984 1038 4060 proposita
1092 3980 1273 4042 confestim9

209 4082 358 4143 seditionem
399 4087 543 4144 excitavit.
608 4087 688 4145 Nem
720 4097 749 4145 et
779 4088 987 4147 addicebantur
1017 4089 1109 4159 multi,
1144 4095 1173 4143 et
1205 4084 1243 4141 ad

209 4184 358 4249 Pranastini
394 4191 504 4251 famam
544 4193 612 4251 belli
652 4212 746 4251 noves
781 4194 909 4269 legiones
944 4194 1109 4253 scribendas
1145 4199 1243 4267 patres

210 4309 374 4371 cmsuerant3
415 4318 479 4374 quae
520 4310 642 4375 unaque
678 4299 763 4357 simul
798 4300 907 4358 auxilio
927 4299 1080 4357 tribunicio
1118 4309 1146 4357 et
1175 4317 1254 4356 con·-
