3392 5084
494 521 573 570 nnn
589 519 637 569 ιιι.
675 518 946 584 (nonem-rer.)
1168 525 1204 578 ιι

192 709 327 776 tulerant,
352 707 391 763 ab
413 709 496 764 hoste
518 701 610 782 [sese]
633 704 719 763 tutati
739 715 813 763 sunt.
861 704 1006 762 Dictatori
1028 722 1170 762 consensu
1194 724 1248 781 pa·

193 826 262 872 trum
287 812 442 888 plebisque
468 812 630 886 triumphus
652 812 792 868 decretus.

268 919 404 976 Vixdum
427 918 609 993 perfunctum
631 936 696 974 cum
727 916 801 974 bello
824 918 951 975 atrocior
973 917 1051 974 domi
1072 916 1174 974 seditio
1198 917 1279 974 ex·9

192 1026 276 1101 oepit,
313 1033 343 1081 et
372 1043 425 1099 per
448 1025 576 1100 ingentia
603 1024 762 1082 certamino
789 1022 913 1082 dictator
944 1032 1117 1097 senatusque
1147 1023 1250 1094 vietus,

192 1142 217 1188 ut
235 1131 411 1206 rogationes
432 1130 591 1189 tribuniciae
613 1130 823 1204 acciperentur;
845 1139 874 1186 et
895 1128 1011 1186 comitia
1032 1130 1181 1188 consulum
1199 1131 1266 1188 adv

189 1257 269 1295 versa
292 1237 450 1294 nobilitate
471 1233 586 1306 habita}
619 1236 723 1310 quibus
756 1236 790 1292 L.
808 1225 937 1295 'Sextius
971 1235 1007 1292 de
1036 1235 1120 1310 plebe
1141 1236 1250 1312 primus
1275 1270 1289 1285 ι

189 1345 285 1402 consul
325 1342 434 1400 fuctus.
502 1341 542 1398 Et
573 1360 610 1397 ne
649 1340 674 1396 is
715 1340 830 1419 quidem
866 1341 930 1398 finis
963 1342 1150 1399 certaminum
1185 1341 1250 1405 fuir,
1267 1340 1301 1395 10

189 1453 259 1524 Quia
281 1447 406 1526 patricii
427 1466 458 1504 se
480 1456 613 1504 auctores
633 1445 747 1504 futuros
771 1448 926 1523 negabant,
947 1467 1038 1523 prope
1060 1449 1250 1506 secessionem

187 1558 274 1633 plebis
299 1573 352 1612 res
376 1553 575 1628 terribilesque
598 1553 671 1610 alias
692 1553 786 1610 mines
808 1553 932 1611 civilium
956 1556 1142 1614 certaminum
1163 1557 1251 1627 venit,

188 1684 270 1738 quum
305 1661 429 1718 tandem
458 1677 510 1733 per
532 1657 701 1716 dictatorem
731 1658 947 1716 condicionibus
968 1661 1075 1718 sedata
1102 1662 1251 1720 discordia
1267 1656 1300 1712 ll

186 1781 261 1840 sunt,
297 1783 533 1838 concessumque
559 1764 596 1820 ab
618 1763 768 1821 nobilitate
795 1765 873 1840 plebi
894 1765 930 1822 de
952 1765 1068 1822 consule
1089 1767 1211 1842 plebeio,
1233 1789 1251 1825 a

185 1876 264 1950 plebe
288 1870 444 1930 nobilitati
466 1870 501 1927 de
522 1880 645 1946 praetore
667 1890 740 1941 uno,
770 1869 824 1944 ¹qui
851 1873 895 1930 ius
922 1873 952 1930 in
973 1873 1045 1929 urbe
1069 1872 1184 1945 diceret,
1215 1894 1252 1932 ex

184 1982 321 2058 patribus
345 1975 483 2034 creando.
529 1976 577 2032 Ita
604 1978 642 2034 ab
666 1977 778 2035 diutina
797 1977 843 2036 ira
863 1979 979 2036 tandem
1009 1979 1040 2034 in
1068 1978 1252 2036 concordiam
1269 1977 1303 2033 12

183 2088 312 2144 redactis
345 2081 512 2153 ordinibus,
540 2100 628 2156 quum
658 2081 775 2156 dignam
806 2101 871 2142 earn
902 2104 969 2142 rem,
986 2092 1102 2142 senatus
1124 2094 1254 2142 censeret

183 2214 250 2265 esse,
274 2191 450 2261 meritoque
470 2185 515 2256 id,
536 2186 561 2242 si
584 2188 699 2260 quondo
730 2207 858 2264 unquam
880 2191 967 2261 alias,
996 2189 1082 2246 deum
1102 2188 1253 2246 immorta-

182 2300 247 2356 lium
270 2298 357 2366 ἕστο,
391 2303 424 2351 ut
444 2293 504 2351 ludi
525 2294 651 2351 maxime
681 2295 782 2375 fierent
813 2305 842 2352 et
870 2295 931 2353 dies
959 2313 1032 2352 uuus
1061 2294 1100 2351 ed
1128 2294 1253 2352 triduum

183 2405 377 2471 adficeretur,
405 2398 604 2458 recusantibus
625 2400 655 2456 id
677 2419 780 2458 munus
801 2402 931 2460 aedilibus
952 2400 1062 2476 plebia,
1090 2399 1252 2458 conclama·
1270 2395 1304 2451 13

181 2519 237 2567 tum
261 2530 282 2567 a
318 2504 455 2582 patriciis
487 2514 530 2562 est
555 2505 723 2577 iuvenibus,
756 2525 787 2564 se
804 2508 839 2565 -id
859 2507 976 2566 honoris
999 2507 1084 2564 deum
1104 2504 1253 2564 immorta-

182 2617 247 2674 lium
275 2630 382 2672 causa
401 2611 523 2669 libenter
545 2609 684 2682 facturos,
707 2621 739 2669 ut
759 2613 857 2672 aediles
878 2615 988 2672 fierent.
1033 2612 1145 2685 Quibus
1165 2631 1253 2686 quum
1270 2610 1306 2664 14

172 2724 217 2780 ⁴ub
245 2706 420 2780 universis
435 2716 536 2794 gretia
571 2727 643 2774 actm
664 2726 768 2787 essent,
797 2716 905 2777 lactum
935 2725 1051 2775 senatus
1084 2719 1254 2789 consultum,

184 2840 212 2884 nt
241 2829 308 2886 dno
348 2823 430 2880 viros
457 2823 554 2880 aediles
582 2842 620 2880 ex
647 2824 779 2900 patribus
810 2824 935 2882 dictator
962 2822 1102 2900 populum
1129 2831 1256 2900 rogaret,

183 2945 279 3010 patres
318 2940 461 2988 auctores
495 2929 629 2987 omnibus
661 2929 723 2986 eius
751 2928 820 2985 enni
842 2929 966 2987 comitiis
987 2929 1097 2991 fierent.
