3392 5084
463 496 522 552 214
749 475 894 566 LiberV.
932 492 979 557 (A.
998 509 1024 546 a.
1043 470 1065 543 c.
1084 495 1158 557 31⁷.)

390 677 567 736 bmnistrum
590 677 700 736 Falisci
725 683 871 750 mneredt,
901 677 989 736 medii
1014 677 1173 736 Fidenates
1198 687 1306 738 ment
1353 679 1476 738 Dictator

420 784 524 841 demro
548 801 639 841 cornu
662 785 803 844 adversus
824 784 969 854 Faliscos,
990 783 1108 842 sinietm
1129 793 1233 842 contre
1252 783 1407 843 Veientem
1426 782 1477 842 Cu·

418 889 557 965 pitolinus
586 888 738 966 Quinctius
767 890 864 948 intulit
891 890 993 966 signc3
1030 899 1099 948 ante
1131 890 1260 948 mediam
1293 890 1386 948 amem
1422 907 1476 947 mn

389 994 551 1069 dequitatu
576 996 716 1070 magister
747 995 876 1071 equitum
905 995 1056 1071 processit.
1102 996 1268 1070 Parumper
1294 994 1437 1054 silentium
1454 1004 1477 1052 et

420 1101 501 1175 quies
524 1099 597 1170 fuit,
624 1119 677 1159 nec
698 1102 847 1172 Etruscis,
876 1101 932 1158 nisi
952 1107 1141 1178 cogerentur,
1168 1119 1307 1177 pugnem,
1326 1099 1438 1158 inituris
1454 1108 1477 1156 et

419 1206 562 1264 dictatore
584 1223 681 1264 arcem
698 1208 865 1266 Romanam
885 1215 1078 1283 respectunte,
1099 1214 1133 1263 ut
1153 1207 1192 1265 ab
1214 1207 1385 1282 auguribus,
1404 1206 1478 1264 sind

362 1291 490 1368 ‘aare
513 1311 568 1368 rite
590 1311 789 1382 admisissent,
818 1331 857 1369 ex
876 1311 1039 1386 composito
1060 1312 1211 1371 tolleretur
1231 1311 1357 1387 signum.
1403 1312 1477 1384 Quod

421 1411 536 1492 [simul]
560 1415 611 1473 ubi
625 1418 788 1504 conspexit,
809 1417 920 1492 primos
935 1417 1047 1492 equites
1061 1417 1190 1490 elamore
1203 1417 1321 1476 sublato
1330 1418 1363 1474 in
1375 1419 1477 1476 bostem

389 1520 529 1590 8amisit;
557 1530 657 1578 secuta
679 1522 809 1597 peditum
831 1522 909 1579 ecies
929 1523 1041 1598 ingenti
1060 1523 1091 1580 vi
1112 1521 1250 1580 conflixit
1293 1523 1386 1581 Nulla
1406 1530 1478 1598 parte

419 1626 549 1702 legiones
559 1626 691 1684 Etruscae
702 1627 865 1684 sustinuere
874 1628 1015 1704 impetum
1024 1630 1243 1698 Romanorum
1260 1646 1352 1703 eques
1362 1627 1477 1686 maxine

419 1731 583 1801 resistebat,
606 1731 793 1814 equitumque
809 1732 897 1807 longe
909 1733 1086 1792 fortissimus
1100 1735 1165 1809 ipse
1177 1752 1241 1803 rex,
1258 1734 1298 1791 ab
1312 1734 1393 1792 omni
1405 1739 1476 1809 purte

419 1833 511 1892 effuse
542 1837 729 1911 sequentibus
762 1835 935 1913 obequitans
970 1839 1129 1910 Romanis,
1164 1838 1301 1912 trahebat
1332 1848 1476 1896 nemmem

324 1934 365 2003 19
419 1941 495 1998 Erat
517 1948 578 1998 tum
600 1942 675 2000 inter
696 1943 807 2018 equites
829 1945 962 2002 tribunus
982 1944 1106 2003 militum
1128 1946 1167 2002 A.
1193 1941 1348 2003 Cornelius
1369 1943 1476 2012 Cossus

420 2045 528 2104 eximia
548 2047 762 2122 pulchritudine
784 2050 926 2124 comonis,
948 2049 1046 2108 animo
1068 2067 1104 2108 uc
1118 2048 1229 2107 viribus
1243 2067 1299 2124 par
1319 2067 1476 2122 memorque
1517 2114 1520 2127 Ι

418 2151 541 2227 generis,
564 2153 644 2226 quod
664 2155 875 2230 amplissimum
896 2164 1048 2231 acceptum
1070 2155 1164 2212 maius
1185 2156 1358 2230 auctiusque
1371 2153 1476 2228 reliquit

389 2256 551 2330 2posteris.
598 2258 629 2315 Is
652 2278 741 2335 quum
764 2260 802 2317 ad
823 2260 963 2335 impetum
985 2259 1144 2330 Tolumnii,
1166 2261 1475 2335 quecunqueseinteu

419 2361 522 2434 disset,
550 2364 727 2438 trepidantes
748 2367 900 2424 hmanas
920 2365 1032 2422 videret
1052 2372 1165 2422 turmas
1192 2365 1396 2441 insignemque
1420 2381 1475 2423 sum

388 2467 499 2544 3regio
521 2469 622 2526 habitu
644 2468 815 2528 volitantem
837 2477 902 2528 tota
911 2471 975 2529 acie
985 2479 1148 2546 cognosset,
1173 2470 1370 2538 „Hicineest“
1393 2468 1475 2544 inquit

420 2579 542 2647 „ruptor
569 2572 686 2631 foederie
714 2575 834 2642 humani
855 2576 1040 2650 violatorque
1060 2575 1188 2650 gentium
1209 2575 1302 2634 iuris?
1343 2577 1410 2636 lam
1428 2593 1473 2650 ego

417 2676 493 2734 banc
516 2685 673 2736 mactatam
697 2680 859 2752 victimam,
886 2681 913 2738 si
939 2681 1028 2738 modo
1054 2679 1149 2738 sancti
1170 2679 1328 2754 quicquam
1350 2683 1381 2740 in
1401 2680 1472 2738 tanis

385 2786 481 2840 lesse
503 2783 543 2840 dii
564 2783 675 2853 volunt,
694 2784 857 2859 legatorum
879 2784 1014 2842 manibus
1029 2785 1135 2845 dcbo.“
1181 2783 1354 2845 Gelensibus
1362 2785 1473 2846 mnditia
1519 2822 1521 2853 ;

415 2887 522 2946 infesta
544 2889 663 2964 cuspide
684 2891 715 2946 in
737 2907 824 2948 unum
847 2890 941 2948 femur
958 2890 1086 2960 hostem3
1108 2906 1195 2965 quem
1208 2892 1398 2964 quumictum
1407 2907 1471 2965 equo
1519 2928 1521 2955 ÷

417 2993 578 3066 deiecisset,
598 2994 750 3053 confestim
772 3004 802 3052 et
821 2995 886 3069 ipss
906 2994 993 3052 hasta
1012 2994 1130 3054 innixus
1151 3013 1182 3053 sc
1204 2996 1234 3054 in
1255 2998 1347 3072 pedes
1361 2995 1469 3071 excepit

341 3142 345 3148 .
386 3100 628 3176 5Assurgcntem
649 3101 691 3158 ibi
712 3119 809 3177 regem
824 3101 953 3158 umbone
968 3101 1128 3176 resupinat,
1149 3101 1365 3177 repetitumque
1380 3102 1470 3177 sapiat

416 3205 535 3281 cuspide
565 3207 604 3263 cd
635 3214 743 3263 terram
771 3204 877 3266 affixit.
931 3207 1010 3263 Tum
1037 3207 1180 3281 exsangui
1212 3206 1346 3266 deuecta
1380 3205 1471 3282 spolia
1518 3246 1519 3275 ,

416 3319 561 3386 caputque
594 3312 739 3370 abscisum
775 3311 870 3368 victor
900 3311 1012 3387 spiculo
1041 3329 1145 3386 gerens
1175 3319 1288 3370 ωτι-οπο
1314 3313 1381 3370 cassi
1405 3309 1470 3384 regit
1518 3348 1519 3351 =

415 3417 514 3474 hostes
535 3415 619 3474 ludit.
663 3418 711 3474 lte
727 3415 857 3491 equitum
875 3433 993 3491 quoque
1012 3415 1080 3474 insa
1099 3416 1187 3486 acies,
1209 3434 1275 3491 qum
1296 3435 1356 3474 unc
1375 3416 1470 3474 fecem
1518 3414 1519 3425 ¹

345 3499 356 3508 ⁸
386 3523 525 3598 danceps
550 3531 707 3582 certamen.
762 3520 899 3578 Dictator
927 3521 1090 3596 legionibus
1122 3521 1233 3597 iugatis
1261 3522 1371 3580 instat·
1385 3529 1413 3579 et
1437 3517 1468 3574 ud
1517 3572 1519 3587 ζ

416 3637 514 3686 castra
534 3627 700 3701 compulsos
722 3625 815 3686 cedit.
864 3625 1049 3684 Fidenatium
1077 3627 1194 3702 plurimi
1217 3628 1352 3686 locorum
1379 3623 1469 3686 mut·
1517 3620 1518 3623 ’

416 3731 544 3808 effugere
565 3731 595 3787 in
610 3737 732 3788 montes.
773 3728 1241 3807 CossusTiberimcnmequitetn
1251 3741 1467 3792 transvectusex

380 3839 401 3892 ·7
416 3836 660 3912 agrcVaientcno
670 3836 816 3912 ingentem
826 3835 930 3894 detulit
940 3837 1239 3911 prmdemadurbem.
1259 3837 1467 3914 Interpretare

416 3951 445 4000 et
467 3943 505 4000 ad
527 3953 623 4000 castra
637 3944 773 4000 Romans
787 3949 948 4016 pugnatum
969 3951 1014 3999 est
1035 3943 1175 4002 adversus
1196 3953 1311 4019 partem
1332 3943 1466 4019 copiarum

385 4047 453 4106 dab
476 4037 643 4118 Tolumnio,
665 4057 698 4105 nt
720 4055 787 4104 ante
809 4046 917 4104 dictum
939 4055 998 4118 est,
1020 4049 1060 4106 ad
1080 4057 1178 4108 eastra
1198 4050 1328 4110 missam.
1369 4045 1466 4106 Fabius
1516 4070 1517 4145 p

415 4155 581 4214 Vibulanus
591 4171 701 4211 corona
711 4153 837 4227 primum
848 4152 960 4212 vallum
967 4153 1110 4224 defendit3
1130 4155 1257 4212 inmntm
1268 4155 1372 4215 deinde
1380 4155 1465 4212 hoste

415 4259 575 4330 invallum,
593 4275 727 4333 egressus
738 4257 1082 4334 dextreprincipslicum
1094 4259 1212 4330 tmariis,
1233 4269 1352 4336 repente
1359 4255 1464 4318 invadit·

375 4365 380 4374 '
417 4364 483 4437 Quo
497 4382 609 4439 pavore
621 4362 726 4420 iniecto
742 4363 835 4420 credes
849 4361 954 4434 minor,
979 4365 1049 4439 quie
1062 4365 1215 4440 pauciores
1226 4374 1319 4435 mant,
1339 4365 1463 4440 iugsnoa
