3392 5084
543 574 621 624 nitor
630 572 680 623 111.
717 573 766 636 (Δ,
782 573 916 637 onmes.)
1158 577 1214 634 185

198 759 316 816 fidentes
336 759 453 816 sibimet
474 760 561 816 ambo
583 759 739 830 exereitus,
769 760 874 816 veteris
901 769 1106 834 perpetuusque
1134 760 1256 819 alterurn

198 865 311 940 glorie,
343 865 467 922 alterum
489 883 582 941 nuper
602 881 680 921 nove
701 864 823 922 victoria
851 864 969 925 elutum.
1013 863 1142 924 Consilio
1171 867 1287 925 etiem?

200 972 298 1029 Sabini
319 972 397 1028 vires
419 971 570 1040 adiuvere;
591 989 659 1028 nem
682 940 770 1045 quum
792 980 955 1046 cequassent
970 971 1071 1043 eciem,
1092 974 1152 1032 dno
1173 984 1256 1034 extre

199 1077 325 1134 ordinem
348 1077 448 1149 millia,
471 1095 534 1152 quse
562 1077 591 1134 in
622 1075 767 1134 sinistrum
797 1093 887 1133 cornu
908 1077 1107 1136 Romanorum
1135 1080 1165 1138 in
1192 1082 1257 1158 ipso

198 1182 353 1240 certamine
373 1160 591 1259 inpressionem
608 1181 750 1257 *fecerent
771 1192 898 1242 tenuere.
941 1182 1014 1256 Quae
1037 1185 1095 1255 ubi,
1115 1187 1204 1244 illatis
1219 1186 1287 1246 018

199 1301 364 1346 transverso
397 1289 503 1364 signis,
538 1289 739 1364 degrsvebuut
772 1305 864 1364 prope
897 1287 1121 1348 circumventum
1139 1311 1257 1364 ,comm

198 1394 307 1468 equites
336 1395 460 1452 duarum
482 1395 636 1471 legionum,
653 1373 656 1378 ¹
672 1392 800 1452 sexcenti
827 1393 898 1465 fere,
931 1414 969 1452 ex
1000 1396 1082 1470 equis
1115 1397 1258 1466 desiliunt,

199 1500 422 1575 cedentibusque
450 1500 509 1558 iem
540 1502 613 1572 suis,
645 1499 802 1576 provolant
832 1501 863 1558 in
890 1501 1030 1577 primum,
1060 1502 1203 1581 simulque
1232 1514 1260 1561 et

199 1605 271 1662 hosti
294 1623 328 1663 se
349 1616 501 1683 opponunt
524 1615 561 1678 et,
582 1616 697 1683 aequato
719 1607 843 1683 primum
865 1607 1003 1683 periculo,
1024 1608 1136 1683 pudore
1155 1608 1260 1665 deinde

199 1711 310 1768 enimes
341 1712 470 1788 pediturn
503 1713 670 1773 eeeendunt.
724 1713 915 1771 Verecundius
942 1722 1019 1783 eret,
1051 1714 1176 1790 equitem
1204 1707 1289 1772 suo9

200 1817 350 1893 alienoque
379 1819 475 1878 Marte
502 1837 647 1896 pugnero,
675 1819 802 1897 peditem
823 1837 861 1876 ne
887 1819 926 1876 nd
947 1820 1035 1896 pedes
1064 1822 1178 1895 quidem
1208 1823 1257 1879 de·

200 1942 296 1998 gresso
318 1925 411 2000 equiti
431 1945 531 2000 parem
554 1945 626 1984 esse.
668 1926 789 1984 Vadunt
817 1925 906 2000 igitur
932 1924 962 1981 in
984 1924 1117 2001 proelinm
1140 1927 1178 1984 eb
1203 1945 1257 1984 sue
1309 1912 1353 1980 63

201 2041 279 2103 perte
304 2031 445 2089 omissum
468 2041 497 2089 et
510 2032 622 2104 lorum,
644 2051 680 2089 ex
703 2051 761 2107 quo
783 2038 938 2100 cesserant,
958 2040 1105 2107 repetunt3
1127 2051 1256 2090 momen·

201 2137 290 2211 toque*
305 2157 366 2194 non
387 2138 521 2196 restitute
542 2140 629 2198 modo
647 2156 761 2214 pugne,
785 2137 835 2194 sed
856 2132 1010 2194 inclinetur
1030 2137 1117 2194 etiem
1142 2138 1257 2197 Sabinis

203 2261 296 2303 cornu.
345 2243 445 2320 Eques
466 2244 541 2302 inter
563 2245 678 2302 ordines
699 2243 827 2328 peditum
849 2252 941 2300 tectim
963 2262 995 2300 se
1016 2243 1053 2299 ed
1076 2263 1166 2319 equos
1186 2237 1288 2302 reci-2

203 2350 253 2421 pit-3
275 2351 443 2408 transvolet
463 2351 529 2408 inde
552 2351 582 2408 in
603 2361 715 2426 partem
743 2350 865 2406 alteram
890 2348 949 2405 suis
970 2349 1099 2406 vietoriae
1127 2351 1260 2418 nuntius;

203 2454 331 2513 simulet
353 2456 383 2512 in
405 2458 503 2514 hostes
526 2458 584 2514 ism
606 2455 738 2533 pavidos,
761 2455 869 2532 quippe
896 2454 962 2512 fuso
983 2473 1042 2514 suae
1068 2456 1160 2530 pertis
1187 2457 1260 2513 veli·
1288 2469 1290 2473 ’

206 2559 279 2616 diore
301 2579 408 2632 cornu,
435 2562 573 2638 impetum
603 2561 681 2619 fecit
724 2561 792 2618 Non
824 2535 955 2618 eliorum
977 2579 1012 2619 eo
1040 2562 1142 2638 proelio
1168 2563 1260 2619 virtus

209 2665 293 2738 magis
314 2665 424 2727 enituit.
473 2665 582 2724 Consul
602 2667 756 2744 providere
777 2667 884 2739 omnia,
905 2662 1026 2726 leudar'e
1048 2667 1147 2737 fortes,
1168 2666 1291 2728 inere-3

210 2786 287 2841 pure,
315 2772 408 2831 sicubi
437 2774 553 2848 segnior
581 2791 679 2850 pugne
711 2783 795 2834 esset.
843 2773 986 2849 Cestigeti
1015 2773 1132 2832 fortium
1163 2775 1259 2831 stetim

212 2876 327 2934 virorum
344 2895 464 2952 operam
487 2879 620 2951 edebant,
640 2888 811 2954 tentumque
831 2881 886 2936 hos
901 2881 1004 2956 pudor,
1027 2890 1165 2955 quantum
1188 2881 1261 2937 elios

212 2980 302 3038 leudes
310 2985 491 3048 excitabant.
520 2987 728 3061 Redintegreto
741 2985 868 3042 elamore
882 2987 1009 3060 undique
1029 3003 1130 3042 omnes
1151 2986 1260 3042 connisi
1274 2974 1291 3027 4

211 3087 311 3156 hostem
335 3100 478 3161 evertunt,
500 3110 554 3149 neo
575 3091 677 3150 deinde
688 3093 824 3149 &mans
837 3091 882 3148 vis
902 3090 1036 3148 sustineri
1057 3093 1159 3168 potuit.
1203 3092 1260 3150 Ss-
1333 3098 1340 3115 ¹

211 3193 264 3250 bini
283 3194 339 3253 fusi
359 3198 469 3272 passim
490 3216 543 3273 per
565 3216 651 3274 agros
674 3206 770 3254 eastre
785 3197 862 3254 hosti
885 3197 923 3254 ed
944 3197 1071 3272 predam
1086 3197 1260 3270 relinquunt.

213 3299 252 3356 lbi
278 3319 334 3358 non
356 3303 516 3373 sociorum,
546 3305 620 3362 sieut
641 3304 671 3361 in
704 3303 821 3378 Algido,
843 3321 899 3373 res,
928 3303 979 3374 sed
1008 3319 1077 3358 sues
1100 3305 1260 3370 Romanus,

214 3408 437 3481 populationibus
462 3429 598 3486 agrorum
622 3410 753 3480 amissas,
774 3408 884 3483 recipit.

288 3514 412 3572 Gemina
434 3515 558 3573 victorie
579 3517 693 3573 duobus
716 3514 850 3575 bifarium
879 3515 989 3590 proeliis
1011 3523 1106 3590 perta.
1136 3510 1291 3588 melignct

216 3629 321 3677 senatos
342 3620 371 3678 in
393 3639 483 3680 unum
505 3621 579 3678 diem
603 3620 826 3696 supplicationes
855 3621 1002 3678 consulum
1025 3620 1141 3677 nornine
1162 3620 1262 3678 decre-

217 3725 259 3783 vit.
303 3727 433 3803 Populus
455 3727 566 3784 iniussu
594 3737 622 3784 et
649 3726 740 3784 altero
763 3725 809 3784 die
836 3725 972 3800 frequens
999 3726 1033 3782 iit
1054 3698 1261 3803 supplicemur:

219 3834 314 3892 etheo
334 3851 412 3909 vege
433 3831 641 3908 popularisque
661 3829 957 3908 supplicetio‘etudiis
978 3851 1070 3908 prope
1091 3832 1262 3890 celebratior

219 3933 270 3994 fuit.
313 3938 452 3997 Consules
475 3957 511 3995 ex
534 3939 694 4014 composito
709 3939 809 3996 eodem
832 3938 921 3995 biduo
940 3939 978 3996 od
998 3940 1098 3996 urbem
1114 3935 1291 3996 accessere6

220 4053 390 4120 senatumque
411 4046 442 4103 in
467 4041 635 4122 [Martium]
658 4062 790 4120 campum
821 4063 991 4104 evocavere.
1033 4044 1093 4104 Ubi
1115 4063 1203 4118 quum
1225 4044 1261 4100 de

220 4148 292 4206 rebus
312 4153 348 4208 eb
370 4171 402 4209 se
422 4151 512 4226 gestis
534 4159 667 4226 egerent,
689 4150 781 4224 questi
804 4150 945 4226 primores
968 4159 1099 4226 petrum,
1128 4157 1259 4206 senatum

221 4248 281 4310 iuter
301 4257 401 4314 milites
423 4257 521 4314 dedita
542 4273 633 4332 opera
654 4255 772 4313 terroris
795 4273 886 4312 ceuee
913 4256 1022 4314 haberi.
1068 4257 1173 4330 ltaque
1193 4251 1289 4310 indei

223 4361 350 4435 eonsules,
371 4383 407 4421 ue
429 4342 621 4422 criminationi
649 4363 729 4420 loeus
752 4373 835 4427 esset,
865 4362 894 4418 in
923 4372 1009 4436 prete
1035 4360 1196 4445 Fleminim
1210 4360 1261 4416 ubi
