3392 5084
532 507 611 558 liber
625 505 676 554 111.
712 507 759 566 (Δ.
778 504 825 554 Cb.
836 505 911 569 tut.)
1154 508 1210 566 129

213 713 299 768 agrurn
317 695 481 751 Romanum
501 693 593 750 misse
619 692 778 766 urbemque
797 690 910 766 ipsam,
934 690 959 746 si
981 709 1039 766 que
1059 690 1177 750 ionnna
1199 693 1252 751 dn·

213 811 260 869 ret,
284 801 459 860 tentendtm.
526 799 561 858 L.
589 797 726 856 Valerius
758 797 797 854 ad
829 796 994 872 presidium
1020 798 1100 855 urbis
1127 799 1282 870 relictus,3

212 906 295 962 consul
327 905 496 963 Postumius
533 905 571 961 nd
602 903 743 961 creandus
773 901 976 978 populationes
1006 903 1105 962 finium
1141 905 1252 965 missus.

213 1012 278 1068 Nihil
304 1011 457 1068 reurissum
488 1011 526 1067 ab
554 1009 616 1066 ulla
645 1019 731 1085 parte
756 1027 832 1066 cure
856 1017 906 1066 eut
933 1007 1060 1080 laborie3
1096 1009 1201 1084 vigilia
1221 1011 1283 1068 inl

212 1119 275 1188 urbe,
294 1118 434 1176 stationes
455 1124 523 1173 anta
545 1125 646 1192 portes
666 1114 858 1191 presidioque
878 1113 908 1171 in
934 1114 1022 1172 muris
1044 1114 1193 1191 disposite,
1215 1125 1252 1187 et,

212 1225 275 1298 quod
294 1241 412 1281 necesse
432 1231 495 1279 erat
515 1222 545 1278 in
565 1231 649 1278 tauto
670 1219 808 1289 tumultu,
828 1219 967 1276 iustitium
988 1237 1040 1294 per
1061 1220 1171 1296 aliquot
1191 1223 1253 1282 dies

212 1339 350 1386 servatum.
408 1329 528 1386 Interim
565 1328 595 1384 in
630 1326 733 1383 cestris
760 1325 865 1382 Furius
892 1325 1006 1396 consul,
1045 1344 1131 1401 quum
1160 1328 1284 1403 prirn05

211 1435 309 1507 quietus
326 1418 507 1492 obsidionem
526 1451 631 1508 passus
645 1441 729 1502 esset,
749 1432 780 1488 in
790 1431 946 1520 inceutqm'
958 1433 1070 1489 hortem
1095 1432 1255 1492 decumana

210 1550 283 1613 porta
302 1541 405 1616 erupit,
427 1551 465 1610 et,
487 1559 576 1614 quum
599 1539 734 1614 persequi
753 1547 862 1614 posset,
884 1547 961 1594 metu
982 1537 1117 1610 substitit,
1138 1557 1175 1596 ne
1196 1557 1255 1614 que

212 1665 240 1702 ex
256 1657 337 1722 parte
357 1647 452 1704 altere
473 1646 503 1702 in
525 1656 623 1703 cestra
645 1643 691 1701 vis
710 1646 800 1700 fieret
853 1643 974 1700 Furium
1000 1643 1127 1718 legatum
1151 1643 1285 1718 (lramrli

211 1752 273 1809 idam
296 1752 421 1810 consulis
442 1751 518 1824 erat)
538 1750 652 1825 longius
675 1749 780 1808 extulit
798 1767 915 1819 cursus3
941 1767 995 1806 nee
1015 1767 1084 1806 suos
1103 1749 1152 1807 ille
1172 1752 1254 1810 rede·

211 1868 280 1916 untes
299 1856 493 1934 persequendi
514 1856 611 1913 studio
630 1875 725 1932 neque
742 1855 867 1912 hostium
890 1856 927 1912 ab
951 1864 1032 1930 tergo
1053 1857 1198 1914 incursum
1210 1857 1254 1914 vi·

211 1962 252 2024 dit.
289 1965 336 2020 lta
358 1963 509 2033 exclusus,
540 1961 638 2020 multis
667 1981 745 2038 nepe
772 1961 882 2018 frustra
911 1962 1061 2020 conatibus
1083 1963 1190 2038 captis,
1223 1973 1255 2022 ut

211 2069 275 2126 viem
295 2069 350 2126 sibi
372 2069 409 2125 ad
434 2079 532 2126 eastre
550 2068 669 2139 laceret,
691 2068 796 2126 acriter
815 2066 957 2123 dimicans
978 2067 1088 2128 cecidit.
1135 2069 1174 2126 Et
1187 2074 1284 2128 con-i

212 2175 248 2230 sul
264 2173 363 2231 nuntio
384 2175 572 2232 circumventi
593 2174 692 2232 fratris
715 2190 872 2232 conversus
904 2173 941 2229 ud
963 2191 1106 2247 pugnem,
1135 2174 1202 2232 dum
1225 2193 1257 2243 se
1306 2221 1309 2230 ,

211 2255 311 2337 temere
324 2281 419 2356 magis
441 2299 529 2356 quam
551 2281 622 2338 satis
644 2290 727 2338 caute
750 2281 782 2337 in
795 2277 920 2337 mediam
934 2278 1147 2336 dimicationem
1162 2279 1257 2352 infert,

213 2386 316 2444 vnlnere
346 2394 468 2461 accepto
497 2403 573 2461 egre
595 2387 635 2444 ab
663 2384 913 2444 circumstantibus
942 2393 1056 2460 ereptus
1082 2393 1112 2442 et
1138 2403 1257 2443 suorum

213 2491 310 2548 animos
326 2491 457 2548 turbavit
483 2500 512 2548 et
532 2491 689 2551 ferociores
710 2492 809 2548 hostes
828 2489 911 2560 feeit3
950 2491 999 2565 qui
1020 2491 1097 2548 cede
1117 2492 1206 2580 legenti
1228 2494 1286 2552 etb

213 2598 322 2654 cumulis
342 2597 463 2654 vulnere
484 2599 600 2655 accensi
620 2597 700 2654 nulla
718 2597 822 2653 deinde
842 2595 1017 2654 visustineri
1037 2607 1166 2672 potuere,
1183 2599 1256 2674 'quin

215 2704 337 2778 compulsi
361 2703 393 2760 in
414 2711 512 2760 castre
538 2702 664 2762 Romani
690 2719 790 2758 rursus
815 2682 1018 2760 obsiderentur
1041 2722 1095 2762 neo
1120 2723 1171 2781 spe
1203 2723 1257 2764 nec

217 2808 307 2867 viribus
331 2826 428 2886 pares.
485 2808 679 2882 Venissetque
704 2807 734 2864 in
765 2806 924 2883 periculum
951 2827 1065 2866 summa
1090 2829 1201 2882 rerum,
1227 2811 1257 2868 ni

219 2912 248 2968 T.
270 2915 415 2988 Quinctius
443 2915 603 2990 peregrinis
638 2913 743 2988 copiis,
770 2911 876 2970 Latino
905 2913 1090 2988 Hernicoque
1121 2917 1257 2988 exercitu,

216 3019 387 3078 subvenisset.
429 3021 462 3090 Is
487 3021 615 3078 intentos
643 3019 674 3076 in
695 3026 793 3076 cestra
812 3012 948 3076 Romana
970 3021 1087 3094 AEquos
1113 3019 1288 3097 legatique9
1352 2999 1353 3005 ἵ

216 3135 290 3198 ceput
306 3125 442 3183 ferociter
462 3132 641 3182 ostentantes
662 3125 803 3198 ubtergo
824 3124 959 3194 adortus,
981 3125 1066 3183 simul
1087 3127 1125 3184 ad
1145 3127 1259 3202 signum

218 3247 276 3286 ase
294 3232 395 3306 procul
416 3231 523 3289 editum
551 3251 589 3288 ex
617 3231 719 3288 castris
742 3230 893 3305 eruptione
917 3229 1010 3301 iacta,
1040 3251 1176 3308 magnam
1198 3234 1257 3290 vim

217 3336 325 3396 hostium
347 3337 545 3397 circumvenit.
591 3337 690 3394 Minor
709 3336 818 3406 caedes,
849 3335 921 3411 fuge
953 3335 1072 3395 effusior
1091 3339 1258 3414 AEquorum
1274 3337 1310 3392 10

217 3439 241 3494 in
259 3462 324 3518 agro
343 3421 400 3503 fuit
420 3444 571 3514 Romano,
606 3443 636 3498 in
668 3459 742 3516 qnos
765 3441 880 3517 palatos
905 3443 1033 3519 praedam
1055 3453 1173 3518 agentes
1199 3445 1265 3503 Poe

218 3549 323 3608 stumins
342 3550 455 3624 aliquot
478 3548 568 3619 loeis,
603 3547 708 3622 quibus
734 3556 899 3623 opportune
918 3549 1096 3624 imposuerat
1116 3551 1259 3626 praesidia,

219 3649 339 3727 impetum
360 3655 450 3712 dedit.
496 3654 539 3711 Hi
553 3653 622 3728 vagi
643 3650 783 3730 dissipato
805 3655 920 3730 agmine
934 3653 1075 3730 fugientes
1102 3656 1133 3714 in
1153 3657 1260 3732 Quinc·¹

220 3755 278 3814 tium
299 3761 436 3820 victorem
464 3778 530 3817 cum
558 3761 659 3818 sencio
680 3760 798 3818 consule
816 3769 1008 3818 revertentem
1029 3761 1170 3838 incidere3
1199 3772 1260 3822 tum
1276 3761 1309 3816 ll

222 3865 360 3923 tmsularis
388 3865 534 3924 exercitus
555 3866 673 3942 egregia
692 3883 793 3942 pugna
818 3866 947 3924 consulis
966 3867 1086 3940 vulnus,
1122 3869 1212 3946 legati
1233 3877 1262 3928 et

222 3968 363 4030 cohortium
385 3973 464 4029 ultus
484 3980 529 4028 est
550 3973 666 4042 oedem.
708 3972 825 4045 Magnae
844 3971 941 4030 clades
956 3973 1032 4031 ultro
1054 3975 1184 4050 citroque
1204 3975 1260 4033 illis

223 4071 306 4134 diebus
324 4088 353 4136 et
372 4078 462 4136 illatae
482 4087 512 4135 et
532 4087 667 4153 scoeptae.
708 4075 837 4135 Difficile
859 4078 896 4134 ad
910 4079 995 4136 fidem
1019 4087 1062 4136 eet
1081 4081 1111 4138 in
1125 4089 1184 4137 tum
1208 4099 1260 4138 an·
1276 4079 1312 4134 m

223 4177 288 4252 tique
305 4204 354 4255 re,
386 4193 458 4260 quot
477 4185 672 4259 pugnaverint
690 4183 889 4253 ceciderintve,
913 4193 1017 4242 exacto
1039 4183 1186 4243 affirmare
1207 4205 1259 4243 nu-

224 4299 304 4358 mer03
339 4291 426 4348 audet
452 4300 551 4348 tumen
571 4291 680 4347 Antias
698 4288 835 4348 Valerius
859 4289 1010 4366 concipere
1033 4309 1177 4349 summas:
1199 4293 1260 4350 Rc·
1278 4290 1314 4346 ¹3

245 4403 298 4445 tirius
312 4421 334 4447 er
348 4422 387 4449 ree.
402 4410 503 4458 mvigii.
1031 4421 1045 4466 9
