3392 5084
547 560 627 611 utnon
644 562 679 615 v.
702 562 751 625 (Δ,
766 560 812 611 cn.
832 562 907 625 ooo.)
961 575 973 581 ·
1155 565 1216 624 tut
1296 541 1311 555 ’

208 744 288 810 stsles,
308 746 421 802 omissa
434 764 531 802 rerum
547 762 664 803 suerrum
678 761 757 816 cure,
780 764 845 820 quse
855 764 1006 803 sacrorum
1016 762 1114 804 secum
1129 746 1259 817 iereudu,

209 868 267 923 que,
286 850 355 923 quie
375 851 457 908 vires
479 850 519 907 ed
541 851 640 908 omnio
659 848 781 907 ferenda
802 850 931 921 deerent,
952 852 1259 926 relinqueudeessent,

208 954 397 1025 consultantes,
421 957 523 1031 quisve
545 976 580 1013 eu
600 956 683 1014 locus
703 955 782 1012 fideli
803 964 1007 1012 asserveturus
1027 956 1160 1014 custodie
1174 965 1259 1027 esset,

208 1061 328 1133 optimum
358 1062 473 1119 mount
502 1062 620 1119 condite
647 1061 678 1117 in
706 1061 820 1117 doliolis
848 1060 956 1119 secello
984 1062 1119 1136 proximo
1150 1062 1290 1120 aedibus8

206 1269 265 1325 iuter
283 1289 313 1327 se
334 1288 429 1327 onere
450 1272 559 1347 perlito
581 1271 758 1342 semitrio,
779 1271 847 1347 ‚que
868 1271 991 1330 sublicio
1011 1281 1101 1347 ponte
1122 1272 1203 1329 ducit
1221 1273 1260 1329 ed

206 1374 361 1435 Ianiculum.
427 1378 463 1435 ln
488 1396 523 1434 eo
556 1377 632 1435 clivo
666 1396 716 1435 ees
750 1395 838 1451 quum
867 1380 902 1435 L.
926 1378 1078 1447 Albinius,
1112 1377 1148 1433 de
1174 1373 1291 1453 plebei

206 1480 322 1540 Romarm
352 1483 462 1553 homo,
495 1484 711 1558 conspexisset,
728 1501 730 1509 ’
746 1482 878 1559 pleustro
911 1483 1063 1557 coniugem
1092 1501 1128 1540 cc
1153 1484 1260 1541 liberos

205 1586 295 1643 vehens
314 1588 398 1645 iuter
418 1598 543 1646 ceteram
566 1589 699 1658 turbem,
730 1606 795 1663 ques
815 1588 924 1645 inutilis
946 1589 1022 1646 bello
1043 1590 1117 1646 urbe
1138 1588 1261 1645 excede·

205 1692 258 1762 but,
288 1694 375 1751 selvo
407 1694 495 1751 etium
523 1704 585 1751 tum
618 1692 784 1750 discrimine
813 1692 976 1750 divinarum
1010 1694 1260 1768 humeperumque
1274 1693 1311 1748 10

204 1815 292 1869 remm,
313 1799 513 1874 irreligiosum
533 1808 632 1869 reuss,
654 1799 821 1857 sacerdotes
842 1799 975 1873 publicus
995 1817 1138 1874 sectaque
1159 1779 1261 1876 populi

204 1902 312 1961 Routsui
334 1904 463 1980 pedibus
486 1905 529 1962 ire
549 1904 692 1978 ferrique,
714 1906 747 1960 se'
768 1923 804 1962 ec
825 1921 895 1960 suos
916 1904 946 1960 in
966 1904 1101 1962 vehiculo
1122 1905 1261 1981 conspici,

203 2007 363 2067 descendere
400 2028 522 2066 uxorem
556 2028 592 2067 ec
623 2024 730 2084 pucros
763 2008 861 2076 iussit,
896 2008 1024 2084 virgines
1056 2026 1199 2083 secusque
1229 2008 1261 2066 in

203 2112 348 2186 plaustrum
371 2113 513 2189 imposuit
535 2122 565 2171 et
586 2112 684 2183 Cure,
715 2122 772 2188 quo
791 2114 847 2170 iter
868 2115 1070 2172 sacerdotibus
1091 2122 1170 2184 erut,
1193 2132 1259 2190 per·

203 2220 276 2275 vexit

270 2328 375 2384 Romae
395 2322 530 2384 interim.
560 2321 631 2379 satis
649 2322 709 2379 iem
731 2322 867 2381 omuibus
887 2332 921 2380 ut
939 2323 970 2379 in
990 2323 1097 2381 telire
1118 2323 1155 2379 od
1177 2331 1260 2380 tuen·
1315 2318 1355 2388 41

203 2430 256 2487 dem
277 2450 382 2489 urcem·
410 2426 597 2503 compositis,
624 2428 710 2485 turbu
739 2427 885 2485 seniorum
915 2428 1020 2485 domos
1046 2446 1181 2505 regressa
1208 2424 1261 2485 ud·

202 2546 303 2593 sentum
339 2534 473 2593 hostium
510 2534 657 2591 obstinato
694 2532 732 2588 od
768 2542 892 2590 mortem
925 2534 1022 2592 animo
1062 2535 1261 2611 exspectabat
1299 2594 1305 2606 .

203 2638 248 2711 Qui
282 2660 387 2697 eorum
426 2639 545 2698 curules
574 2647 726 2714 gesseruut
749 2638 969 2713 magistratus,
1006 2651 1039 2697 ut
1073 2641 1103 2697 iu
1137 2639 1291 2699 touunet

202 2746 312 2818 pristinos
343 2747 552 2819 honorumque
582 2753 634 2801 eut
653 2742 768 2800 virtutis
788 2743 951 2819 insignibus
972 2754 1169 2815 morerentur,
1197 2761 1263 2818 quoe

202 2850 400 2924 augustissime
419 2850 509 2907 vestis
532 2858 575 2907 est
597 2858 695 2905 tenses
717 2849 887 2906 ducentibus
905 2851 1204 2926 triumphantibusve,
1226 2867 1264 2908 ee

202 2957 282 3013 vestiti
295 2955 398 3013 medio
420 2954 524 3011 aedium
548 2955 681 3011 eburneis
693 2954 771 3011 sellis
785 2954 896 3013 sedere.
941 2956 1024 3027 Sunt,
1046 2956 1096 3031 qui
1111 2958 1153 3013 M.
1165 2956 1292 3015 Fabios

202 3060 321 3131 pontifice
344 3058 481 3117 maximo
500 3068 649 3135 praeeunte
671 3078 788 3117 carmen
810 3061 964 3119 devovisse
984 3080 1082 3120 eosse
1095 3081 1150 3137 pro
1164 3062 1263 3137 patrie

202 3162 411 3240 Quiritibusque
439 3165 583 3224 Romanis
612 3166 739 3223 trudent.
795 3165 893 3236 Gelli,
930 3177 961 3224 et
991 3168 1063 3241 quie
1087 3166 1293 3244 interpositul

201 3278 271 3329 nocte
297 3292 316 3329 e
344 3271 534 3329 eontentione
552 3288 660 3346 pugnes
680 3265 853 3336 remiserunt
873 3272 986 3329 enimes
1008 3281 1038 3328 et
1058 3270 1138 3345 quod
1158 3270 1261 3327 necin
1302 3306 1306 3315 -

201 3376 251 3432 acio
272 3375 395 3451 ancipiti
417 3392 541 3448 usquam
564 3384 749 3433 cenaverunt
769 3377 873 3451 proelio
902 3396 956 3435 neo
981 3387 1042 3434 tum
1068 3351 1180 3451 impetu
1210 3384 1262 3431 out

203 3480 225 3535 vi
242 3481 398 3557 cupiebant
416 3481 543 3550 urbem,
569 3480 634 3537 siue
652 3482 715 3551 ire,
741 3478 804 3538 sine
826 3484 933 3539 ardore
954 3482 1116 3539 animorum
1136 3481 1262 3556 ingressi

203 3596 303 3657 postero
326 3588 376 3645 die
399 3588 503 3643 urbem
523 3584 768 3661 petenteColliue
787 3596 891 3661 porte,
912 3588 941 3643 in
961 3586 1058 3643 forum
1080 3586 1261 3661 perveniunt,

203 3688 425 3749 circumferentes
459 3691 560 3749 oculos
588 3692 628 3748 ed
654 3692 765 3766 temple
787 3692 874 3748 deum
903 3710 1058 3767 arcemque
1078 3692 1172 3776 solum
1193 3691 1263 3748 belli

202 3798 311 3868 speciem
336 3800 496 3855 tenentem.
539 3797 629 3870 Inde,
650 3797 766 3855 modico
787 3797 889 3855 relicto
910 3796 1063 3872 presidio,
1084 3814 1122 3853 ue
1145 3797 1211 3871 quis
1230 3795 1293 3853 inb

203 3898 344 3977 dissipatos
373 3920 413 3959 ex
443 3918 518 3959 ercev
540 3904 592 3959 eut
617 3902 767 3978 Capitolio
796 3904 923 3977 impetus
955 3905 1054 3972 fieret,
1085 3901 1191 3976 dilapsi
1223 3901 1263 3958 ed

203 4008 314 4077 predum
336 4008 442 4066 vacuis
463 4026 586 4067 occursu
607 4008 757 4065 hominum
778 4007 851 4077 viis,
879 4026 949 4084 pers
968 4008 999 4064 in
1021 4007 1158 4083 proximu
1181 4024 1262 4081 quoe·

203 4126 249 4181 que
268 4122 414 4171 tectorum
439 4112 557 4188 agmine
577 4121 674 4182 ruunt,
696 4130 766 4188 pers
780 4112 899 4183 ultime,
918 4112 1000 4170 velut
1019 4130 1057 4170 ee
1077 4112 1193 4169 demum
1214 4112 1286 4168 inu'

203 4219 269 4274 tuctu
288 4224 318 4275 et
338 4217 452 4275 referte
475 4218 584 4294 praedu,
595 4226 729 4292 petente
738 4218 812 4275 iude
824 4236 925 4275 rursus
939 4218 1006 4293 ipse
1018 4216 1175 4275 solitudine
1194 4217 1261 4274 ebs·
1274 4218 1293 4273 6

203 4321 298 4393 uniti,
330 4344 369 4381 ne
400 4342 461 4399 quu
488 4322 571 4381 fraus
591 4322 705 4380 hostilis
731 4339 825 4397 vegos
853 4323 1016 4398 exciperet,
1046 4321 1077 4378 in
1103 4320 1199 4379 iorum
1227 4338 1263 4377 ec
