3392 5084
683 542 762 597 tiber
778 542 800 591 1.
1196 544 1234 597 55

231 728 317 785 lectum
336 728 372 784 ad
393 742 496 784 omnes
517 699 639 781 conatus
658 725 793 795 videbat,
824 735 886 781 tum
916 742 953 781 ex
980 724 1039 781 suis
1067 742 1155 782 unum
1180 723 1277 781 scisci·

231 839 306 887 tatum
325 832 449 888 Romam
477 829 516 886 ad
541 838 654 904 patrem
682 829 785 900 mittis,
825 829 964 904 quidnam
993 846 1024 885 se
1054 828 1152 887 facere
1181 828 1278 898 vellet,

231 936 456 1010 quandoquidem,
483 942 516 991 ut
538 934 638 991 omnia
658 952 733 991 uuus
754 934 861 994 Gabiis
882 943 991 1010 posset,
1013 934 1039 991 ei
1061 933 1101 992 dii
1122 933 1277 990 dedissent.

230 1040 292 1097 Huic
315 1040 428 1109 nuntio,
456 1038 541 1114 quia,
568 1040 670 1110 credo,
698 1039 794 1096 dubias
815 1039 884 1097 fidei
905 1040 1074 1109 videbatur,
1106 1037 1178 1095 nihil
1205 1043 1308 1099 voceb

229 1162 379 1219 responsum
407 1153 469 1213 est3
501 1163 555 1201 rex
581 1144 660 1202 velut
690 1143 935 1203 deliberabundus
963 1146 994 1202 in
1025 1146 1143 1201 hortum
1173 1142 1278 1199 tedium

229 1250 324 1320 transit,
350 1249 484 1323 sequenti
517 1249 619 1306 nuntio
650 1250 717 1319 tilii3
754 1227 1007 1307 ibi'inambulans
1034 1249 1138 1307 tacitus
1165 1266 1279 1304 summa

229 1372 389 1429 papaverum
425 1354 525 1429 capita
560 1354 666 1411 dicitur
697 1355 802 1412 baculo
838 1354 1009 1413 decessisse.
1066 1352 1307 1427 Interrogando'l

229 1460 465 1535 exspectandoque
491 1477 663 1535 responsum
692 1460 810 1518 nundus
841 1459 951 1531 fessus,
981 1469 1014 1517 ut
1040 1478 1072 1517 re
1098 1455 1278 1533 imperfecte,

228 1566 289 1621 redit
303 1564 430 1635 Gabios3
455 1583 532 1639 quae
552 1564 658 1623 dixerit
674 1565 738 1641 ipse
760 1584 883 1641 qumque
907 1564 1020 1634 viderit,
1043 1562 1146 1621 refert:
1169 1580 1220 1619 seu
1234 1562 1278 1619 ira

228 1689 269 1727 seu
279 1670 341 1727 odio
354 1688 406 1727 seu
419 1670 558 1745 snperbia
568 1670 656 1728 insita
667 1672 784 1746 iugenio
795 1671 905 1728 nullam
926 1688 991 1727 eum
1014 1688 1116 1727 vocem
1139 1667 1276 1755 emisisse.

228 1774 305 1831 Sexto
323 1775 388 1845 nbi,
419 1776 490 1849 quid
511 1776 599 1859 uellet
619 1794 726 1851 parens
757 1776 885 1851 quidque
907 1776 1076 1851 praeciperet
1097 1774 1192 1831 tacitis
1214 1777 1308 1834 aut-8

227 1880 344 1954 tegibus,
353 1880 457 1955 patuit,
467 1880 611 1955 primores
622 1881 749 1939 civitatis
762 1882 943 1941 criminando
956 1879 1029 1937 alios
1038 1878 1118 1956 apud
1129 1877 1278 1954 populum,

228 1985 288 2042 alim
314 2004 366 2043 sua
399 1986 479 2061 ipsos
507 1986 619 2045 invidia
645 1995 826 2061 opportunos
853 1985 1007 2043 interemit.
1059 1984 1144 2042 Multi
1170 1984 1278 2059 palam,

228 2088 339 2160 quidam,
358 2090 390 2146 in
412 2092 517 2165 quibus
534 2092 628 2149 minus
651 2091 785 2167 speciosa
805 2091 969 2149 criminatio
991 2097 1055 2147 arat
1069 2090 1177 2158 lutura,
1204 2088 1278 2145 clam

229 2192 362 2255 interfecti.
405 2196 507 2253 Potuit
530 2196 704 2271 quibusdam
725 2198 889 2255 volentibus
910 2198 992 2270 fuga,
1024 2203 1075 2253 aut
1096 2195 1126 2251 in
1147 2193 1310 2255 exsilium9

205 2324 213 2335 .
229 2298 277 2353 acti
294 2310 367 2370 sunt,
389 2301 613 2376 absentiumque
630 2304 709 2360 bona
720 2303 804 2360 iuxta
819 2311 908 2376 atque
922 2300 1161 2374 interemptorum
1176 2299 1281 2356 divisui

229 2401 304 2464 fuere.
344 2406 531 2499 Lprgitiones
556 2406 624 2463 inde
645 2407 820 2482 proedoeque3
849 2394 878 2463 et
905 2405 1056 2463 dulcedine
1076 2405 1184 2480 privati
1203 2422 1280 2462 com·
1297 2409 1333 2464 10

229 2509 295 2565 modi
313 2528 415 2567 sensus
436 2510 580 2567 malorum
601 2511 784 2585 publicorum
809 2512 913 2582 adimi,
946 2512 1039 2568 donec
1066 2511 1139 2568 orba
1161 2509 1281 2567 consilio

230 2614 380 2690 auxilioque
401 2615 523 2674 Gabina
542 2634 591 2673 res
614 2616 677 2690 regi
699 2616 836 2673 Romano
865 2617 927 2673 sine
958 2616 1019 2673 ulla
1046 2614 1230 2673 dimicatione
1251 2614 1281 2670 in

230 2737 330 2777 nanum
351 2722 485 2778 traditur.

299 2823 402 2883 Gabiis
423 2827 564 2900 receptis,
594 2826 772 2900 Tarquinius
794 2843 896 2900 pacem
919 2844 984 2884 cum
1006 2828 1173 2899 AEquorum
1196 2835 1281 2901 gente
1330 2822 1374 2891 55

230 2925 301 2999 fecit,
328 2928 432 2987 foedus
455 2950 520 2988 cum
542 2932 647 2988 Tuscis
668 2931 830 2988 renovavit.
875 2930 948 2987 Inde
971 2932 1008 2988 ad
1029 2932 1148 3007 negotia
1169 2935 1281 2990 urbana

231 3035 342 3091 annum
365 3036 523 3110 convertit3
556 3053 681 3110 quorum
712 3044 776 3092 erat
802 3036 947 3109 primum,
978 3045 1009 3092 ut
1032 3036 1113 3093 Iovis
1142 3037 1281 3111 templum

229 3137 253 3193 in
275 3144 368 3197 monte
396 3141 527 3215 Tarpeio
555 3149 773 3198 monumentum
798 3140 881 3215 regni
911 3142 955 3199 sui
982 3139 1163 3213 nominisque
1193 3140 1281 3196 relin-

229 3255 327 3315 queret:
353 3245 532 3319 Tarquinios
554 3262 638 3318 reges
659 3246 763 3302 ambos
783 3253 898 3319 patrem
919 3245 1046 3315 vovisse,
1072 3244 1162 3301 filium
1184 3243 1281 3319 perfe-

230 3350 297 3407 cisse.
338 3353 379 3409 Et
399 3362 433 3408 ut·
452 3351 547 3407 libera
568 3370 587 3407 a
608 3349 711 3407 ceteris
732 3350 920 3425 religionibus
941 3366 1011 3406 area
1027 3357 1102 3406 esset
1123 3358 1187 3406 tota
1200 3349 1311 3411 Iovis2

229 3456 370 3530 templique
391 3456 462 3526 eius,
486 3456 565 3529 quod
584 3454 816 3529 inradificaretnr,
838 3473 1021 3529 exaugurare
1033 3454 1105 3511 fana
1117 3454 1282 3530 sacellaque

230 3561 331 3632 statuit,
360 3580 426 3636 quse
447 3561 560 3634 aliquot
585 3560 625 3617 ibi
648 3578 667 3615 a
687 3560 776 3617 Tatio
797 3578 867 3634 rege
887 3560 1013 3635 primum
1042 3561 1071 3617 in
1095 3560 1160 3635 ipsc
1182 3561 1282 3619 discri-

231 3664 294 3722 mine
313 3668 453 3724 adversus
464 3665 623 3723 Romulum
645 3647 751 3741 pugnae
771 3674 850 3735 vota,
866 3674 1036 3723 consecrata
1050 3666 1283 3741 inaugurataque

230 3779 319 3842 postea
338 3771 464 3832 inerant.
511 3772 594 3827 Inter
613 3770 756 3845 principia
777 3769 921 3827 condendi
938 3771 1023 3828 huius
1046 3772 1142 3845 operis
1156 3772 1311 3833 movisses

231 3892 321 3932 numen
341 3876 379 3932 ad
402 3875 587 3932 indicandam
610 3875 684 3932 tanti
698 3875 813 3950 imperii
834 3876 941 3933 molem
963 3876 1086 3933 traditur
1104 3876 1192 3947 deos3
1213 3895 1281 3934 nam

234 3994 308 4049 quum
337 3979 467 4039 omnium
499 3980 672 4037 sacellorum
707 3980 953 4054 exaugurationes
986 3980 1170 4039 admitterent
1203 4000 1282 4054 aves,

234 4081 397 4144 in'lermini
426 4085 497 4144 fano
521 4104 581 4143 uon
602 4086 755 4154 addixera3
787 4084 877 4159 idque
899 4103 984 4143 omen
1007 4086 1219 4161 auguriumque
1240 4088 1314 4149 itae

236 4200 366 4266 scapum
387 4201 441 4263 est,
462 4210 522 4248 nou
543 4198 653 4248 motam
678 4189 810 4247 Termini
831 4188 932 4246 sedem
954 4208 1101 4265 unumque
1125 4210 1191 4249 eum
1212 4194 1281 4251 deo·

238 4310 288 4351 run
306 4316 359 4355 non
381 4307 535 4356 evocatum
557 4296 679 4354 sacratis
699 4295 755 4351 sibi
775 4294 881 4353 finibus
900 4294 985 4351 firma
995 4294 1169 4370 stabiliaque
1180 4306 1284 4356 cuncta
