3392 5084
467 512 504 569 24
762 509 905 560 Liber-Vl
942 510 990 574 (Δ.
1001 525 1058 562 u.e.
1069 514 1141 572 ³7³.)

424 695 511 765 mani,
531 694 716 771 pertinaciter
729 714 749 753 e
767 694 877 753 colonis
897 692 1054 767 defensant
1076 697 1105 753 ri
1125 704 1331 773 expugnarunt
1350 694 1488 771 ferique

424 802 454 861 in
475 800 567 878 captis
590 819 743 859 exercuere
763 800 924 860 victoriam.

393 910 410 965 5
504 907 579 965 Eam
613 926 674 965 rem
713 925 790 983 agre
829 906 910 983 passi
942 906 1067 964 Romam
1097 907 1139 965 M.
1171 907 1295 965 Furium
1327 908 1488 967 Camillum

254 1026 316 1075 Am.
324 1038 344 1074 e.
353 1025 411 1073 ala.
423 1020 535 1071 sextum
567 1012 712 1071 tribunum
748 1014 870 1072 militum
901 1030 1045 1073 creavere.
1109 1013 1212 1071 Additi
1244 1015 1370 1091 collegae
1396 1017 1438 1074 A.
1459 1030 1488 1071 et-

249 1094 285 1149 Δ·
298 1094 410 1144 cmm·
423 1121 458 1181 L.
488 1118 631 1177 Postumii
661 1119 840 1197 Regillenses
872 1136 908 1176 ae
932 1118 967 1175 1.
997 1119 1104 1177 Furius
1132 1137 1197 1176 oum
1225 1120 1260 1178 L.
1289 1120 1433 1178 Lucretio
1461 1130 1487 1177 et

392 1225 745 1288 ultramarinum.
787 1225 927 1283 Volscum
949 1224 1055 1281 bellum
1077 1225 1118 1282 M.
1131 1226 1222 1283 Furio
1244 1235 1331 1283 extra
1354 1228 1484 1285 ordinem

422 1334 581 1401 decretum3
603 1332 719 1389 adiutor
739 1349 775 1389 ex
798 1330 920 1389 tribunis
941 1338 1019 1387 sorte
1040 1331 1075 1388 L.
1094 1330 1201 1389 Furius
1222 1332 1320 1404 datur,
1343 1352 1407 1391 non
1428 1342 1483 1389 tem

422 1458 438 1495 e
458 1456 490 1495 ee
510 1436 635 1512 publica,
657 1454 745 1510 quam
766 1444 799 1493 ut
819 1435 937 1511 college
958 1436 1080 1494 materia
1091 1438 1129 1493 ed
1140 1456 1256 1495 omnem
1267 1438 1391 1496 laudem
1402 1448 1483 1507 esset,

422 1552 451 1601 et
473 1542 601 1619 publice,
636 1542 713 1616 quod
734 1560 795 1599 rem
822 1542 984 1599 temeritate
1010 1543 1073 1600 eins
1092 1543 1262 1620 prolapsam
1283 1546 1430 1617 restituit,
1459 1556 1484 1603 et

421 1648 566 1725 privatim,
591 1648 670 1722 quod
690 1666 728 1705 ex
747 1665 845 1704 errore
868 1647 994 1723 gretiam
1017 1649 1114 1724 potius
1134 1648 1196 1705 eius
1217 1650 1273 1707 sibi
1291 1670 1387 1726 quarn
1401 1670 1484 1709 suam

392 1754 542 1831 'lgloriam
564 1753 654 1829 petiit.
700 1752 821 1811 Exacta
842 1752 902 1809 iam
922 1754 1017 1811 etatis
1039 1752 1177 1812 Camillus
1200 1766 1274 1824 erat,
1300 1758 1484 1832 comitiisque

420 1861 516 1917 iurare
533 1866 636 1936 pareto
663 1860 694 1917 in
722 1859 813 1917 verba
843 1858 1016 1916 excusantle
1036 1858 1193 1917 valetudini
1214 1863 1303 1919 solita
1323 1877 1484 1921 consensus

420 1962 521 2041 populi
549 1964 707 2035 restituam
748 1964 800 2023 aed
830 1972 963 2039 vegetum
994 1964 1140 2039 ingenium
1171 1966 1201 2023 in
1228 1968 1329 2025 vivido
1366 1977 1484 2044 pectore

304 2130 310 2135 ,
419 2069 551 2145 vigebat,
580 2070 750 2146 virebatque
770 2070 889 2146 integris
910 2071 1052 2141 sensibus,
1081 2080 1111 2128 et
1130 2072 1229 2131 civiles
1249 2073 1309 2131 iam
1331 2092 1384 2131 res
1405 2075 1484 2132 haud
1525 2141 1527 2148 Ι

361 2238 364 2254 ,
391 2180 596 2252 Smagnopere
624 2179 778 2236 obeuntem
808 2176 887 2234 bella
915 2176 1112 2247 excitabant„
1148 2178 1295 2251 Quattuor
1315 2180 1482 2255 legionibus
1525 2229 1526 2258 3

421 2293 591 2357 quaternum
612 2284 732 2342 millium
760 2283 891 2360 scriptis,
926 2282 1052 2340 exercitu
1081 2282 1189 2341 indicto
1220 2285 1259 2341 ad
1284 2293 1408 2359 portam
1429 2286 1483 2343 Es·
1525 2279 1526 2324 3

390 2390 558 2466 9quilinam
578 2390 607 2446 in
629 2398 775 2465 posteram
796 2388 887 2452 diem.
918 2389 957 2446 ed
977 2388 1121 2448 Satricum
1143 2388 1300 2463 proiectus.
1345 2390 1397 2447 Ibi
1419 2410 1482 2447 eum

420 2504 632 2573 expugnatores
654 2496 775 2552 coloniae
795 2495 1022 2570 haudquaquam
1041 2494 1181 2569 perculsi,
1211 2495 1333 2552 ridentes
1357 2496 1483 2553 militum

420 2620 549 2672 numero,
571 2620 629 2676 quo
642 2601 819 2676 aliquantum
832 2601 1018 2677 prestabant,
1041 2602 1272 2677 opperiebantur.
1315 2601 1480 2675 Postquam

420 2708 653 2785 appropinquare
682 2709 832 2766 Romanos
861 2714 1024 2776 senserunt,
1054 2708 1198 2782 extemplo
1228 2707 1259 2763 in
1287 2706 1384 2762 aciem
1412 2724 1481 2779 pro·

420 2813 532 2884 cedunt,
560 2811 631 2870 nihil
652 2813 777 2884 dilaturi,
807 2812 877 2887 quin
897 2811 1055 2887 periculum
1076 2830 1194 2869 summm
1214 2831 1313 2869 rerum
1334 2810 1480 2868 iacerent:

419 2919 461 2976 ite
490 2917 629 2993 paucitati
664 2919 789 2976 hostium
821 2916 893 2975 nihil
925 2925 1002 2974 artes
1034 2917 1215 2993 imperatoris
1244 2918 1339 2988 unici,
1376 2918 1478 2991 quibus

232 3035 238 3049 ·
327 3020 371 3090 23
420 3023 489 3081 solis
511 3022 694 3094 confiderent,
722 3022 889 3103 profuturas
913 3040 985 3081 esse.
1031 3023 1111 3080 Idem
1134 3024 1222 3081 ardor
1242 3033 1272 3080 et
1292 3023 1324 3079 in
1342 3024 1476 3080 Romeuo

421 3130 547 3189 exercitu
576 3138 640 3209 erat
665 3139 694 3187 et
722 3130 752 3187 in
782 3129 874 3187 altero
900 3129 987 3198 duce,
1019 3147 1073 3187 nee
1101 3130 1250 3203 praesentis
1284 3128 1477 3186 dimicationis

420 3235 565 3293 fortunam
587 3235 646 3293 ulla
666 3254 713 3294 res
734 3245 927 3311 preterquam
951 3234 1036 3291 unius
1056 3234 1111 3292 riri
1132 3233 1284 3291 consilium
1312 3242 1403 3307 etque
1424 3233 1475 3289 im·

420 3341 530 3419 perium
552 3343 729 3409 morabatur,
756 3339 806 3414 qui
828 3340 1009 3397 oecmionem
1031 3339 1220 3396 iuvandarum
1237 3339 1352 3395 ratione
1372 3340 1475 3395 virium

390 3447 560 3508 2trahendo
582 3445 658 3504 bello
680 3446 835 3520 quaerebat.
890 3445 935 3503 Eo
957 3446 1050 3520 magis
1078 3445 1169 3502 hostis
1190 3445 1315 3515 instare,
1342 3463 1397 3502 nee
1417 3445 1473 3500 iem

420 3571 473 3627 pro
496 3551 597 3608 caenis
615 3560 740 3608 tantum
770 3550 829 3607 suis
861 3550 1007 3626 explicare
1037 3549 1146 3619 aciem,
1178 3549 1229 3605 sed
1259 3550 1416 3626 proaedere
1445 3550 1473 3605 iu

421 3656 544 3713 medium
567 3656 662 3731 campi
689 3664 718 3712 et
738 3655 816 3712 vallo
838 3674 931 3731 prope
949 3657 1075 3713 hostium
1096 3655 1180 3730 signe
1199 3655 1350 3713 inferendo
1374 3674 1471 3729 super·

389 3762 486 3823 ibam
508 3761 641 3819 fiduciam
665 3746 768 3819 virium
791 3768 944 3818 ostentare.
986 3761 1021 3819 Id
1042 3780 1118 3837 aegre
1138 3760 1306 3835 patiebatur
1326 3763 1470 3819 Romanus

419 3868 510 3938 miles,
531 3866 621 3923 multo
642 3866 746 3943 agrius
768 3866 839 3924 alter
856 3884 892 3922 ex
907 3866 1028 3924 tribunis
1048 3867 1179 3933 militurn,
1202 3866 1238 3925 L.
1251 3866 1367 3935 Furius,
1388 3863 1468 3921 ferox

420 3992 507 4048 quum
523 3980 607 4030 {etate
625 3982 654 4029 et
665 3972 790 4049 ingenio,
812 3980 873 4029 tum
887 3971 1075 4030 multitudinis
1086 3991 1124 4029 ex
1135 3972 1326 4029 incertissimo
1337 3969 1467 4029 sumentis

389 4080 531 4139 lauimus
553 4096 604 4153 spe
626 4077 751 4135 inflatus.
784 4059 852 4134 *Hie
871 4096 924 4152 per
944 4076 1055 4134 seiam
1079 4077 1183 4135 milites
1204 4078 1339 4136 incitatos
1357 4076 1467 4148 insuper

418 4184 575 4259 instigabat
607 4182 765 4251 elevando,
807 4200 866 4257 que
897 4200 957 4239 una
987 4192 1119 4258 poterat,
1158 4193 1242 4241 atate
1274 4181 1465 4241 auctoritatem

419 4292 552 4365 college,
585 4285 736 4343 iuvenibus
768 4285 845 4343 bella
875 4286 944 4344 date
974 4288 1121 4355 dictitans,
1153 4298 1182 4345 et
1195 4350 1200 4375 1
1214 4306 1279 4345 eum
1306 4283 1464 4362 corporibus
