3392 5084
475 541 535 598 230
716 539 795 589 Liber
812 537 862 586 1v.
897 538 944 603 (Δ.
963 554 988 588 u.
1007 553 1030 588 c.
1050 539 1210 605 3³0—8et.)

402 721 555 792 dodisset,
584 729 701 797 stupens
728 723 758 779 in
786 729 895 780 aemrno
922 740 955 780 se
982 723 1049 799 ipsa
1078 731 1190 780 teneret
1219 724 1359 796 servitio,
1388 733 1417 783 et
1442 745 1490 782 non

433 827 579 885 modoad
601 845 681 904 spem
705 827 872 887 consulatus
892 829 922 885 in
948 837 1062 904 partem
1091 831 1260 912 revocandi
1279 830 1418 906 aspirare
1442 849 1491 888 nou
1519 866 1521 875 =

433 933 566 1005 auderet,
599 935 651 992 sed
682 955 719 993 ne
745 935 776 993 in
800 934 923 993 tribunis
953 934 1068 1009 quidem
1100 935 1223 993 militum
1256 935 1410 1007 creandis,
1438 954 1491 1010 qua

390 1084 398 1092 ,
433 1040 598 1097 communia
621 1051 716 1100 esseut
745 1040 863 1100 comitia
883 1047 1000 1115 patrum
1023 1059 1058 1098 ac
1077 1040 1186 1117 plebis,
1215 1050 1267 1099 aut
1293 1040 1342 1097 sui
1364 1049 1417 1098 aut
1435 1059 1491 1096 sno
1519 1080 1521 1085 -

404 1149 497 1203 7rum
519 1145 704 1211 meminisset,
751 1145 907 1204 Desineret
927 1164 998 1220 ergo
1020 1144 1135 1215 mirari,
1166 1163 1218 1203 cur
1245 1164 1333 1204 nemo
1357 1147 1405 1216 ⁸dc
1424 1164 1491 1204 con-

432 1251 526 1308 modis
548 1251 641 1328 plebis
665 1261 778 1328 agerem
808 1271 842 1310 eo
864 1251 992 1326 impendi
1013 1250 1145 1308 laborem
1166 1271 1203 1308 ac
1222 1248 1399 1328 periculum,
1426 1252 1491 1308 unde

432 1357 657 1415 emolumentum
691 1366 779 1433 atque
809 1358 904 1415 honos
932 1365 1077 1432 speretur3
1113 1355 1187 1413 nibil
1216 1375 1276 1414 non
1309 1375 1489 1434 aggressuros
1519 1332 1521 1389 ἶ

402 1463 579 1542 bhomines,
602 1463 627 1521 si
655 1482 763 1538 magna
793 1462 905 1520 conatis
935 1479 1043 1537 magna
1072 1461 1194 1536 prumia
1218 1472 1439 1539 proponentur;
1466 1470 1490 1518 nt
1519 1462 1521 1517 ζ

433 1569 550 1644 quidem
572 1569 677 1645 aliquis
704 1569 835 1627 tribunus
864 1568 958 1644 plebis
977 1575 1046 1625 ruat
1067 1585 1159 1626 caecus
1180 1567 1212 1624 in
1240 1569 1408 1626 certamina
1426 1567 1489 1645 peri·
1519 1554 1521 1617 ἶ

432 1675 497 1732 culo
519 1674 638 1748 ingenti,
660 1673 755 1732 fructu
776 1673 866 1747 nullo,
888 1693 926 1731 cx
948 1674 1053 1748 quibus
1073 1691 1129 1748 pro
1150 1683 1229 1732 certo
1250 1675 1374 1746 habeat,
1395 1683 1489 1750 patres,

432 1779 573 1836 adversus
607 1798 680 1854 quos
711 1781 878 1852 tetenderit,
911 1779 988 1836 bello
1020 1779 1190 1856 inexpiabili
1222 1798 1255 1838 se
1283 1788 1490 1856 persecuturos,

432 1883 511 1959 apud
538 1886 666 1960 plebem,
693 1907 750 1962 pro
781 1906 839 1963 qua
868 1887 1062 1956 dimicaverit,
1096 1886 1186 1945 nihilo
1215 1906 1248 1945 se
1278 1885 1489 1943 honoratiorem

400 1988 510 2061 afore,
542 2010 636 2066 neque
668 1993 843 2069 sperandum
875 2010 969 2067 neque
1002 1990 1208 2067 postulandum
1242 2010 1318 2052 esse.
1374 1991 1490 2064 Magnos

431 2096 544 2154 animos
571 2097 682 2174 magnis
710 2097 870 2156 honoribus
891 2097 962 2156 fieri.
1008 2095 1163 2155 Neminem
1193 2115 1226 2154 se
1253 2096 1403 2172 plebeium
1432 2112 1490 2151 con·

430 2209 622 2278 tempturum,
652 2203 702 2260 ubi
723 2204 868 2262 contemni
889 2203 1038 2260 desissent
1083 2201 1304 2278 Experiundum
1333 2221 1398 2258 rem
1420 2198 1490 2256 deui-

431 2324 487 2381 que
519 2307 549 2364 in
582 2327 640 2364 uno
673 2317 724 2366 eut
755 2309 848 2367 altero
884 2327 960 2380 esse,
996 2310 1069 2366 sitne
1097 2307 1188 2382 aliqui
1218 2306 1350 2382 plebeius
1380 2305 1489 2364 ferendo

429 2430 538 2488 magno
559 2412 674 2484 honori,
697 2432 733 2470 an
755 2422 891 2488 portento
910 2414 1003 2472 simile
1030 2413 1230 2487 miraculoque
1251 2413 1304 2483 sit,
1333 2410 1440 2469 sertem
1462 2425 1490 2464 ac

380 2516 416 2571 10
430 2526 578 2574 strenuum
609 2519 712 2574 virum·
726 2516 851 2594 aliquem
879 2520 1019 2586 exsistere
1048 2526 1143 2575 ortum
1173 2538 1210 2576 ex
1230 2519 1325 2594 plebe.
1379 2515 1489 2576 Summa

429 2621 459 2677 vi
481 2630 679 2696 expugnatum
703 2642 782 2696 esse,
804 2633 836 2682 ut
857 2625 965 2681 tribuni
985 2624 1107 2681 militum
1134 2623 1280 2681 consulari
1301 2630 1448 2697 potestate
1466 2626 1489 2674 et
1519 2580 1521 2659 i

430 2726 573 2802 explebe
595 2738 770 2791 crearentur.
814 2730 928 2788 Petisse
947 2729 1026 2786 viros
1048 2729 1128 2787 domi
1149 2729 1316 2803 militiaque
1336 2733 1489 2802 spectatast
1519 2664 1521 2817 i

429 2831 530 2909 primis
554 2832 636 2890 annis
658 2835 840 2912 suggillatos,
862 2834 994 2910 repulsos
1014 2836 1086 2893 risui
1106 2835 1239 2910 patribus
1259 2832 1367 2903 inisse3
1389 2830 1490 2888 desisse
1519 2820 1521 2829 '

380 2938 413 2993 ll
429 2934 577 3013 postremo
606 2942 736 3014 praebere
768 2941 805 2997 ad
835 2939 1040 2998 contumeliam
1071 2955 1114 2996 os.
1162 2937 1226 2995 Nec
1248 2955 1281 2994 se
1299 2937 1416 3005 videre,
1443 2952 1490 2992 cur
1519 2970 1521 2977 =

428 3060 488 3100 non
508 3044 557 3102 lex
579 3064 697 3120 quoque
719 3047 885 3122 abrogetur,
917 3046 1026 3120 quaid
1046 3045 1142 3111 liceat,
1175 3043 1254 3117 quod
1275 3058 1423 3114 nunquam
1446 3039 1488 3096 iu·

428 3159 523 3208 turum
546 3151 597 3220 sit;
621 3129 762 3206 minorem
795 3150 903 3226 quippe
932 3152 1069 3207 ruborem
1098 3147 1165 3206 fore
1189 3149 1220 3204 in
1240 3147 1312 3204 iuris
1334 3145 1489 3222 iniquitate,

333 3244 379 3313 36
429 3273 516 3330 quam
539 3255 564 3311 si
585 3273 638 3330 per
658 3253 859 3330 indignitatem
879 3255 1010 3330 ipsorum
1031 3235 1246 3329 praetereantur.
1290 3252 1388 3309 Huius
1408 3269 1489 3326 gene-

428 3359 467 3416 ris
490 3359 637 3415 orationes
668 3377 732 3416 cum
764 3361 885 3418 assensu
907 3359 1013 3416 auditae
1034 3357 1193 3415 incitavere
1216 3357 1361 3432 quosdam
1384 3357 1420 3414 ad
1441 3376 1488 3431 pe-
1519 3386 1521 3451 Ι

427 3463 545 3520 tendum
574 3464 752 3522 tribunatum
786 3465 917 3536 militum,
946 3463 1034 3521 elium
1065 3463 1123 3520 alia
1154 3463 1191 3519 de
1219 3464 1382 3521 commodis
1402 3461 1488 3539 plebis

397 3568 553 3625 ilaturum
576 3585 607 3624 se
636 3569 666 3626 in
689 3571 861 3645 magistratu
883 3570 1075 3643 profitentem.
1118 3569 1194 3644 Agri
1217 3567 1328 3643 publici
1348 3565 1487 3626 dividendi
1519 3646 1521 3651 Ι

320 3700 322 3704 ⁴
427 3671 666 3747 coloniarumque
690 3674 924 3732 deducendarum
946 3681 1097 3731 ostentatas
1117 3692 1184 3749 spes
1206 3683 1244 3744 et,
1265 3673 1404 3748 vectigali
1424 3690 1486 3746 pos·
1519 3686 1521 3697 ·

427 3777 588 3835 sessoribus
611 3798 749 3856 agrorm
771 3779 919 3854 imposito,
947 3779 977 3835 in
1006 3779 1179 3854 stipendium
1202 3778 1325 3835 militum
1354 3773 1488 3853 erogandi

397 3877 501 3938 deeris.
545 3877 703 3956 Captatum
726 3883 830 3941 deinde
851 3892 964 3959 tempus
986 3881 1025 3940 ab
1046 3883 1169 3942 tribunis
1193 3883 1333 3955 militum,
1361 3902 1420 3959 quo
1438 3899 1488 3956 per
1519 3882 1521 3899 '

427 3985 584 4044 discessum
607 3988 757 4074 hominum
788 3988 826 4045 ab
848 3989 929 4058 urbe,
951 4005 1040 4063 quum
1061 3998 1161 4065 patres
1183 3989 1364 4047 clandestina
1384 3989 1487 4046 denun-

426 4091 546 4150 tiatione
577 4092 707 4150 revocati
736 4091 774 4149 ad
802 4091 878 4149 diem
900 4103 1010 4150 certam
1037 4105 1147 4165 essent,
1179 4102 1299 4151 senatus
1331 4092 1485 4152 consultum
1519 4162 1521 4177 Ι

395 4197 508 4255 tfieret
529 4197 696 4255 absentibus
718 4195 840 4254 tribunis
861 4197 948 4273 plebi,
968 4206 1011 4270 ut,
1035 4199 1172 4274 quoniam
1194 4198 1321 4257 Volscos
1342 4200 1372 4256 in
1386 4195 1484 4256 lierni·
1519 4234 1521 4237 -

426 4321 525 4360 comm
549 4319 636 4378 agros
658 4301 819 4378 praedatum
842 4303 937 4360 exisse
966 4303 1049 4380 fama
1070 4297 1161 4374 esset,
1190 4279 1312 4361 adrem
1340 4302 1484 4380 inspicien-
